2700 4792
335 369 573 425 CAPUT
615 368 1024 433 SECUNDUM.
1712 368 1927 426 VERS:
1974 381 2027 433 1.
2186 381 2293 456 111-

172 531 388 592 Verbo
423 536 594 590 sunt:
644 529 798 589 haec
835 529 976 588 dicit
1009 535 1222 588 tenens
1264 535 1499 605 septem
1545 529 1755 590 stellas
1800 533 1863 589 in
1908 532 2119 592 dextra
2152 549 2287 610 sua,

173 631 484 709 significat
529 649 568 690 a
607 629 740 706 Quo
796 646 1004 689 omnes
1055 631 1423 705 cognitiones
1470 629 1613 689 boni
1660 637 1721 688 et
1766 633 1896 690 veri
1932 639 2103 692 sunt:
2159 651 2293 694 am-

171 733 400 792 bulans
435 733 498 790 in
538 728 734 790 medio
773 737 1008 806 septem
1041 729 1551 788 candelabrorum
1592 747 1941 805 aureorum,
1998 734 2295 810 significat

174 853 216 892 a
253 831 392 908 Quo
441 834 568 890 vita
615 831 886 889 omnibus
932 832 994 887 in
1045 846 1200 888 novo
1243 828 1429 889 Coelo
1484 836 1545 890 et
1595 847 1757 888 nova
1790 831 2097 892 Ecclesia:
2152 837 2293 894 novi

175 949 372 1010 opera
413 939 546 1002 tua,
587 938 647 991 et
684 930 949 989 laborem
988 927 1187 1004 tu'urn,
1250 935 1310 988 et
1346 929 1721 988 tolerantiam
1760 937 1953 1007 tuam,
1994 933 2293 1008 significat

177 1034 384 1093 omnia
431 1049 586 1107 quae
630 1033 920 1106 cogitant,
985 1030 1223 1104 volunt,
1294 1036 1355 1087 et
1392 1031 1649 1105 faciunt,
1706 1025 1814 1088 itax
1841 1034 2039 1090 omnia
2073 1037 2293 1093 amoris

177 1140 240 1193 et
286 1132 432 1194 fidei
477 1135 540 1191 in
582 1130 882 1207 spirituali
925 1137 984 1188 et
1019 1129 1279 1187 naturali
1311 1129 1581 1190 homine:
1639 1137 1701 1189 et
1746 1130 2155 1206 exploraveris
2194 1134 2289 1193 di-

175 1239 392 1294 centes
428 1248 495 1292 se
524 1247 663 1292 esse
703 1230 1030 1306 apostolos,
1073 1236 1133 1286 et
1168 1247 1285 1287 non
1321 1238 1496 1300 sunt,
1538 1248 1608 1290 ac
1642 1233 1943 1298 inveneris
1984 1249 2086 1291 eos
2123 1250 2293 1292 men-

177 1333 402 1406 daceS,
457 1331 756 1408 significat
807 1332 986 1390 etiam
1043 1329 1198 1388 falsa
1241 1336 1529 1406 quantum
1584 1337 1843 1408 possunt
1882 1335 2176 1393 scrutari:
2233 1340 2294 1393 et

177 1435 556 1507 sustinuisti,
601 1437 660 1491 et
691 1432 1066 1490 tolerantiam
1103 1429 1328 1502 habeS‚
1371 1430 1667 1507 significat
1700 1434 2105 1491 resistentiam
2143 1450 2289 1494 con-

182 1540 288 1591 tra
316 1533 450 1591 illos
487 1535 585 1610 qui
619 1535 974 1608 impugnant
1007 1547 1154 1590 vera
1187 1529 1343 1604 fidei,
1386 1537 1446 1588 et
1472 1530 1887 1591 assiduitatem
1921 1533 2287 1594 instruendi:

181 1638 438 1709 propter
467 1633 695 1692 Nomen
731 1649 930 1690 meum
965 1630 1281 1700 laborasti,
1327 1631 1621 1706 significat
1656 1634 2015 1707 agnitionem
2044 1634 2291 1693 Domini

181 1739 248 1792 et
283 1735 681 1809 cognitionum
729 1734 858 1791 veri
907 1749 1062 1807 quae
1112 1736 1393 1806 spectant
1442 1731 1679 1806 Ipsum:
1734 1739 1795 1791 et
1840 1751 1959 1791 non
2000 1733 2292 1804 defecisti,

173 1833 478 1909 significat
513 1848 826 1908 quousque
867 1837 1222 1907 potuerunt:
1279 1831 1390 1889 sed
1432 1831 1626 1890 habeo
1664 1837 1957 1892 adversus
1997 1840 2076 1903 te,
2103 1833 2289 1912 'quod

173 1933 534 1992 charitatem
578 1939 739 1991 tuam
789 1933 1042 2007 primam
1082 1930 1429 2006 reliquerIS,
1488 1933 1783 2006 significat
1828 1934 1987 2008 quod
2034 1952 2155 1993 non
2196 1938 2293 1994 vi-

175 2040 336 2106 tam,
387 2034 582 2109 qualis
623 2032 740 2090 illis
777 2035 880 2107 qui
913 2033 974 2088 in
1011 2031 1328 2090 inchoante
1358 2030 1665 2109 Ecclesia,
1708 2034 2031 2093 essentiale
2070 2037 2279 2112 cogni·
2328 2052 2453 2115 [30]

173 2137 407 2194 tionum
447 2135 702 2193 faciant:
756 2149 983 2191 memor
1021 2137 1150 2190 esto
1197 2133 1403 2208 itaque
1442 2131 1599 2190 unde
1642 2133 1966 2208 excideris,
2032 2141 2090 2192 et
2124 2137 2284 2194 resi-

175 2237 377 2312 pisce,
431 2241 492 2292 et
524 2237 720 2310 prima
755 2249 940 2308 opera
976 2232 1102 2300 fac,
1151 2232 1451 2307 significat
1488 2232 1964 2292 recordationem
2000 2238 2291 2310 priorum,

179 2341 244 2394 et
285 2334 424 2394 inde
478 2334 638 2408 quod
693 2333 1068 2394 deviaverint
1115 2349 1152 2390 a
1196 2330 1396 2402 Vero,
1448 2350 1519 2392 ac
1570 2339 1637 2391 ut
1680 2335 1740 2390 in
1790 2335 2049 2392 animum
2084 2339 2292 2394 veniat

175 2437 406 2494 bonum
465 2436 628 2492 vitae
673 2433 1008 2492 inchoantis
1055 2431 1399 2492 Ecclesiae:
1467 2435 1561 2490 sin
1616 2435 1840 2507 minus,
1896 2436 2133 2493 veniam
2182 2435 2317 2493 tibi·

177 2537 335 2602 cito,
389 2539 450 2592 et
483 2533 734 2592 movebo
771 2531 1194 2593 candelabrum
1235 2539 1404 2590 tuum
1446 2549 1478 2590 e
1520 2533 1653 2592 loco
1692 2548 1833 2606 suo,
1886 2535 1939 2591 si
1972 2551 2093 2592 non
2126 2519 2285 2592 resi-

175 2634 426 2712 pueris,
482 2619 775 2708 significat
821 2636 870 2690 si
913 2651 1060 2708 non,
1121 2631 1281 2708 quod
1317 2638 1546 2692 certum
1590 2633 1819 2690 sit-non
1855 2631 1983 2690 dari
2019 2632 2286 2691 coelum:

175 2735 292 2796 sed
343 2734 567 2807 habes»,
635 2733 794 2810 quod
844 2734 1020 2793 odisti
1075 2749 1261 2810 opera
1304 2731 1766 2805 Nicolaitarum,
1837 2748 1989 2806 quae
2054 2737 2113 2790 et
2159 2732 2287 2808 Ego

175 2836 306 2912 odi,
364 2833 662 2912 significat
695 2836 1137 2892 aversationem
1184 2851 1220 2892 a
1267 2832 1487 2892 Divino
1538 2849 1647 2909 pro
1697 2831 1813 2890 illis
1852 2834 1953 2909 qui
2002 2838 2289 2909 sep-arant

175 2937 404 2995 bonum
444 2954 483 2994 a
528 2951 704 3009 vero,
745 2950 854 2992 seu
895 2933 1245 2992 charitatem
1283 2950 1322 2990 a
1359 2933 1507 3002 fide,
1546 2951 1620 2992 ex
1658 2949 1774 3009 quo
1811 2949 1929 2991 non
1966 2935 2120 2992 vita:
2174 2933 2291 2992 ha·-

173 3037 334 3095 bens
377 3053 578 3096 aurem
634 3035 871 3108 audiat,
929 3033 1072 3110 quid
1125 3035 1371 3110 spiritus
1426 3033 1568 3092 dicit
1618 3033 1941 3104 Ecclesiis,
1995 3035 2289 3110 significat

181 3135 350 3212 quod
391 3139 488 3210 qui
522 3135 804 3211 intelligit
839 3134 1142 3194 auscultet
1177 3133 1319 3210 quid
1366 3133 1651 3192 Divinum
1690 3133 1915 3193 Verum
1954 3135 2287 3211 procedens

180 3253 223 3294 a
266 3233 518 3293 Domino
558 3237 766 3308 docet,
820 3241 880 3292 et
916 3234 1058 3294 dicit
1105 3234 1224 3292 illis
1281 3236 1381 3310 qui
1431 3234 1506 3291 ab
1545 3234 1821 3293 Ecclesia
1861 3234 2063 3310 Ipsius
2108 3243 2279 3294 sunt:

174 3336 442 3394 vincenti
475 3336 626 3394 dabo
666 3335 846 3395 edere
883 3334 956 3392 de
995 3335 1206 3394 arbore
1241 3337 1431 3406 vitae,
1488 3324 1784 3410 significat
1825 3337 1927 3408 qui
1968 3335 2148 3394 corde
2183 3353 2285 3393 re-

172 3437 355 3513 cipit,
411 3436 758 3512 implebitur
791 3435 953 3492 bono
989 3437 1208 3494 amoris
1261 3442 1321 3493 et
1354 3433 1493 3492 inde
1530 3436 1749 3510 gaudio
1788 3434 2072 3494 coelesti:
2131 3451 2287 3508 quae
2358 3442 2377 3457 ·

171 3543 270 3596 est
313 3538 376 3593 in
415 3535 614 3594 medio
652 3535 918 3611 paradisi
967 3535 1115 3609 Dei,
1173 3534 1469 3610 significat
1520 3535 1681 3610 quod
1724 3535 1866 3592 illuc
1912 3537 2191 3609 spectent
2227 3538 2287 3591 ot

168 3636 312 3696 inde
354 3636 686 3710 procedant
733 3651 938 3695 omnes
992 3638 1363 3712 cognitiones
1414 3634 1554 3692 boni
1598 3640 1657 3693 et
1711 3634 1839 3692 veri
1880 3633 1938 3688 in
1990 3630 2171 3689 Coelo
2228 3638 2289 3690 et

173 3739 236 3794 iu
271 3735 572 3794 Ecclesia.
1694 3721 1699 3728 ¹

336 3837 450 3895 95.
507 3835 742 3912 Angelo
785 3836 1128 3912 Ephesinae
1165 3835 1475 3894 Ecclesiae
1520 3833 1740 3905 scribe,
1800 3828 1960 3905 quod
1995 3828 2289 3905 significet

175 3936 254 3994 ad
299 3935 781 3996 recordationem
827 3937 946 3996 illis
1003 3939 1102 4012 qui
1154 3938 1314 3993 ‚intra
1364 3933 1698 3992 Ecclesiam
1746 3932 1803 3988 in
1852 3929 2289 4004 cognitionibus

173 4040 304 4096 veri
346 4042 406 4094 et
437 4036 581 4094 boni
609 4053 686 4094 ex
716 4036 926 4096 Verbo
965 4043 1121 4109 sunt,
1163 4040 1397 4094 constat
1436 4051 1510 4092 ex
1540 4031 1971 4108 significatione
2001 4031 2286 4108 scribere,

179 4137 338 4212 qnod
377 4139 457 4195 sit
495 4137 574 4195 ad
611 4137 1114 4210 recordationem,
1167 4135 1238 4193 de
1277 4151 1399 4211 qua
1448 4151 1520 4191 n:
1576 4135 1799 4207 86203
1856 4132 2020 4208 quod
2055 4135 2131 4191 sit
2168 4132 2288 4192 illis

179 4241 276 4310 qui
310 4241 470 4296 intra
493 4237 830 4298 Ecclesiam
858 4240 960 4312 qui
986 4240 1048 4297 in
1085 4233 1521 4311 cognitionibus
1558 4234 1687 4292 veri
1716 4239 1777 4291 et
1801 4232 1944 4291 boni
1973 4249 2046 4290 ex
2073 4232 2279 4290 Verbo

1367 4413 1705 4529 ffl
1791 4461 1797 4472 ·
1857 4438 1955 4490 ”N

1572 4524 1646 4562 οε
