2700 4792
337 319 568 376 CAPUT
605 317 948 378 TERTIUM.
1716 321 1903 379 VERS
1914 344 1931 379 ε
1972 332 2029 387 4.
2185 335 2293 390 ²97

194 479 314 540 veri
345 486 406 538 et
440 478 584 539 boni
629 495 706 538 ex
738 477 946 538 Verbo
991 477 1336 554 applicatae
1372 481 1562 554 vitae,
1620 487 1681 540 et
1726 487 1866 541 tunc
1920 481 2299 560 applicantur

192 583 342 639 vitae
377 595 518 640 eum
547 578 728 638 homo
759 577 898 638 illas
932 595 1044 654 pro
1079 578 1318 656 legibue
1376 595 1525 640 suae
1560 583 1719 640 vitae
1754 582 1963 657 habet,
2014 585 2104 643 sic
2142 587 2297 644 enim

188 680 500 740 Dominum
535 685 776 756 spectat
809 680 870 737 in
904 678 1190 754 singuliS,
1241 696 1313 738 ae
1347 678 1643 740 Dominus
1678 699 1969 758 praesens
2008 689 2099 743 est
2134 685 2298 762 apud

187 781 314 840 illos
349 786 410 839 et
437 779 542 838 dat
574 779 1030 856 intelligentiam
1065 785 1126 838 et
1159 781 1545 855 sapientiam,
1596 787 1657 841 et
1686 799 1891 841 earum
1918 782 2293 845 affectionem

189 886 246 940 et
269 879 636 958 jucundum,
688 896 826 938 nam
859 879 1156 940 Dominus
1195 884 1288 939 eet
1321 881 1383 938 in
1418 881 1545 939 suis
1580 883 1741 940 veris
1778 881 1943 958 apud
1974 883 2293 959 homiuem,

191 980 462 1057 procedit
496 981 650 1040 enim
681 995 854 1038 omne
879 995 1090 1038 verum
1129 997 1166 1038 a
1190 977 1469 1049 Domino,
1500 987 1567 1040 et
1602 981 1759 1057 quod
1796 998 1833 1040 a
1856 980 2115 1042 Domino
2151 1001 2295 1060 pro-

191 1080 340 1140 cedit
347 1125 366 1156 ,
419 1079 536 1140 hoc
569 1079 772 1156 Ipsius
821 1085 914 1138 est
947 1079 1098 1138 adeo
1145 1086 1212 1138 ut
1263 1082 1340 1138 sit
1374 1079 1546 1156 Ipse,
1603 1098 1788 1158 quare
1822 1081 2117 1141 Dominus
2154 1083 2297 1144 dixit

191 1179 380 1259 „Eyo
445 1198 589 1241 eum
640 1177 896 1242 Veritas
951 1183 1012 1240 et
1063 1177 1260 1242 Vitff
1329 1180 1482 1241 Joh:
1519 1180 1691 1240 XIV:
1738 1183 1797 1240 6.
1878 1225 1916 1256 „
1944 1181 2079 1257 Qui
2120 1183 2297 1263 facit

202 1279 576 1355 Veritatem,
628 1280 798 1342 venit
855 1277 948 1339 ad
995 1277 1258 1356 Luem,
1323 1279 1481 1359 quia
1532 1279 1604 1342 in
1646 1280 1793 1344 Deo
1832 1281 2023 1361 facta
2078 1287 2227 1343 aunt
2254 1287 2293 1318 “

183 1380 336 1442 Joh:
371 1380 498 1440 III:
561 1384 673 1440 21.
742 1377 1073 1455 „Verbum
1125 1385 1263 1440 erat
1309 1379 1489 1460 apud
1522 1379 1769 1456 Deum,
1828 1385 1888 1442 et
1920 1381 2112 1444 Deus
2158 1388 2298 1444 erat

201 1479 498 1555 Verbum,
537 1484 597 1539 et
621 1479 694 1540 in
717 1478 874 1560 Ipso
910 1478 1064 1542 Vita
1099 1485 1264 1554 erat,
1305 1487 1367 1541 et
1406 1479 1559 1544 Vita
1594 1487 1732 1544 erat
1756 1480 1911 1544 Dua:
1939 1481 2295 1559 hominum3

183 1579 334 1660 Ipse
369 1585 512 1642 erat
547 1579 708 1642 Ima:
747 1598 912 1655 vera,
967 1598 1128 1660 qaae
1165 1578 1497 1643 illuminat
1536 1599 1779 1644 omnem
1813 1582 2137 1644 hominem.
2200 1582 2297 1644 Et

197 1679 464 1742 Verbum
497 1677 666 1741 Caro
700 1681 960 1760 sactum
999 1683 1142 1740 eet“
1196 1681 1348 1742 Joh:
1385 1682 1451 1741 I:
1499 1686 1556 1741 1.
1600 1686 1664 1742 2.
1706 1688 1768 1742 4.
1810 1687 1870 1742 9.
1916 1685 2035 1760 143
2084 1685 2296 1744 Domi·
2336 1689 2497 1752 [199]

187 1799 298 1841 nus
333 1781 556 1841 dicitur
580 1779 880 1850 Verbum,
927 1783 1069 1857 quia
1092 1781 1361 1842 Verbum
1390 1765 1693 1860 'significat
1723 1783 2007 1844 Divinum
2032 1785 2291 1861 Verum:

188 1889 245 1942 et
293 1897 536 1958 quoque
600 1881 812 1940 dicitur
857 1881 992 1940 Lux
1007 1925 1026 1956 ‚
1081 1884 1221 1957 quia
1265 1882 1551 1942 Divinum
1595 1882 1823 1944 Verum
1886 1891 1980 1944 est
2038 1885 2174 1944 Lux
2232 1889 2295 1945 in

185 1982 396 2057 coelis3
444 1988 505 2042 et
539 1998 780 2060 quoque
815 1981 1030 2041 dicitur
1054 1981 1218 2058 Vita,
1262 1985 1405 2066 quia
1440 2000 1613 2042 omne
1650 1984 1811 2060 quod
1842 1986 1990 2044 vivit
2024 2002 2103 2044 ex
2126 1985 2293 2048 Luce

182 2081 286 2141 illa
315 2083 494 2156 vivit,
545 2081 684 2140 inde
719 2082 897 2142 etiam
933 2089 1029 2142 est
1065 2081 1294 2160 angelis
1327 2083 1723 2160 intellige-ntia
1758 2091 1819 2142 et
1850 2086 2179 2162 sapientia,
2232 2089 2292 2148 in

185 2200 302 2258 qua
331 2185 464 2240 vita
510 2199 716 2242 eorum
765 2184 1066 2252 consistit;
1125 2185 1230 2260 qui
1283 2182 1523 2244 aliunde
1572 2183 1813 2244 deducit
1845 2187 2029 2246 vitam
2049 2229 2065 2260 ,
2114 2169 2311 2263 quam'

181 2299 256 2342 ex
287 2282 512 2342 Divino
565 2281 723 2358 quod
757 2283 1030 2358 procedit
1077 2301 1115 2342 a
1145 2282 1435 2358 Domino,
1502 2283 1662 2359 quod
1710 2285 1773 2342 in
1809 2283 1993 2346 Coelo
2046 2293 2296 2346 vocatur

182 2383 468 2442 Divinum
522 2381 786 2457 Verum,
837 2399 908 2442 ae
960 2382 1044 2442 ibi
1098 2390 1354 2460 apparet
1398 2390 1465 2441 ut
1522 2383 1689 2452 Lux,
1742 2384 1991 2442 multum
2037 2385 2292 2462 fallitur3

191 2482 406 2540 exinde
453 2488 740 2542 constare
788 2489 1022 2560 potest,
1082 2483 1379 2560 quomodo
1429 2482 1883 2560 intelligendum
1946 2491 2067 2558 est,
2135 2487 2296 2562 quod

184 2582 360 2640 Deus
395 2588 519 2640 erat
548 2581 846 2657 Verbum,
886 2589 946 2642 et
977 2584 1040 2642 in
1072 2583 1186 2642 Illo
1221 2585 1344 2642 vita
1380 2590 1540 2651 erat,
1584 2591 1643 2642 et
1676 2586 1804 2643 vita
1842 2589 1973 2642 erat
2005 2582 2140 2642 Lux
2174 2585 2289 2643 ho·-

180 2684 423 2742 minum.
503 2682 680 2758 Quod
729 2682 930 2742 album
975 2685 1037 2742 in
1069 2683 1272 2744 Verbo
1324 2683 1559 2744 dicatur
1606 2683 1681 2743 de
1732 2682 1911 2743 Veris
1926 2727 1942 2758 ,
2008 2689 2101 2742 est
2148 2687 2291 2762 quia

178 2781 466 2842 Divinum
501 2782 728 2842 Verum
777 2789 870 2843 est
914 2783 1047 2842 Lux
1103 2783 1286 2857 coeli,
1341 2791 1409 2842 ut
1452 2801 1609 2843 nunc
1657 2783 1879 2844 dietum
1928 2790 2053 2854 eet,
2106 2791 2166 2843 et
2216 2800 2292 2844 ex

179 2882 344 2942 Luce
381 2882 539 2942 coeli
579 2889 672 2942 est
705 2876 922 2943 Album
962 2890 1023 2942 et
1053 2882 1403 2959 candidum,
1457 2884 1595 2944 inde
1638 2891 1731 2945 est
1786 2884 1943 2961 quod
1994 2883 2293 2946 Dominus

178 2999 310 3042 cum
373 2983 830 3043 transformatus
905 2989 998 3041 eet
1069 2999 1274 3042 eoram
1325 2984 1535 3054 Petro,
1592 2983 1825 3044 Jacobo
1890 2990 1950 3044 et
2012 2983 2292 3046 Johanne

181 3081 607 3163 „appar-uait
618 3082 832 3162 facies
858 3080 1083 3161 Ipsius
1117 3082 1284 3144 siout
1307 3081 1441 3153 Sol,
1482 3101 1559 3144 ao
1590 3082 2042 3147 Vestimentum
2066 3085 2295 3165 Ipsius

175 3187 250 3244 ut
272 3182 481 3244 Luoe“
523 3182 747 3242 Matth:
784 3182 999 3242 XVII:
1042 3186 1115 3242 2:
1153 3200 1228 3242 ac
1270 3189 1394 3258 „ut
1435 3181 1649 3244 album
1671 3183 2078 3265 sulyuram“
2125 3187 2291 3247 Luc:

175 3282 444 3343 1x229:
499 3288 608 3358 „et
643 3279 980 3360 splendens
1005 3287 1080 3343 ut
1115 3281 1254 3354 nim,
1294 3283 1655 3366 eujusmodi
1678 3284 1857 3364 fullo
1895 3305 2085 3366 super
2119 3291 2297 3347 terra

177 3400 310 3441 non
351 3386 560 3459 potest
609 3378 903 3444 dealbata-e
922 3384 959 3415 “
1025 3381 1223 3442 Marc:
1271 3383 1397 3442 IX:
1464 3386 1524 3443 3.
1606 3385 1850 3462 „Quod
1882 3383 2158 3465 Anyelz'e
2202 3385 2294 3446 ad

173 3477 580 3562 sepulchrum
611 3480 893 3542 Domini
927 3487 1090 3542 eeaet
1140 3481 1581 3546 indumentum
1628 3482 1843 3546 album
1892 3484 2061 3544 siout
2103 3483 2222 3543 nim
2250 3487 2289 3518 “

175 3581 406 3640 Matth:
433 3581 740 3642 XXVIII:
775 3583 848 3642 3:
893 3586 998 3656 „et
1023 3577 1403 3661 splendm“
1458 3583 1619 3646 Luc:
1648 3582 1884 3643 XXIV:
1926 3585 1989 3642 4.
2035 3581 2293 3658 ¹„Quod

171 3681 595 3760 appmnt
637 3680 924 3742 Johanni
981 3686 1214 3762 septem
1263 3680 1483 3762 anyeli
1522 3703 1557 3743 e
1598 3679 1857 3760 Templo
1897 3679 2115 3742 induti
2156 3679 2291 3742 lino

171 3779 414 3841 mundo
457 3785 516 3840 et
551 3778 884 3860 splendido
907 3783 944 3814 “
999 3771 1200 3858 Apoe:
1249 3782 1391 3842 XV:
1448 3785 1509 3840 6.
1584 3779 1822 3856 „Quod
1864 3785 2105 3840 stantes
2141 3787 2289 3842 ante

176 3877 510 3942 Thronium
545 3879 728 3961 Aqm'
769 3881 994 3942 amicti
1028 3877 1217 3941 stolis
1259 3877 1475 3944 (ΛΜΝ
1528 3881 1736 3958 Apoo:
1774 3880 1894 3942 VI:
1942 3884 1969 3940 1
1993 3885 2049 3942 1.
2124 3880 2287 3958 Cap:

167 3979 324 4040 VH:
373 3983 432 4040 9.
470 3982 580 4042 13.
616 3985 724 4041 14.
781 3980 940 4058 Cap:
969 3981 1146 4043 XIX:
1184 3983 1294 4041 18.
1351 3979 1597 4056 „Quod
1620 3981 1973 4045 Exercitus
2000 3981 2293 4044 Sedentia

171 4097 366 4159 caper
410 4099 561 4161 equo
593 4079 737 4143 albo
775 4087 1174 4160 sequerentur
1205 4079 1435 4159 Ipsum
1481 4099 1672 4160 super
1720 4083 1896 4161 equis
1932 4082 2129 4158 albis,
2186 4083 2289 4144 in-

175 4177 323 4240 duci
362 4181 622 4260 hya-aino
678 4180 822 4244 albo
872 4187 932 4240 et
981 4179 1218 4243 mundo
1247 4184 1281 4213 “
1357 4180 1563 4258 Apoc:
1617 4181 1787 4242 XIV:
1838 4187 1943 4242 14.
2008 4185 2157 4244 Inde
2192 4190 2295 4244 est
