2700 4792
395 401 504 456 212
813 387 1303 444 APOCALYPSIS
1346 386 1777 446 ExPLICATA.
1862 388 1908 456 §.
1956 397 2084 450 155.

405 552 541 610 108
593 549 672 608 ad
729 552 890 608 122.
987 548 1068 606 Et
1120 549 1186 607 in
1237 547 1445 625 Opere
1507 549 1581 610 de
1637 551 1841 612 Conco
1896 569 1973 612 m·
2036 553 2333 624 latmo,
2380 550 2466 608 ubi

399 653 598 727 agitur
633 649 706 709 de
739 665 940 709 amore
977 648 1228 708 coelesti
1257 655 1318 708 et
1342 649 1419 710 de
1448 667 1651 710 amore
1686 653 2005 729 spirituali,
2044 671 2115 712 n:
2164 652 2245 710 13
2275 652 2345 709 ad
2377 654 2467 710 19.

565 753 592 808 1
616 751 722 810 55.
791 751 867 808 Et
911 749 1304 810 ministerium
1356 736 1421 810 et'
1462 750 1671 826 fidem,
1728 753 1890 829 quod
1936 753 2233 830 significet
2280 752 2473 811 bonum

401 859 460 911 ct
509 868 718 911 verum
769 849 882 922 ibi,
939 857 1174 909 constat
1225 867 1300 910 ex
1347 850 1781 928 significatione
1830 855 2172 922 ministerii,
2228 852 2382 927 qnod
2412 853 2476 910 sit

395 953 647 1026 bonum,
700 951 776 1010 de
813 969 934 1027 qua
968 953 1240 1026 sequitur
1251 970 1266 1026 3
1323 959 1387 1010 et
1422 969 1495 1010 ex
1536 953 1971 1029 significatione
2005 953 2172 1027 fidei,
2230 953 2383 1028 quod
2412 955 2479 1012 sit

395 1071 635 1127 vorum3
691 1067 877 1112 causa
927 1051 1084 1126 quod
1133 1051 1281 1110 fides
1323 1051 1619 1128 significet
1667 1071 1907 1128 verum,
1974 1061 2069 1112 est
2115 1055 2259 1129 quia
2292 1070 2476 1112 verum

401 1159 494 1212 est
533 1151 672 1212 fidei
717 1159 776 1211 et
817 1151 968 1210 fides
1015 1157 1108 1209 est
1147 1153 1292 1210 veri.
1376 1151 1554 1228 Quod
1600 1155 1994 1214 ministerium
2041 1152 2334 1230 significet
2379 1153 2475 1212 bo—

399 1272 537 1312 num
557 1297 574 1328 ,
648 1259 742 1312 est
775 1254 917 1329 quia
962 1253 1355 1312 ministerium
1404 1255 1463 1310 in
1498 1252 1703 1313 Verbo
1754 1253 1973 1312 dicitur
2004 1255 2079 1314 de
2114 1254 2299 1323 bon03
2358 1253 2475 1312 inde

399 1361 492 1414 est
527 1353 688 1430 quod
720 1353 948 1412 functio
985 1352 1314 1428 Aharonis,
1377 1353 1633 1412 filiorum
1678 1354 1812 1431 ejus
1850 1361 1913 1414 et
1943 1356 2289 1414 Levitarum
2338 1353 2476 1412 dicta

335 1493 340 1497 -
399 1456 577 1514 fuerit
611 1454 1036 1527 Ministerium,
1077 1459 1138 1511 et
1171 1455 1232 1512 in
1265 1471 1488 1531 genere
1516 1454 1741 1514 functio
1778 1455 2189 1529 sacerdotum3
2246 1461 2307 1514 et
2338 1453 2477 1530 quod

396 1573 504 1632 per
534 1557 871 1613 ministrare
901 1553 940 1614 J
947 1554 1176 1613 chovae
1207 1571 1317 1614 seu
1343 1554 1632 1630 Domino,
1670 1555 2037 1632 intelligatur
2064 1554 2265 1616 colere
2288 1555 2475 1631 Ipsum

397 1675 470 1714 ex
507 1655 664 1714 bono
703 1658 950 1714 amoris:
1006 1654 1144 1714 inde
1179 1663 1376 1731 patet,
1431 1656 1592 1734 quod
1624 1658 2018 1716 ministerium
2052 1672 2120 1715 se
2163 1657 2382 1715 referat
2411 1655 2475 1713 ad

395 1773 612 1832 opera,
683 1763 741 1814 et
787 1755 936 1814 fides
985 1755 1060 1813 ad
1097 1755 1482 1831 charitatem,
1542 1757 1616 1815 de
1668 1757 1885 1834 quibus
1935 1773 2073 1816 mox
2122 1773 2340 1834 supra,
2389 1754 2476 1814 ubi

393 1857 618 1914 dictum
660 1862 780 1931 est,
834 1855 1010 1916 Novi
1047 1854 1254 1936 Opera
1301 1861 1419 1918 tua
1466 1861 1527 1916 et
1562 1854 1985 1932 Char-itatem,
2050 1875 2189 1915 nam
2236 1856 2381 1917 fides
2424 1862 2474 1916 et

399 1955 658 2016 charitas
699 1973 880 2015 unum
937 1956 1189 2030 faciunt,
1245 1957 1347 2016 ubi
1398 1959 1553 2017 enim
1608 1975 1725 2017 non
1764 1959 2023 2017 charitas
2059 1957 2141 2016 ibi
2176 1975 2290 2020 nec
2322 1957 2471 2030 fideS,

393 2055 671 2115 videatur
727 2059 787 2114 in
849 2057 1180 2116 DocmuNA
1237 2057 1459 2116 Novius:
1520 2049 2036 2128 Hmnosomc'fflm,
2093 2076 2163 2117 n:
2240 2060 2372 2118 108
2410 2055 2475 2115 ad

403 2159 571 2231 1223
628 2163 690 2214 et
739 2158 798 2213 in
847 2155 1158 2232 Opusculo
1215 2158 1290 2217 de
1354 2157 1600 2219 Ummo
1661 2159 1928 2234 Jnmcm,
1984 2177 2054 2217 n:
2123 2161 2211 2218 33
2258 2158 2336 2218 ad
2373 2158 2470 2216 40.

397 2256 574 2334 Quod
626 2257 1019 2315 Minister-ium
1074 2265 1133 2316 et
1183 2259 1520 2317 ministrare
1559 2262 1621 2318 in
1672 2259 1879 2319 Verbo
1928 2258 2165 2318 dicatur
2216 2259 2291 2318 de
2338 2259 2473 2318 bono

393 2359 643 2431 amoriS,
695 2366 967 2417 constare
1019 2365 1222 2436 potest
1261 2377 1296 2418 a
1331 2359 1726 2435 sequentibus
1764 2360 1912 2420 locis
1924 2379 1940 2436 3
1996 2359 2161 2436 apud
2196 2359 2473 2420 Davidem

395 2505 431 2534 „
442 2455 726 2520 Jehovah
773 2458 948 2538 facit
997 2455 1282 2536 Anyeloe
1343 2477 1496 2520 auos
1547 2457 1868 2538 Spiritus,
1936 2457 2284 2521 maistres
2342 2476 2476 2522 suos

391 2559 602 2640 system
625 2559 1118 2639 flammantem“
1169 2544 1402 2618 Psal'm:
1444 2558 1616 2621 CIV:
1658 2563 1699 2619 4
1714 2581 1731 2636 3
1788 2561 1947 2637 quod
1982 2559 2025 2620 J
2028 2561 2264 2621 ehovah
2313 2561 2477 2621 faciat

391 2661 656 2738 Angelos
687 2677 832 2721 suos
859 2663 1105 2737 spiritus
1135 2667 1229 2719 est
1257 2660 1419 2736 quod
1445 2662 1804 2738 recipientes
1838 2662 2041 2720 Divini
2069 2660 2235 2735 Veri,
2275 2662 2471 2722 videa-

390 2770 485 2821 tur
533 2780 719 2839 supra
773 2782 844 2821 n:
906 2763 1078 2837 1303
1135 2761 1294 2835 quod
1337 2763 1521 2820 faciat
1566 2764 1865 2820 ministros
1901 2778 2045 2821 suos
2083 2763 2283 2838 ignem
2317 2763 2473 2821 flam-

390 2869 652 2922 mantem
701 2871 794 2922 est
846 2861 1006 2946 quod
1053 2863 1417 2938 recipientes
1466 2862 1672 2921 Divini
1716 2861 1883 2931 boni,
1942 2879 2077 2920 nam
2130 2880 2241 2938 per
2294 2865 2476 2939 ignem

386 2963 784 3020 flammantem
834 2961 1202 3040 significatur
1253 2962 1476 3022 bonum
1526 2965 1777 3036 amoris,
1843 2963 2121 3022 videatur
2173 2980 2363 3040 supra
2416 2979 2475 3020 n:

397 3063 517 3130 683
571 3060 708 3119 inde
743 3071 938 3139 patet,
1007 3063 1165 3139 quod
1212 3081 1322 3139 per
1367 3065 1669 3122 ministros
1715 3062 2121 3139 intelligantur
2167 3063 2256 3122 illi
2294 3065 2395 3141 qui
2424 3064 2477 3121 in

385 3161 544 3220 bono
576 3159 797 3221 'amoris
835 3173 988 3222 sunt.
1072 3163 1252 3240 Apud
1287 3163 1559 3222 Eundem
1597 3161 2017 3238 „Benedicite
2048 3158 2327 3224 Jehovae
2358 3180 2477 3224 om-

384 3279 496 3321 nes
532 3259 888 3323 Exercitus
920 3262 1148 3342 Ipsius
1164 3309 1180 3337 ,
1241 3261 1545 3324 Ministri
1577 3261 1803 3342 Ipsius
1842 3262 2161 3343 facientes
2194 3260 2477 3326 volunta-

385 3366 509 3423 tem
541 3361 814 3444 Ip8i2c3“
863 3363 1096 3422 Psalm:
1149 3363 1320 3424 CIII:
1375 3367 1483 3422 21.
1544 3368 1631 3422 22
1661 3385 1676 3422 z
1728 3364 2044 3423 Exercitus
2080 3363 2358 3424 Jehovae
2392 3364 2477 3422 di·
2510 3347 2523 3364 ⁸

389 3473 604 3524 cuntur
643 3466 746 3541 qui
781 3466 841 3522 in
877 3465 1035 3522 veris
1072 3472 1244 3540 sunt,
1303 3465 1586 3524 videatur
1626 3483 1696 3524 n:
1754 3466 1965 3524 3448.
2015 3465 2225 3524 7236.
2276 3465 2477 3526 7988.

389 3567 520 3626 801
542 3569 616 3642 93
671 3565 927 3623 ministri
963 3565 1066 3640 qui
1099 3566 1160 3623 in
1193 3565 1395 3640 bonis;
1452 3583 1637 3642 quare
1690 3565 1907 3624 dicitur
1942 3565 2232 3624 facientes
2268 3564 2478 3625 volun-

384 3672 569 3724 tatem
606 3665 810 3742 Ipsius
822 3686 840 3741 3
893 3667 1093 3725 facere
1131 3663 1501 3725 voluntatem
1530 3666 1774 3726 Domini
1808 3673 1901 3724 est
1936 3682 2013 3724 ex
2048 3665 2208 3724 bono
2246 3668 2477 3739 amoriS,

377 3783 513 3824 nam
545 3783 718 3824 omne
747 3765 965 3828 bonum
1003 3783 1069 3825 se
1097 3767 1282 3825 refert
1319 3765 1395 3824 ad
1429 3766 1831 3839 voluntatem,
1880 3768 2038 3825 sicut
2074 3783 2249 3825 omne
2278 3783 2483 3826 verum

379 3866 456 3924 ad
494 3865 876 3928 intellectum.
954 3866 1136 3944 Apud
1169 3866 1415 3944 Esajam
1456 3866 1633 3943 „Vos
1676 3864 2032 3926 sacerdotes
2064 3864 2347 3926 Jehovae
2378 3883 2480 3926 vo-

378 3965 696 4040 cabimini,
722 3967 1013 4029 ministri
1040 3966 1179 4027 Dei
1203 3966 1457 4027 nosbn'“
1496 3965 1659 4027 LXI:
1700 3971 1770 4043 63
1826 3965 2169 4026 sacerdotes
2198 3972 2482 4026 vocantur

375 4069 645 4143 ministri,
676 4071 816 4145 quia
841 4069 929 4128 illi
947 4068 1489 4145 repraesentabant
1504 4067 1825 4126 Dominum
1851 4066 2051 4143 quoad
2070 4066 2296 4125 bonum
2318 4081 2478 4124 amo-

373 4169 455 4225 ris
466 4186 483 4242 3
519 4169 656 4228 inde
686 4177 778 4228 est
807 4158 1021 4257 [quod]
1055 4169 1246 4243 quiin
1270 4168 1427 4227 bono
1457 4170 1673 4226 amoris
1701 4174 1862 4237 sunt,
1890 4168 1951 4226 in
1982 4167 2185 4226 Verbo
2216 4165 2481 4226 dicantur

376 4267 740 4347 sacerdotes,
780 4268 1054 4328 videatur
1090 4284 1158 4324 n:
1204 4269 1415 4327 2015.
1452 4267 1662 4326 6148.
1715 4269 1927 4326 9809.
1978 4269 2246 4344 100175
2306 4284 2379 4326 ex
2412 4281 2479 4324 eo

2612 455 2672 555 ’ἔ
