2700 4792
333 373 576 430 CAPUT
607 371 949 430 TERTIUM.
1692 373 1901 430 VERsz
1947 383 2040 436 21.
2196 385 2307 440 429

48 553 51 616 g
147 536 408 595 ‚Verum
457 535 522 592 in
575 531 790 600 Coelo,
843 529 1120 592 videatur
1169 533 1499 592 11:4809.
1554 532 1763 592 5922.
1822 536 2035 594 826⁷.
2090 535 2301 595 8427.
2345 531 2505 596 [283]

187 639 318 694 942
337 637 399 702 9,
467 639 528 691 et
575 649 760 708 supra
811 649 880 690 n:
943 633 1066 691 33:
1117 631 1266 692 Inde
1327 637 1525 707 patet,
1583 634 1725 708 quid
1772 634 2143 711 significatur
2192 651 2305 714 per

179 737 494 795 Thronum
556 733 778 809 gloriae
829 731 994 808 apud
1037 731 1369 790 deremiam
1440 775 1478 805 ‚,
1500 730 1601 792 Ne
1640 729 1935 814 deturpes
1978 733 2307 800 Thi-onum

173 833 432 914 yloriae
473 839 622 894 tuae
647 835 682 866 “
741 830 914 890 XIV:
959 835 1042 890 21
1091 837 1148 890 et
1187 829 1348 907 Cap:
1386 831 1601 892 XVII:
1648 835 1771 910 123
1824 851 1943 894 non
1978 834 2303 912 deturpare

177 937 492 996 Thronum
547 933 774 1010 gloriae
821 931 1116 1008 signifieat
1161 937 1395 990 ut·non
1440 933 1723 992 Divinum
1769 934 2016 994 Verum.
2096 934 2303 996 Simile

175 1035 558 1113 significatur
607 1050 718 1110 per
753 1032 911 1108 quod
945 1030 1367 1108 Hierosolyma
1404 1033 1637 1092 dicatur
1675 1033 1953 1092 Thronus
1990 1034 2299 1111 Jehovae3

173 1155 286 1213 per
313 1133 794 1210 Hierosolymam
835 1134 990 1190 enim
1025 1131 1395 1206 significatur
1421 1132 1695 1192 Ecclesia
1728 1134 1927 1210 quoad
1954 1134 2301 1211 doctrinam,

173 1238 454 1295 doctrina
491 1241 588 1294 est
621 1233 904 1292 Divinum
940 1231 1186 1292 Verum.
1241 1232 1389 1292 Inde
1425 1239 1595 1309 patet
1631 1235 1927 1309 quomodo
1960 1234 2302 1311 intelligen-

173 1337 318 1395 dum
357 1335 522 1412 quod
557 1333 772 1393 dieitur
805 1331 964 1408 apud
1001 1331 1330 1392 Jeremiam
1367 1376 1405 1407 „
1433 1331 1513 1392 In
1541 1336 1810 1413 tempore
1842 1331 1959 1394 illo
1998 1335 2303 1396 vocabunt

173 1431 710 1515 Hierosolymam
770 1430 1094 1492 Thr-onum
1139 1429 1439 1506 Jehovae,
1504 1437 1563 1492 et
1612 1433 2159 1516 oonyreyabuntur
2210 1435 2301 1496 ad

173 1555 322 1598 eum
357 1553 572 1596 omne-9
610 1535 872 1613 ymtea“
911 1531 1032 1590 111:
1080 1534 1190 1590 17:
1249 1533 1414 1608 apud
1448 1533 1741 1592 Davidem
1780 1578 1817 1608 „
1842 1530 2300 1615 IIierosolyma

175 1634 332 1698 aedi
318 1638 530 1718 ficata
571 1639 668 1694 est
678 1679 694 1708 ,
750 1651 816 1692 eo
857 1629 1204 1693 ascendunt
1244 1631 1480 1693 Tribus
1497 1676 1513 1704 ,
1565 1638 1625 1693 et
1668 1632 1759 1694 ibi
1796 1633 2010 1696 sedent
2056 1633 2300 1696 Thwni

175 1737 270 1798 ad
316 1734 680 1820 judicium,
757 1731 998 1794 Throni
1045 1731 1274 1794 domus
1319 1732 1677 1794 Davidis“
1746 1735 1978 1794 Psalm:
2032 1735 2298 1796 CXXII:

185 1840 245 1896 3.
286 1840 320 1897 5
347 1859 362 1896 :
403 1835 566 1914 apud
590 1834 971 1894 Ezechielem
1009 1830 1292 1907 „Gloria
1318 1830 1595 1894 Jehovae
1616 1834 1887 1896 inbravit
1912 1835 1982 1895 in
2007 1834 2299 1898 Domum

177 1938 284 1998 via
313 1942 547 2017 portae
581 1934 762 2017 majus
784 1932 998 2016 facies
1033 1949 1254 1996 versus
1289 1933 1626 2006 orientem
1683 1933 1861 1997 dimit
1902 1936 1993 1997 ad
2032 1955 2144 2008 me,
2184 1935 2299 2018 fili

179 2037 456 2098 hominis
472 2079 489 2108 ‚
525 2055 654 2097 ecoe
687 2033 892 2096 locum
934 2032 1175 2094 waroni
1211 2034 1336 2094 mei
1349 2079 1365 2108 ‚
1414 2039 1473 2094 et
1508 2031 1711 2096 locum
1752 2033 2042 2098 volarum
2056 2037 2295 2117 pedum

180 2157 486 2212 meorum,
531 2136 642 2198 ubi
684 2134 974 2196 habitabo
1011 2134 1082 2194 in
1105 2133 1312 2194 medio
1342 2131 1638 2215 filiorum
1662 2132 1940 2196 Israelis
1978 2137 2049 2197 in
2088 2143 2295 2199 aeter-

179 2243 384 2300 num“
437 2237 675 2298 XLIII:
719 2240 780 2296 4.
828 2242 886 2311 73
942 2235 1102 2312 quod
1157 2236 1579 2312 Hierosolyma
1624 2237 1917 2313 significet
1960 2239 2295 2298 Ecclesiam

183 2340 384 2416 quoad
421 2338 774 2410 doctrinam,
829 2339 913 2395 ita
947 2337 1230 2397 Divinum
1267 2335 1494 2396 Verum
1544 2339 1605 2395 in
1654 2337 1837 2398 coelis
1886 2345 1947 2398 et
1992 2342 2052 2398 in
2094 2341 2289 2414 terriS,

185 2455 326 2495 nam
361 2438 428 2494 id
457 2439 593 2496 iacit
625 2438 992 2506 Ecclesiam,
1043 2437 1318 2496 videatur
1354 2455 1423 2496 n:
1468 2439 1679 2498 3654.
1738 2440 1962 2509 9166,
2014 2445 2073 2498 et
2106 2455 2295 2516 supra

181 2557 256 2595 n:
304 2537 469 2594 223.
546 2538 830 2613 Quoniam
869 2555 1041 2596 omne
1077 2537 1381 2597 Judicium
1430 2537 1497 2596 fit
1532 2555 1607 2596 ex
1640 2541 1835 2613 veris,
1890 2545 1951 2598 et
1985 2537 2291 2598 Judicium

173 2641 236 2698 in
278 2635 484 2698 Coelis
522 2655 588 2696 ex
620 2640 840 2698 Divino
880 2638 1067 2710 VerO,
1119 2638 1254 2696 ideo
1294 2637 1575 2698 Thronus
1614 2655 1849 2721 quoque
1886 2638 2129 2711 dicitur,
2181 2638 2292 2697 ubi

175 2741 376 2816 agitur
413 2737 486 2796 de
514 2738 768 2798 Domino
805 2738 1001 2814 quoad
1029 2738 1340 2814 judicium,
1380 2744 1447 2797 ut
1480 2755 1665 2815 supra
1705 2737 1865 2815 apud
1897 2736 2285 2814 Matthaeum‚

177 2839 334 2916 Cap:
391 2838 596 2898 XXV:
642 2841 767 2913 313
824 2845 886 2898 et
932 2839 1093 2915 apud
1127 2837 1457 2912 Davidem,
1511 2838 1749 2898 Psalm:
1789 2836 2055 2898 CXXII:
2099 2837 2161 2896 3.
2209 2841 2286 2914 55

179 2947 236 3000 et
277 2956 464 3016 porro
513 2939 677 3016 apud
728 2938 1023 2998 Davidem
1078 2982 1118 3013 „
1141 2936 1426 2998 Jehovah
1450 2937 1677 3018 fecisti
1700 2936 2027 3022 judicium
2063 2956 2289 3010 meum,

171 3038 407 3100 sedisti
455 3057 648 3118 super
703 3037 954 3100 Thr-ono
1001 3036 1221 3099 Judex
1265 3036 1603 3119 justitiae,
1662 3038 2008 3119 increpasti
2047 3045 2285 3120 qentes,

163 3138 528 3220 perdidisti
575 3138 864 3220 impium.
945 3137 1229 3199 Jehovah
1279 3137 1348 3198 in
1387 3143 1709 3200 aeternum
1750 3140 2049 3211 manebit,
2091 3159 2287 3222 prae·-

162 3240 426 3320 parabit
469 3237 560 3299 ad
595 3238 933 3300 Judioium
973 3237 1296 3300 Thronum
1333 3244 1569 3300 suum“
1607 3241 1839 3300 Psalm:
1875 3241 1989 3302 IX:
2034 3243 2091 3303 5.
2130 3245 2189 3302 6.
2226 3245 2287 3302 8.

171 3341 412 3400 Passim
449 3343 509 3399 in
540 3339 744 3400 Verbo
783 3343 959 3399 etiam
999 3340 1242 3412 dicitur,
1284 3340 1445 3415 quod
1478 3359 1597 3400 non
1630 3342 1796 3401 solus
1824 3341 2116 3403 Dominus
2152 3359 2287 3404 ses-

173 3457 352 3500 surus
394 3443 474 3500 sit
511 3457 696 3517 super
733 3441 991 3513 Thron0,
1047 3440 1156 3499 sed
1193 3440 1373 3498 etiam
1410 3441 1511 3500 alil
1546 3459 1735 3518 super
1766 3441 2020 3516 thr0n133
2077 3459 2289 3501 verum

171 3558 366 3618 usque
403 3559 514 3618 per
549 3541 756 3600 horum
794 3540 1038 3600 thronos
1074 3557 1190 3598 non
1226 3541 1636 3618 intelliguntur
1686 3541 1881 3599 throni
1922 3541 2034 3600 sed
2067 3540 2289 3600 Divina

169 3639 334 3701 Vera
348 3662 366 3717 ;
432 3649 500 3699 ut
543 3642 601 3699 in
653 3642 854 3700 Primo
903 3641 1084 3700 Libro
1121 3639 1417 3699 Samue'lis
1468 3685 1506 3714 „
1533 3639 1767 3718 Eriyit
1804 3657 1837 3696 e
1884 3635 2139 3718 pulvere
2170 3638 2282 3699 de-

160 3759 491 3818 pressum,
547 3746 607 3801 et
651 3760 683 3799 e
721 3738 1120 3820 sterquilinio
1163 3737 1420 3800 extollit
1458 3758 1749 3817 eymnm,
1794 3737 1884 3798 ad
1907 3738 2287 3818 faciendum

169 3840 380 3902 sedere
418 3837 572 3900 illos
612 3860 754 3902 oum
779 3841 1183 3921 principibus
1198 3884 1215 3915 ,
1262 3845 1322 3900 et
1351 3837 1677 3899 Thr-onum
1709 3834 1958 3917 yloriae
1994 3837 2286 3899 haeredi-

170 3945 302 4002 tare
334 3940 545 4021 faciet
582 3961 686 4006 eos
705 3945 744 3977 “
803 3941 892 4002 11:
955 3945 1026 4002 8:
1081 3943 1142 4000 in
1185 3939 1557 4017 Apocalypsi
1633 3981 1671 4012 „
1696 3936 1953 4016 Viyinti
2011 3941 2285 4019 quatum·

171 4038 460 4104 seniores
515 4040 627 4122 qui
671 4061 882 4104 coram
940 4039 1190 4102 Throno
1243 4039 1411 4116 Dei,
1480 4037 1760 4098 sedentes
1804 4057 1995 4120 super
2036 4035 2287 4101 thronis

174 4141 358 4201 πάθ’(
398 4142 518 4202 XI:
569 4147 596 4201 1
616 4145 690 4216 6:
729 4144 872 4202 alibi
909 4185 948 4217 „
971 4140 1130 4204 Vidi
1173 4138 1487 4216 Thronos,
1541 4145 1600 4202 et
1643 4139 2057 4204 comederunt
2097 4157 2287 4221 super

173 4238 334 4313 illis,
375 4247 438 4302 et
455 4240 786 4325 judicium
827 4241 1053 4304 datum
1107 4247 1202 4301 est
1239 4238 1443 4302 illis“
1501 4241 1645 4302 XX:
1688 4246 1764 4301 4:
1820 4249 1881 4302 et
1928 4243 2089 4319 apud
2123 4243 2283 4302 Mat-
