2700 4792
297 357 544 418 CAPUT
585 357 998 420 SECUNDUM·
1682 359 1865 418 VERS
1900 372 1991 427 123.
2186 375 2295 434 181
2328 319 2339 334 ‘

178 521 294 580 illis
335 523 449 605 qui
498 538 620 580 non
670 523 932 598 cogitant
978 519 1052 579 de
1099 519 1320 580 Divino
1356 520 1598 582 Domini
1646 524 1821 582 simul
1868 541 2007 584 cnm
2046 526 2121 587 do
2156 527 2293 588 Hu-

179 639 354 681 mano
393 622 620 700 Ipsius,
657 639 778 680 non
818 622 958 681 sciri
993 627 1196 698 potest
1230 638 1311 702 ex
1349 621 1469 680 illis
1516 625 1617 698 qui
1642 626 1703 682 in
1738 626 1955 684 mundo
1992 633 2151 700 sunt,
2188 629 2299 690 sed

180 741 246 783 ex
287 721 512 781 iisdem
547 724 610 780 in
656 721 851 781 altera
895 723 1054 796 vita,
1121 737 1326 781 omnes
1380 721 1467 780 illi
1520 722 1601 782 ibi
1646 725 1899 801 flagrant
1945 733 2109 787 tanto
2156 729 2293 790 odio

179 829 394 884 contra
427 823 567 882 filos
617 825 722 899 qui
769 822 965 882 solum
999 822 1322 881 Dominum
1360 821 1615 900 adeunt,
1689 831 1754 882 ut
1787 829 1998 901 paucis
2034 828 2295 889 describi

179 942 298 983 non
331 927 572 1001 possit,
625 923 768 982 nihil
811 926 1015 1000 potius
1065 923 1314 1001 cupiunt
1350 939 1528 999 quam
1565 925 1835 984 occidere
1882 926 2052 1004 illos3
2106 945 2294 988 causa

181 1031 306 1100 est,
361 1025 510 1102 quia
545 1040 752 1083 omnes
788 1026 892 1101 qui
926 1025 987 1082 in
1019 1024 1262 1083 inferuis
1308 1031 1477 1098 sunt,
1534 1031 1743 1084 contra
1776 1024 2099 1086 Dominum
2132 1035 2289 1110 sunt,

184 1131 246 1186 et
281 1141 494 1185 omnes
534 1126 638 1202 qui
671 1127 733 1182 in
769 1124 954 1184 coelis
987 1131 1143 1199 sunt,
1183 1141 1318 1184 cum
1349 1123 1607 1184 Domino
1650 1133 1789 1184 sunt
1800 1145 1816 1200 ;
1872 1133 1933 1186 et
1964 1127 2052 1186 illi
2076 1131 2181 1204 qui
2216 1129 2291 1190 ab

179 1225 463 1285 Ecclesia
503 1232 674 1296 sunt,
713 1233 773 1284 et
807 1241 924 1283 non
963 1231 1296 1302 agnoscunt
1330 1223 1616 1284 Divinum
1654 1225 1895 1284 Domini
1928 1230 1987 1286 in
2014 1229 2293 1307 Humano

179 1325 382 1402 Ipsius
401 1367 424 1396 ,
457 1343 640 1385 unum
669 1331 854 1400 agunt
883 1342 1016 1384 cum
1042 1324 1318 1399 Infernisn
1358 1324 1495 1384 inde
1524 1333 1619 1384 cst
1650 1325 1775 1384 illis
1800 1332 2029 1387 tantum
2060 1329 2287 1388 odium:

180 1425 296 1484 illis
336 1428 596 1502 saepius
633 1426 859 1485 dictum
908 1432 1029 1500 cst,
1096 1425 1256 1502 quod
1302 1425 1459 1484 male
1496 1427 1749 1500 facian-t,
1808 1429 2179 1502 qnia-sciunt
2217 1449 2290 1488 ex

182 1525 392 1586 Verbo
405 1571 424 1602 ,
478 1569 518 1601 ,‚
527 1523 695 1605 quod
733 1524 1024 1586 Domino
1069 1525 1160 1586 sit
1194 1525 1403 1586 omnis
1441 1531 1746 1605 potestas·
1779 1525 1850 1586 in
1888 1525 2076 1588 coelia
2119 1533 2179 1588 et
2220 1530 2290 1590 in

183 1627 431 1688 των-ἰῶ(
463 1626 691 1686 Matth:
726 1625 1038 1685 XXVIII:
1087 1629 1114 1684 1
1136 1628 1196 1701 8,
1249 1627 1336 1684 ita
1365 1627 1524 1703 quod
1558 1629 1639 1687 sit
1675 1626 1845 1686 Deus
1878 1629 2033 1690 coeli
2071 1635 2131 1689 et
2164 1635 2291 1688 ter-

185 1745 316 1788 rae:
359 1732 504 1787 tum
529 1725 696 1806 quod
734 1725 930 1804 „Ipse
963 1726 1053 1786 sit
1087 1725 1212 1800 via,
1252 1726 1493 1787 veritas
1527 1731 1587 1786 et
1620 1726 1785 1803 vita,
1830 1733 1899 1787 et·
1922 1728 2090 1808 quod
2114 1747 2289 1790 nemo

182 1828 400 1888 veniat
449 1826 540 1888 ad
566 1825 834 1886 Patrem
868 1826 1004 1886 nisi
1039 1846 1162 1906 per
1206 1824 1483 1904 Ipsum“
1536 1827 1685 1888 Joh:
1728 1829 1914 1890 XIV:
1972 1832 2048 1888 6:
2102 1837 2170 1888 ut
2208 1836 2303 1905 et,.

187 1929 346 2004 quod
397 1927 558 2007 „qui
601 1924 782 1987 videt
817 1925 1181 1987 Dominum
1233 1926 1451 1987 videat
1500 1927 1795 2006 Patrem,
1848 1930 2005 2008 quia
2034 1929 2187 2010 Ipse
2221 1929 2291 1992 in
2330 1933 2491 1997 [12⁵]

183 2027 394 2090 Patre
440 2034 500 2088 et
545 2026 751 2089 Pater
797 2026 868 2086 in
916 2014 1120 2107 Ipso“
1167 2027 1317 2088 Joh:
1356 2028 1539 2088 XIV:
1587 2034 1617 2088 7
1654 2030 1729 2087 ad
1763 2033 1885 2089 11:
1950 2031 2027 2089 Et
2077 2028 2293 2110 „quod

184 2149 360 2190 nemo
397 2128 664 2212 speciem
705 2125 939 2188 Patris
973 2126 1237 2199 viderit,
1283 2147 1393 2188 nee
1430 2147 1637 2190 vocem
1685 2129 1913 2209 Ipsius
1946 2129 2287 2206 audiverit,

185 2235 246 2291 et
279 2229 450 2310 quod
483 2227 662 2290 solus
697 2227 1031 2289 Dominus
1079 2227 1190 2308 qui
1229 2229 1302 2290 in
1344 2228 1494 2289 sinu
1528 2229 1783 2309 Ipsius,
1838 2237 1899 2291 et
1931 2230 2047 2310 qui·
2093 2251 2293 2292 unum

190 2350 332 2392 oze-m
365 2328 548 2392 Illo“
583 2329 737 2390 Joh:
774 2328 837 2388 I:
885 2331 993 2388 18.
1051 2329 1212 2406 Cap:
1251 2330 1342 2389 V:
1393 2331 1503 2406 37,
1542 2337 1787 2407 praeter
1811 2331 2028 2408 plura:
2074 2331 2289 2411 quibus

191 2432 414 2490 auditis
465 2413 744 2490 avertunt
793 2445 891 2504 se,
957 2447 1076 2488 non
1126 2433 1282 2490 enim
1329 2438 1587 2506 possunt
1630 2447 1885 2508 negare,
1940 2431 2051 2490 sed
2096 2431 2286 2490 offen-

199 2531 450 2605 duntur,
510 2537 570 2590 et
603 2533 830 2607 spirant
865 2547 1058 2606 usquc
1093 2548 1302 2590 necem
1339 2533 1599 2590 omnium
1635 2531 2041 2608 profitentium
2075 2530 2288 2590 Domi-

206 2648 382 2705 num,
437 2637 504 2687 ut
536 2633 725 2706 prius,
792 2648 866 2688 ex
905 2647 1094 2690 causa
1129 2635 1272 2707 quia
1321 2631 1521 2690 odium
1565 2631 1685 2690 illis
1733 2638 1827 2691 est
1865 2633 2138 2705 insitum,
2193 2632 2287 2688 vi-

201 2730 415 2789 deatur
452 2747 636 2807 supra
681 2750 750 2788 n:
811 2735 969 2789 114.
1066 2730 1240 2807 Quod
1291 2731 1379 2794 illi
1427 2731 1563 2790 odio
1607 2731 1869 2790 habituri
1918 2733 2036 2790 sint
2082 2748 2291 2791 omnes

189 2837 440 2908 propter
471 2832 824 2900 Dominum,
877 2831 1262 2908 praedixerat.
1295 2830 1589 2891 Dominus
1628 2833 1987 2909 quibusdam
2024 2834 2085 2890 in
2118 2831 2287 2906 Ionio,

193 2937 258 2989 ut
307 2933 471 3008 apud
524 2932 898 2992 Matthaeum
960 2929 1092 3006 „In
1152 2932 1687 2993 consummatione
1736 2930 1980 2994 saeculi
2036 2931 2292 2993 tradent

191 3050 298 3092 vos
331 3031 402 3092 in
436 3031 884 3111 afflictionem,
948 3036 1008 3090 et
1043 3031 1322 3092 occident
1358 3050 1467 3092 vos
1485 3077 1501 3108 ,
1557 3037 1618 3091 et
1666 3033 1851 3095 eritis
1895 3033 2043 3094 odio
2086 3032 2293 3094 habiti

189 3133 262 3192 ab
297 3132 588 3193 omnihus
629 3132 976 3212 [qentibus]
1021 3137 1286 3215 propter
1328 3131 1575 3192 Nomen
1627 3137 1879 3194 meum“
1928 3134 2171 3195 XXIV:
2229 3138 2288 3193 9.

196 3236 314 3292 10:
371 3233 533 3310 apud
578 3233 916 3292 ,Iohannem
968 3229 1216 3307 „Jesus
1269 3233 1481 3306 dixit,
1547 3234 1610 3293 si
1655 3234 1933 3295 mundus
1982 3253 2091 3295 vos
2133 3234 2287 3308 odit,

192 3333 345 3392 acite
387 3332 555 3412 quod
599 3331 708 3392 Me
747 3333 938 3412 pm‘us
989 3351 1181 3412 qnam
1228 3353 1338 3393 vos
1373 3331 1614 3394 odwit:
1690 3333 1753 3394 εἰ
1790 3333 1900 3393 Me
1926 3333 2294 3414 persequuti

189 3437 338 3492 eunt
355 3477 372 3506 ,
427 3432 622 3495 etiam
669 3451 780 3494 vos
827 3431 1278 3512 persequentur
1289 3454 1316 3505 ;
1378 3432 1529 3494 haec
1568 3434 1783 3495 omnia
1816 3435 2066 3515 sacient
2116 3431 2291 3492 vobis

176 3535 442 3612 propter
473 3532 720 3593 Nomen
755 3537 1004 3594 menm“
1073 3533 1229 3594 XV:
1296 3537 1381 3592 18
1432 3533 1509 3592 ad
1552 3536 1677 3610 25,
1746 3541 1808 3593 et
1852 3539 2097 3609 praeter
2140 3531 2292 3590 haec

183 3632 506 3692 videantur
554 3634 690 3692 loca
734 3652 922 3712 supra
977 3653 1046 3694 n:
1106 3639 1134 3692 1
1159 3639 1242 3693 22
1299 3651 1375 3693 ex
1411 3633 1615 3693 Verbo
1652 3634 1856 3693 allata.
1928 3633 2099 3690 Haec
2134 3629 2294 3688 dicta

183 3741 358 3808 sunt,
408 3738 478 3791 ut
512 3736 740 3793 sciatur
779 3734 943 3812 qnod
977 3752 1088 3810 per
1123 3735 1380 3812 Antipas
1430 3741 1656 3810 martyr
1696 3747 1869 3790 meus
1906 3729 2127 3803 fidelis»,
2192 3731 2295 3802 qui

184 3836 420 3892 occisus
485 3833 648 3910 apud
697 3852 838 3908 vos,
915 3834 1325 3912 intelligantur
1381 3837 1484 3911 qui
1546 3831 1682 3892 odio
1753 3830 2082 3903 habentur,
2153 3830 2295 3904 quia

179 3931 465 3993 Divinum
499 3933 844 3994 Humanum
877 3936 1118 3995 Domini
1151 3935 1523 4011 profitentur.

343 4035 504 4093 138.
589 4033 710 4096 Ubi
755 4035 986 4094 habitat
1037 4033 1322 4107 Satanas,
1380 4031 1542 4111 quod
1586 4030 1883 4108 significet
1916 4032 1991 4090 ab
2032 4031 2150 4091 illis
2190 4033 2294 4108 qui

181 4133 238 4192 in
275 4134 552 4194 doctrina
589 4137 851 4195 omnium
887 4135 1177 4195 falsorum
1213 4141 1393 4208 sunt,
1450 4138 1689 4192 constat
1726 4149 1800 4192 ex
1834 4131 1953 4193 iuis
1993 4148 2148 4209 qnae
2186 4147 2295 4190 sn-

183 4251 292 4310 pra
329 4253 397 4294 n:
461 4238 597 4295 120
631 4244 690 4296 et
727 4239 862 4296 134
917 4235 1104 4296 allata
1146 4242 1206 4296 et
1242 4241 1488 4295 ostensa
1526 4239 1685 4295 sunt.
1767 4234 1837 4294 In
1871 4231 2297 4313 praecedenti-
