2700 4792
421 383 530 436 404
709 435 742 454 „·
811 365 1298 424 APOCALYPSIS
1351 365 1783 427 EXPLICATA.
1868 368 1916 436 §.
1958 337 2126 431 «ηεξ

417 535 834 608 perverterunt
857 528 1012 601 illas,
1043 534 1104 587 et
1122 527 1545 605 applicuerunt
1570 527 1647 586 ad
1670 526 1825 586 falsa
1852 533 1914 584 et
1942 527 2019 585 ad
2042 525 2196 586 mala
2220 524 2372 602 falsi3
2396 525 2501 586 hoc

217 628 374 689 [267]
415 629 784 708 sIgnificatur
809 646 920 706 per
937 628 1096 705 quod
1125 634 1434 704 argentum
1456 646 1653 688 meum
1678 633 1741 686 et
1766 644 1981 686 aurum
2003 645 2197 686 meum
2222 627 2500 684 sumsistis

417 739 478 790 et
513 729 933 790 desiderabilia
966 728 1254 788 bonorum
1292 727 1576 788 intulistis
1611 729 1673 786 in
1696 727 1925 804 templa
1951 732 2173 802 vestra,
2212 731 2502 802 argentum

417 829 715 908 significat
740 847 969 904 verum,
999 846 1210 886 aurum
1237 828 1475 902 bonum,
1509 835 1567 887 et
1586 827 2012 888 desiderabilia
2036 827 2318 886 bonorum
2338 827 2505 901 signi-

415 929 595 990 ficant
628 947 774 990 vera
811 935 871 988 et
901 929 1060 987 bona
1097 927 1395 997 derivata,
1448 945 1603 1004 quae
1638 934 1777 988 sunt
1812 928 2178 1004 cognitiones
2228 944 2301 985 ex
2333 925 2503 984 Verbi

418 1047 601 1090 sensu
625 1029 834 1089 literae
850 1049 866 1104 3
904 1029 1120 1088 inferre
1146 1031 1207 1086 in
1235 1027 1463 1103 templa
1493 1045 1606 1086 sua
1630 1027 1927 1104 significat
1951 1035 2186 1086 vertere
2216 1030 2275 1086 in
2302 1025 2503 1084 cultum

417 1127 824 1208 prophanum3
878 1146 990 1205 per
1042 1128 1201 1205 quod
1242 1127 1397 1187 filios
1440 1126 1484 1185 J
1488 1129 1721 1189 ehudae
1771 1133 1829 1186 et
1873 1127 2030 1186 filios
2073 1125 2501 1201 Hierosolymae

417 1229 793 1294 vendiderint
817 1229 953 1289 filiis
982 1228 1367 1300 Graecorum,
1404 1228 1754 1306 intelligitur
1791 1228 1951 1302 quod
1990 1231 2187 1286 omnia
2203 1244 2345 1286 vera
2380 1224 2503 1282 boni

415 1331 943 1390 transmutaverint
968 1330 1028 1387 in
1055 1328 1210 1386 falsa
1235 1327 1404 1402 mali;
1446 1345 1556 1404 per
1582 1328 1757 1406 longe
1785 1345 2099 1388 removere
2128 1344 2231 1387 eos
2261 1345 2297 1384 a
2318 1325 2503 1384 termi-

419 1435 510 1490 nis
549 1448 772 1505 eorum,
809 1428 1159 1504 intelligitur
1190 1427 1403 1504 procul
1438 1428 1513 1486 ab
1548 1423 1697 1504 ipsis
1725 1429 1917 1488 veris:
1973 1429 2133 1504 quod
2167 1447 2274 1505 per
2299 1426 2502 1502 Tyrum

419 1539 480 1591 et
495 1530 781 1590 Zidonem
807 1528 1213 1605 intelligantur
1234 1527 1320 1586 illi
1347 1529 1504 1586 intra
1519 1529 1852 1588 Ecclesiam
1884 1531 1987 1606 qui
2013 1531 2075 1586 in
2094 1524 2500 1606 cognitionibus

419 1633 548 1691 veri
585 1636 644 1688 et
676 1630 817 1690 boni
853 1634 1010 1702 sunt,
1048 1628 1326 1686 videatur
1362 1645 1427 1686 n:
1465 1630 1646 1687 1201
1674 1649 1690 1704 5
1730 1629 1891 1705 quod
1925 1647 2037 1706 per
2070 1629 2223 1688 filios
2252 1623 2503 1687 Jehudae

419 1738 480 1789 et
511 1729 664 1788 filios
699 1727 1152 1804 Hierosolymae
1188 1727 1596 1803 intelligantur
1630 1730 1827 1792 omnia
1863 1746 2013 1788 vera
2046 1730 2185 1788 boni
2204 1773 2219 1803 ,
2260 1732 2349 1786 est
2380 1725 2503 1800 quia

417 1847 529 1906 per
562 1829 714 1888 filios
752 1827 1165 1904 significantur
1197 1844 1379 1902 vera,
1435 1845 1503 1885 n:
1550 1831 1579 1886 1
1602 1831 1760 1887 729.
1809 1831 1838 1887 1
1858 1831 2023 1888 733.
2070 1834 2104 1887 2
2123 1833 2151 1886 1
2172 1831 2277 1890 59.
2316 1824 2503 1884 2623.

403 1930 632 1991 ,2803
691 1930 902 1988 2813.
959 1929 1168 1986 3373.
1206 1928 1428 2010 13704.
1476 1930 1687 1988 7499.
1734 1930 1948 1988 8897.
1996 1931 2218 2005 98075
2270 1943 2374 2004 per
2404 1924 2503 1984 Je-

419 2029 644 2088 hudam
678 2027 952 2088 Ecclesia
989 2027 1302 2098 coelestis,
1354 2045 1425 2086 n:
1484 2029 1695 2088 3654.
1742 2031 1931 2088 6364
1958 2049 1974 2106 5
2030 2047 2142 2106 per
2176 2023 2497 2100 Hierosoly-

415 2147 572 2188 mam
606 2128 881 2188 Ecclesia
930 2127 1034 2186 ubi
1069 2129 1328 2203 genuina
1363 2127 1660 2200 doctrina,
1711 2147 1783 2188 n:
1826 2131 2044 2190 3654.
2092 2133 2169 2189 91
2192 2131 2308 2202 665
2360 2121 2499 2201 quod

416 2247 528 2307 per
561 2229 714 2288 filios
745 2228 1110 2288 Graecorum
1144 2227 1552 2303 intelligantur
1578 2229 1749 2305 falsa,
1792 2233 1885 2289 est
1914 2233 2059 2307 quia
2089 2228 2301 2289 Graeci
2334 2224 2495 2301 signi-2
2548 2237 2551 2242 ·

411 2330 596 2390 ficant
628 2335 839 2406 gentes
876 2345 1031 2405 qnae
1066 2330 1126 2386 in
1161 2327 1366 2402 falsie,
1421 2329 1697 2388 videatur
1729 2348 1796 2388 n:
1844 2330 1955 2389 50.
2018 2330 2200 2406 Apud
2233 2324 2497 2386 Ezechie-

417 2431 536 2490 lem
609 2473 645 2504 „
669 2425 1118 2509 Neyotiatores
1156 2426 1425 2488 Schebae
1475 2434 1535 2488 et
1582 2429 1905 2504 Romame,
1974 2450 2097 2510 per
2134 2422 2497 2510 primarium

416 2529 622 2591 omnis
649 2528 962 2590 aromatis
1003 2533 1063 2587 et
1096 2547 1210 2607 per
1236 2545 1477 2588 omnem
1510 2526 1790 2609 lapidem
1804 2531 2167 2609 pretiosum
2191 2534 2250 2589 et
2274 2539 2496 2594 aurum,

417 2631 720 2692 dederunt
747 2627 1205 2710 neqotiationes
1241 2631 1439 2688 tua-st
1476 2630 1753 2690 XXVII:
1796 2634 1918 2690 22:
1975 2639 2041 2690 et
2074 2632 2233 2708 apud
2258 2624 2500 2688 Eundem

418 2730 548 2806 „In
575 2729 894 2810 sapientia
919 2735 978 2790 et
1004 2725 1432 2808 intelliyentia
1457 2733 1572 2790 tua
1583 2724 1837 2811 feceras
1862 2725 1983 2791 tibi
2012 2750 2175 2810 opes,
2204 2734 2261 2789 et
2272 2729 2499 2808 feceras

415 2849 649 2892 aurum
685 2835 745 2890 et
781 2836 1116 2910 amentum
1155 2829 1226 2889 in
1265 2827 1587 2890 thesauris
1626 2829 1813 2903 tuias
1849 2831 1918 2891 in
1952 2831 2145 2892 Eden
2178 2829 2347 2890 horto
2379 2818 2498 2883 Dei

402 2929 628 3010 suisti,
667 2931 874 2990 omnis
913 2927 1086 3011 lapis
1119 2929 1442 3008 pretiosus
1482 2935 1905 3010 teyumentum
1940 2937 2126 2993 tuum
2162 2935 2220 2990 et
2244 2920 2497 3014 aurum“

414 3028 711 3088 XXVHI:
752 3031 814 3088 4.
857 3033 884 3088 1
904 3029 979 3107 35
1026 3033 1223 3108 agitur
1255 3032 1316 3089 in
1349 3030 1505 3090 binis
1535 3030 1654 3090 illis
1691 3031 1841 3091 locis
1874 3034 2056 3091 etiam
2082 3033 2155 3091 de
2186 3031 2366 3106 Tyro,
2402 3037 2495 3098 per

419 3145 625 3204 quam,
681 3132 750 3187 ut
781 3145 972 3207 supra
1017 3131 1237 3189 dictum
1273 3137 1394 3205 est,
1430 3131 1845 3208 intelliguntur
1878 3132 1965 3192 illi
2001 3134 2157 3191 intra
2191 3126 2493 3188 Ecclesiam

417 3231 521 3305 qui
553 3229 614 3286 in
651 3229 1084 3304 cognitionibus
1131 3232 1260 3289 veri
1295 3237 1355 3290 et
1386 3231 1528 3290 boni
1562 3238 1729 3307 sunt3
1775 3250 1886 3308 per
1920 3233 2347 3310 negotiationes
2382 3222 2493 3299 ejus

413 3327 822 3404 intelliguntur
855 3331 1024 3406 ipsae
1061 3330 1200 3389 illae
1237 3333 1604 3408 cognitiones
1616 3351 1633 3407 5
1670 3349 1781 3408 per
1817 3331 2115 3392 Schebam
2152 3336 2211 3390 et
2234 3329 2493 3388 Raamam

417 3446 654 3506 quoque
676 3429 1086 3507 intelliguntur
1106 3429 1192 3489 illi
1221 3433 1405 3506 quiin
1428 3431 1861 3508 cognitionibus
1890 3432 2007 3491 illis
2035 3437 2194 3505 sunt,
2222 3448 2277 3488 n:
2306 3431 2333 3486 1
2356 3421 2488 3483 171.

421 3531 634 3607 32405
661 3548 773 3607 per
799 3535 1067 3590 aromata
1093 3530 1501 3608 significantur
1518 3549 1665 3590 vera
1691 3549 1845 3609 quae
1872 3539 2046 3609 grata
2075 3533 2215 3608 quia
2241 3546 2311 3587 ex
2334 3525 2485 3590 bono,

415 3649 478 3689 n:
525 3632 738 3692 4748.
787 3632 995 3692 5621.
1042 3634 1251 3691 9474.
1289 3632 1501 3691 9475.
1540 3633 1799 3691 10199.
1840 3635 2115 3708 102545
2153 3646 2259 3707 per
2283 3620 2489 3701 lapides

413 3731 711 3809 pretiosos
731 3731 1136 3810 significantur
1159 3748 1304 3791 vera
1325 3748 1479 3808 quae
1506 3731 1760 3808 pulchra
1779 3734 1918 3809 quia
1938 3750 2014 3792 ex
2031 3732 2204 3799 bono,
2231 3747 2285 3786 n:
2306 3727 2339 3784 9
2352 3724 2384 3781 8
2398 3721 2427 3778 6
2440 3717 2489 3775 3·

424 3830 635 3890 9865.
673 3835 883 3892 9868.
921 3835 1052 3893 987
1071 3835 1130 3892 3.
1169 3833 1388 3906 99055
1428 3832 1588 3908 quod
1623 3851 1734 3910 per
1759 3832 1998 3892 hortum
2026 3832 2189 3892 Eden
2216 3821 2485 3903 significe-

415 3936 514 3990 tur
537 3932 930 4010 intelligentia
953 3938 1012 3991 et
1040 3932 1336 4008 sapientia
1363 3931 1517 4006 inde,
1560 3950 1630 3991 n:
1668 3935 1697 3990 1
1715 3934 1826 3992 00.
1862 3935 1889 3990 1
1909 3934 2019 3992 08.
2059 3935 2088 3990 1
2109 3930 2262 3990 588.
2297 3928 2329 3983 2
2346 3917 2481 3978 702.

423 4031 634 4103 32205
673 4034 814 4106 quia
839 4051 994 4092 nunc
1021 4051 1130 4109 per
1155 4031 1259 4091 illa
1287 4031 1695 4108 significantur
1723 4035 2084 4109 cognitiones
2112 4030 2237 4088 veri
2272 4030 2327 4082 et
2348 4015 2487 4080 boni,

420 4141 492 4181 ac
524 4141 637 4197 per
673 4143 880 4186 aurum
917 4138 976 4189 et
1013 4138 1322 4207 argentum
1358 4133 1494 4208 ipsa
1528 4132 1685 4190 bona
1722 4137 1781 4192 et
1808 4150 1969 4208 vera,
2012 4139 2070 4192 et
2104 4130 2238 4205 quia
2269 4137 2371 4200 per
2398 4112 2487 4174 illa

422 4228 796 4298 c⁰¹1¹Pal'atur
816 4231 1003 4286 omnis
1029 4231 1423 4308 intelligentia
1452 4239 1512 4291 et
1530 4233 1843 4309 sapientia,
1870 4233 2002 4292 ideo
2028 4232 2230 4290 dicitur
2246 4227 2302 4283 in
2326 4211 2481 4278 intel-
