2700 4792
363 335 601 393 CAPUT
642 335 1048 392 SECUNDUM.
1520 341 1531 358 ’
1717 335 1901 392 VERS
1925 358 1939 390 z
1994 348 2048 399 6.
2208 351 2313 404 12⁹

194 503 269 560 in
320 496 472 558 solis
507 496 948 574 cognitionibus
997 501 1168 571 sunt,
1234 499 1298 555 et
1339 511 1461 554 non
1506 496 1567 554 in
1610 495 1739 554 vita
1782 496 2111 558 seeundum
2156 498 2313 576 illas,

195 616 330 658 non
368 599 448 657 sit
485 597 752 670 coelum,
799 596 1080 656 videatur
1115 611 1302 671 supra
1349 613 1421 654 n:
1477 596 1637 654 104.

375 699 535 758 107.
603 695 728 756 Sed
759 695 950 756 habes
988 696 1148 773 quod
1191 694 1373 754 odisti
1421 711 1609 772 opera
1640 694 2099 771 Nicolaitarum,
2156 714 2314 774 quae

199 807 274 859 et
305 799 440 875 Ego
477 797 602 872 odi,
671 795 832 873 quod
878 795 1174 872 significet
1215 796 1655 854 aversationem
1694 813 1733 854 a
1764 797 1984 856 Divino
2032 813 2143 874 pro
2194 797 2315 858 illis

201 901 316 976 qui
352 903 640 975 separant
671 896 896 956 bonum
931 913 968 954 a
1007 913 1152 955 vero
1187 911 1298 954 seu
1325 894 1679 954 charitatem
1715 912 1751 954 a
1785 895 1933 968 fide,
1976 913 2009 956 e
2047 912 2165 975 quo
2192 913 2311 958 non

201 1002 370 1074 vita,
442 1002 676 1057 constat
724 1014 800 1057 ex
844 995 1275 1073 significatione
1317 994 1509 1053 habes
1562 995 1723 1070 quod
1758 995 1971 1070 odisti,
2039 995 2201 1074 quod
2232 1001 2313 1058 sit

201 1100 548 1173 aver-satim
583 1096 752 1173 quod
783 1098 860 1155 sit
897 1097 1196 1154 aversatio
1231 1113 1270 1153 a
1302 1093 1555 1168 Divino,
1599 1102 1694 1154 est
1720 1097 1863 1172 quia
1908 1097 2127 1156 dicitur
2153 1113 2309 1172 quae

206 1207 275 1258 et
321 1197 452 1274 Ego
497 1196 622 1271 odi;
677 1213 749 1256 ex
797 1195 1225 1272 significatione
1265 1211 1549 1270 operum,
1610 1194 1770 1270 quod
1808 1197 1927 1254 sint
1979 1212 2134 1272 quae
2172 1205 2315 1273 sunt
2352 1208 2477 1273 [921

201 1301 464 1373 mentis,
517 1297 676 1356 unde
711 1313 922 1372 opera,
979 1295 1054 1354 de
1101 1311 1222 1371 qua
1246 1311 1435 1370 supra
1474 1311 1543 1354 n:
1594 1297 1715 1370 983
1768 1313 1842 1354 ex
1878 1295 2312 1372 significatione

205 1397 669 1473 Nicolaitarum,
730 1394 890 1473 quod
942 1397 1060 1454 sint
1107 1395 1214 1471 qui
1265 1400 1553 1470 separant
1603 1394 1825 1456 bonum
1872 1413 1909 1454 a
1960 1413 2105 1457 vero
2124 1441 2141 1473 ,
2202 1414 2315 1458 seu

215 1495 566 1556 charitatem
601 1515 642 1555 a
683 1496 831 1569 fide,
897 1496 1001 1572 qui
1042 1495 1156 1555 hoc
1202 1494 1429 1553 faciunt
1476 1493 1593 1554 illis
1642 1512 1761 1554 non
1806 1502 1900 1556 est
1944 1497 2099 1556 vita:
2154 1497 2317 1574 quod

215 1594 340 1655 illis
377 1613 488 1654 non
527 1599 605 1656 sit
637 1598 792 1670 vita,
847 1601 942 1654 est
979 1596 1124 1671 quia
1157 1596 1346 1653 omnis
1382 1596 1509 1652 vita
1543 1595 1871 1670 spiritualis
1920 1603 2015 1656 est
2049 1595 2313 1657 charita-

211 1698 326 1770 tis,
383 1703 444 1755 et
473 1696 642 1756 nulla
675 1696 818 1756 fidei
858 1702 1204 1772 separatae,
1241 1694 1383 1754 fidei
1418 1697 1575 1754 enim
1612 1701 1705 1754 est
1738 1698 1893 1756 scire
1930 1701 1992 1755 et
2026 1699 2311 1774 cogitare,

207 1802 276 1855 at
321 1795 630 1856 charitatis
669 1802 764 1854 est
797 1795 958 1856 velle
1007 1801 1070 1854 et
1110 1795 1341 1869 sacere;
1410 1796 1511 1870 qui
1556 1803 1842 1870 separant
1892 1795 2247 1858 charitatem
2280 1814 2318 1856 a

205 1896 328 1956 fide
347 1941 364 1966 ,
415 1895 506 1954 illi
539 1913 788 1972 prorsus
840 1895 985 1954 nihil
1036 1897 1190 1954 scire
1241 1899 1532 1971 possunt,
1590 1894 1735 1970 quid
1779 1895 1923 1955 facit
1971 1895 2219 1957 Coelum
2256 1905 2318 1956 et

206 1995 549 2056 Ecclesiam
575 1995 736 2072 apud
759 1994 1077 2069 hominem,
1117 1997 1206 2053 ita
1232 1993 1377 2071 quid
1401 1996 1585 2052 vitam
1612 1995 2001 2072 spiritualem,
2034 1999 2315 2074 quoniam

211 2113 332 2155 non
369 2099 636 2172 cogitant
669 2097 830 2154 intra
861 2113 930 2155 se
966 2095 1077 2153 sed
1113 2100 1284 2154 extra
1317 2111 1414 2165 se,
1467 2097 1731 2171 cogitare
1770 2103 1941 2154 extra
1974 2113 2041 2156 se
2079 2104 2173 2156 est
2206 2113 2313 2156 so-

207 2195 336 2254 lum
387 2215 463 2254 ex
514 2198 837 2270 memoria,
894 2212 1031 2254 nam
1088 2195 1242 2254 haec
1291 2201 1391 2254 est
1440 2201 1609 2253 extra
1656 2194 1955 2254 hominem
2018 2199 2173 2256 sicut
2222 2203 2317 2257 est

209 2297 431 2354 atrium
465 2315 576 2372 per
609 2295 772 2373 quod
805 2297 1061 2354 intratur
1093 2297 1154 2354 in
1188 2295 1431 2354 domum
1476 2301 1537 2354 et
1591 2295 1721 2370 ejus
1758 2296 2095 2372 conclavia3
2159 2303 2221 2358 et
2252 2298 2315 2356 in

207 2397 634 2471 cogitationem
659 2413 818 2472 quae
857 2401 1026 2456 extra
1053 2396 1348 2453 hominem
1382 2393 1621 2454 coelum
1652 2411 1773 2452 non
1807 2401 2010 2473 potest
2042 2396 2310 2470 influere,

211 2511 360 2552 nam
395 2495 628 2552 coelum
663 2495 850 2555 influit
893 2497 957 2554 in
1001 2495 1108 2554 illa
1153 2512 1310 2571 quae
1358 2496 1515 2553 intra
1548 2492 1847 2553 hominem
1882 2501 2051 2570 sunt,
2108 2502 2169 2554 et
2202 2511 2315 2572 per

215 2611 296 2652 ea
329 2595 392 2650 in
429 2593 536 2652 illa
569 2611 724 2670 quae
759 2602 924 2654 extra
961 2594 1130 2654 illum
1171 2601 1339 2670 sunt3
1393 2592 1529 2652 ind-e
1568 2599 1694 2668 est,
1760 2593 1919 2670 quod
1958 2609 2069 2652 nec
2102 2595 2316 2652 instrui

206 2695 454 2771 possint
491 2694 634 2771 quid
668 2693 808 2753 facit
840 2694 1086 2755 Coelum
1123 2703 1184 2755 et
1218 2692 1585 2768 Ecclesiam,
1624 2709 1735 2752 seu
1774 2696 1954 2753 vitam
1984 2699 2311 2770 aeternam,

155 2862 172 2874 ο
205 2811 350 2854 nam
379 2797 792 2872 unusquisque
821 2796 1138 2854 instruitur
1167 2813 1199 2855 e
1228 2794 1417 2869 coelo,
1444 2794 1557 2854 hoc
1586 2801 1695 2870 est,
1724 2811 1837 2871 per
1866 2792 2099 2877 coelum
2126 2793 2311 2856 aDo·

211 2896 372 2953 mino
419 2894 496 2954 de
538 2893 760 2954 talibus
797 2911 952 2972 quae
989 2902 1130 2953 sunt
1159 2897 1318 2954 vitae
1347 2902 1659 2968 aeternae,
1698 2896 1782 2954 ita
1813 2911 1925 2971 per
1958 2896 2119 2954 viam
2150 2896 2313 2956 vltae

212 2993 365 3068 ejus,
395 3012 548 3070 quae
577 3001 672 3054 est
697 3011 808 3070 per
833 2996 996 3054 viam
1015 2997 1248 3054 animae
1275 3002 1336 3054 et
1361 2995 1553 3053 cordis
1582 2995 1715 3071 ejus
1728 3015 1746 3071 3
1782 2997 1887 3071 qui
1912 2994 2119 3066 credit,
2154 2994 2313 3071 quod

213 3093 282 3149 in
316 3094 744 3168 cognitionibus
771 3077 908 3153 'veri
941 3097 1179 3170 possint
1215 3111 1380 3169 esse,
1434 3096 1535 3170 qui
1568 3102 1853 3170 separant
1888 3093 2239 3155 charitatem
2274 3113 2313 3152 a

212 3189 374 3259 fide,
433 3193 680 3252 multum
725 3193 980 3267 fallitur,
1047 3197 1290 3272 capiunt
1335 3197 1493 3253 enim
1537 3196 1733 3254 omnia
1776 3213 1815 3254 a
1848 3211 1947 3265 se,
2002 3202 2063 3255 et
2094 3194 2240 3254 nihil
2276 3211 2311 3255 e

215 3289 412 3365 coelo,
465 3299 524 3351 et
559 3309 716 3371 quae
766 3292 946 3352 homo
983 3311 1020 3352 a
1055 3310 1122 3353 se
1159 3297 1324 3370 capit
1360 3300 1419 3354 et
1452 3309 1573 3352 non
1620 3311 1655 3352 e
1696 3295 1899 3368 coelo,
1956 3295 2109 3356 haec
2156 3294 2318 3354 salsa

209 3399 386 3462 sunt,
435 3394 580 3467 quia
617 3395 680 3452 in
714 3391 980 3452 tenebris
1017 3396 1270 3470 cogitat,
1313 3401 1373 3453 et
1408 3411 1527 3452 non
1568 3396 1629 3453 in
1664 3394 1831 3469 luce3
1888 3397 2075 3453 omnis
2109 3393 2216 3451 lux
2248 3395 2311 3450 in

205 3488 431 3548 talibus
483 3509 638 3568 quae
684 3491 994 3552 Ecclesiae
1031 3500 1201 3563 sunt,
1263 3511 1296 3553 e
1339 3493 1507 3554 coelo
1562 3497 1779 3554 veniet.
1870 3493 2025 3552 Sunt
2068 3489 2313 3567 quidem

203 3590 268 3648 in
314 3589 594 3650 Ecclesia
657 3591 902 3668 plures,-
971 3593 1080 3669 -qui
1139 3591 1342 3652 dicunt
1394 3592 1745 3654 charitatem
1794 3599 1931 3653 esse
1984 3587 2311 3648 essentiale

203 3688 521 3749 Ecclesiae
567 3697 628 3750 et
667 3709 784 3749 non
830 3690 1010 3751 fidem
1049 3699 1422 3769 separatam,
1489 3693 1599 3752 sed
1633 3692 1833 3752 dicere
1867 3689 1931 3749 id
1964 3693 2025 3747 et
2060 3686 2309 3748 credere

203 3786 295 3861 id,
359 3795 422 3848 et
471 3807 590 3849 non
636 3793 844 3850 vivere
893 3793 1076 3850 vitam
1113 3792 1420 3852 charitatis
1442 3835 1458 3865 ,
1526 3798 1620 3850 est
1668 3789 1843 3848 modo
1892 3787 2093 3847 dicere
2142 3785 2309 3846 illam

206 3903 346 3946 esse
384 3895 444 3947 et
487 3905 606 3948 non
639 3889 838 3950 facere
871 3891 1034 3952 illam
1076 3891 1427 3965 essentiale,
1484 3906 1669 3966 quare
1703 3887 1792 3947 illi
1824 3876 1898 3948 in‘
1922 3885 2135 3947 eodem
2168 3883 2303 3946 loco

204 3993 348 4045 sunt
399 4004 537 4047 cum
585 3989 706 4048 illis
749 3993 853 4066 qui
903 3990 1108 4050 dicunt
1161 3990 1342 4050 fidem
1396 4005 1535 4049 esse
1590 3987 1942 4063 essentiale,
2000 3993 2091 4048 est
2152 3989 2311 4047 enim

203 4085 324 4145 illis
365 4085 629 4148 charitas
675 4089 863 4149 solius
911 4089 1082 4161 fidei,
1137 4097 1197 4149 et
1241 4107 1357 4150 non
1414 4090 1604 4163 vitae,
1672 4095 2041 4167 quapropter
2076 4104 2187 4148 nec
2222 4083 2310 4146 illi

207 4194 460 4259 possunt
509 4187 828 4248 illustrari:
893 4192 956 4249 in
1016 4189 1242 4249 Mundo
1304 4187 1602 4266 spirituali
1661 4196 1915 4268 apparet
1956 4187 2117 4265 apud
2170 4183 2305 4244 illos

305 4302 736 4358 chdcnborg,
779 4305 968 4359 Apoeal.
1000 4305 1111 4358 expl.
1131 4306 1180 4344 ,1.
1918 4285 1955 4344 9
