2700 4792
293 371 574 430 CAPUT
625 369 996 440 QUARTUM.
1720 370 1931 428 vens,
1972 385 2028 434 τ.
2183 386 2293 441 483

131 539 416 613 quinon
451 531 698 593 orbabit
723 531 1000 609 amplius,
1037 528 1407 606 significatur
1440 529 1601 608 quod
1636 548 1753 592 non
1788 532 2007 594 falsum
2032 534 2300 597 destruet

128 653 370 698 verum
403 631 700 710 amplius.
751 631 934 710 Apud
957 629 1228 691 Eundem
1273 628 1539 705 „Mater
1561 636 1679 693 tua
1704 628 1951 707 leaena,
1980 634 2149 697 inter
2172 633 2297 697 leo-

130 757 248 800 nes
287 731 542 800 cubuit
554 752 583 804 ,·
619 731 908 794 suiv-exit
931 747 1100 794 anuo
1127 729 1206 791 de
1228 728 1467 792 catulis
1490 731 1647 814 ejus,
1686 731 1799 811 qui
1824 732 2061 796 didicit
2082 754 2303 816 rapere

133 837 504 919 rapinam,
547 831 830 894 homines
865 829 1239 892 devoravit“
1275 829 1453 892 XIX:
1495 833 1555 892 3.
1602 835 1669 908 63
1724 832 1919 894 Mater
1954 842 2051 905 est
2083 836 2301 896 Eccle-

141 942 240 999 sia
258 983 280 1009 ,
341 937 466 996 hic
514 933 791 994 Ecclesia
848 948 1137 1010 perversa
1153 951 1170 1007 ς
1233 931 1455 991 falsum
1514 932 1656 992 mali
1716 931 2033 994 destruens
2092 952 2305 996 verum

139 1037 557 1116 significatur
589 1050 702 1110 per
733 1032 1008 1093 leaenam
1043 1032 1364 1093 cubantem
1409 1035 1565 1092 inter
1596 1033 1807 1093 leones
1817 1053 1834 1108 3
1888 1052 2001 1111 per
2036 1035 2302 1096 catulum

145 1141 290 1216 ejus
353 1137 476 1215 qui
509 1133 716 1194 didicit
763 1149 980 1209 rapere
1015 1135 1316 1209 rapinam,
1389 1136 1451 1192 et
1510 1136 1614 1209 qui
1650 1132 1965 1194 devoravit
2008 1135 2301 1206 homines,

145 1237 556 1315 significatur
589 1235 934 1312 primarium
971 1232 1186 1292 falsum
1223 1233 1527 1294 doetrinae
1556 1250 1780 1310 eorum,
1820 1235 1981 1312 quod
2006 1236 2303 1296 destruxit

151 1357 310 1398 vera
352 1343 426 1398 et
463 1335 790 1394 consumsit
825 1350 1057 1393 omnem
1091 1332 1469 1393 affectionem
1502 1351 1741 1396 eorum:
1792 1335 1945 1396 haec
1972 1336 2131 1398 dicta
2164 1343 2307 1397 sunt

155 1439 234 1498 de
274 1435 669 1515 principibus
704 1433 950 1493 Israelis
967 1477 984 1509 ,
1033 1450 1144 1510 per
1179 1450 1328 1518 quos
1377 1433 1785 1510 significantur
1817 1437 2100 1514 primaria
2133 1454 2302 1509 vera,

159 1539 264 1600 hic
305 1544 522 1598 autem
557 1537 617 1594 iu
653 1534 930 1610 opposito
965 1549 1150 1593 sensu
1182 1535 1469 1610 primaria
1500 1533 1675 1594 falsa.
1754 1536 1939 1612 Apud
1971 1536 2301 1598 Jeremiam

169 1681 204 1712 „
223 1637 394 1698 Fiet
424 1633 674 1696 Ohazor
706 1633 777 1694 in
818 1630 1252 1694 habitaculum
1291 1630 1665 1710 draconum,
1706 1632 2158 1698 desolationem
2180 1655 2299 1698 us·-

165 1756 288 1816 que
331 1738 412 1798 in
449 1730 802 1803 sacculum,
849 1751 976 1794 non
1013 1732 1327 1794 habitabit
1360 1732 1453 1794 ibi
1490 1732 1611 1804 vir,
1672 1754 1781 1798 nec
1818 1736 2307 1804 commorabitur

170 1837 246 1898 in
303 1857 390 1900 ca
418 1832 612 1918 filius
653 1832 929 1894 hontinie
951 1835 987 1866 “
1055 1833 1291 1895 XLIX:
1335 1835 1424 1895 33
1440 1855 1457 1912 ;
1512 1839 1735 1914 agitur
1778 1837 1862 1896 ibi
1922 1837 1997 1898 de
2030 1835 2308 1898 Ecclesia

179 1955 344 2014 quae
379 1941 444 1998 in
477 1935 648 1996 falsis
683 1940 746 1996 et
775 1937 837 1992 in
871 1933 1050 1993 nullis
1086 1937 1274 2010 veris3
1329 1933 1566 1996 Chazor
1610 1938 1905 2015 significat
1938 1940 2307 2016 cognitiones

178 2041 350 2115 veri3
389 2037 755 2114 cognitiones
781 2034 922 2094 falsi
945 2034 1355 2111 significantur
1375 2053 1487 2110 per
1511 2036 1921 2097 habitaculum
1952 2037 2307 2108 draconum3

187 2138 354 2210 quod
387 2138 468 2198 ibi
501 2153 621 2197 non
646 2152 856 2194 verum
893 2141 955 2194 et
977 2153 1100 2196 non
1126 2135 1397 2194 doctrina
1420 2138 1567 2208 veri,
1604 2137 1973 2214 significatur
2004 2155 2117 2214 per
2144 2137 2307 2214 quod

187 2253 312 2294 non
345 2236 637 2297 habitabit
671 2233 754 2294 ibi
787 2238 908 2308 vir,
963 2252 1074 2295 nec
1113 2235 1573 2294 commorabitur
1616 2237 1678 2294 in
1716 2253 1789 2296 ea
1835 2237 1995 2296 filius
2030 2237 2309 2310 hominis,

199 2336 295 2390 vir
331 2343 422 2394 est
449 2354 657 2398 verum
707 2342 768 2396 et
801 2335 963 2396 filius
995 2336 1246 2395 hominis
1297 2340 1391 2393 est
1426 2335 1695 2394 doctrina
1729 2339 1877 2396 veri.
1953 2335 2027 2398 In
2061 2339 2307 2416 Apoca-

203 2429 368 2507 lypsi
425 2477 460 2510 „
481 2433 738 2498 Mensae
794 2441 890 2496 est
925 2454 1182 2497 murum
1217 2432 1491 2496 Sanctae
1528 2433 2019 2516 Hiero-solymae
2064 2442 2310 2499 centum

200 2531 634 2616 quadraginta
669 2542 946 2615 quatuor
979 2535 1346 2611 cubitowm,
1387 2553 1685 2597 mensura
1719 2534 1995 2596 hominis
2026 2554 2186 2616 quac
2210 2542 2310 2598 est

199 2631 482 2714 Anyeli“
534 2637 722 2698 XXI:
785 2641 812 2696 1
835 2643 904 2713 ’ῖς
970 2653 1144 2696 nemo
1191 2635 1606 2697 intellecturus
1669 2643 1763 2696 est
1812 2635 1955 2712 quid
2012 2634 2310 2712 significat

197 2736 356 2810 quod
388 2754 596 2797 murus
649 2745 894 2797 sanctae
929 2736 1386 2814 Hierosolymae
1438 2742 1603 2798 esset
1656 2740 1791 2796 144
1828 2735 2192 2810 cubitorum,
2248 2743 2312 2798 et

197 2837 356 2910 quod
387 2838 542 2898 haec
575 2855 858 2897 mensura
894 2843 1057 2896 esset
1089 2837 1344 2898 hominis
1400 2853 1555 2914 quae
1592 2843 1685 2897 est
1717 2835 1953 2914 Angeli,
2001 2837 2117 2896 nisi
2152 2837 2309 2896 sciat

195 2937 334 3010 quid
379 2937 676 3015 significat
721 2944 936 2998 sancta
979 2937 1429 3016 Hierosolyma,
1496 2937 1641 3016 quid
1688 2953 1894 2998 murus
1942 2937 2075 3017 ejus
2094 2980 2111 3012 ,
2164 2935 2311 3013 quid

197 3051 480 3098 numerus
522 3039 695 3107 144,
746 3045 871 3098 tum
909 3037 1050 3114 quid
1080 3037 1260 3096 bomo
1297 3044 1359 3097 et
1394 3037 1537 3115 quid
1572 3038 1823 3117 angelus
1839 3059 1857 3116 ;
1910 3027 2123 3100 sancta
2153 3035 2308 3100 Hie-

195 3139 494 3216 rosolyma
528 3137 826 3216 significat
858 3137 1192 3200 Ecclesiam
1232 3137 1433 3214 quoad
1460 3138 1820 3215 doctrinam;
1856 3154 2065 3199 murus
2097 3155 2311 3199 verum

195 3239 425 3314 tutans3
463 3254 746 3298 numerus
793 3240 932 3298 144
972 3237 1308 3315 significant
1340 3240 1543 3298 omnia
1567 3257 1717 3300 vera
1750 3257 1828 3299 ex
1862 3241 2019 3300 bono
2051 3241 2115 3298 in
2140 3253 2307 3298 com·

193 3336 408 3414 plexu3
461 3337 638 3398 homo
685 3339 984 3416 significat
1027 3339 1432 3416 receptionem
1468 3355 1677 3400 eorum
1712 3356 1787 3399 ex
1823 3339 2169 3414 affectione,
2219 3339 2309 3398 si·

194 3438 332 3500 mile
360 3437 632 3515 Angelus
647 3457 664 3514 3
701 3438 848 3500 ideo·
873 3438 1092 3498 dicitur
1127 3437 1288 3516 quod
1320 3440 1399 3497 sit
1421 3454 1705 3497 mensura
1737 3437 1989 3499 hominis
2024 3453 2181 3514 quae
2217 3442 2313 3497 est

193 3537 440 3618 Augen,
495 3555 776 3598 mensura
809 3537 1105 3616 significat
1139 3538 1350 3617 quale:
1406 3554 1481 3596 ex
1514 3535 1611 3596 his
1634 3541 1832 3614 patet,
1872 3534 2171 3612 quemodo
2202 3534 2314 3594 illa

195 3640 384 3699 verba
415 3637 806 3716 spiritualiter
851 3638 1242 3716 intelligenda
1288 3644 1460 3714 sunt3
1514 3635 1625 3695 sed
1654 3635 1827 3694 haec.
1855 3633 2074 3694 clarius
2110 3633 2308 3711 expli·

195 3747 330 3800 cata
388 3739 708 3799 videantur
765 3743 828 3798 in
884 3739 1212 3800 Doc'rmm
1268 3738 1490 3801 Novar.
1546 3735 2033 3798 Hmnosemrmu
2099 3752 2171 3794 n:
2242 3736 2305 3794 1.

198 3836 488 3914 Quoniam
523 3856 636 3916 per
669 3839 968 3900 hominem
1011 3839 1381 3918 significatur
1429 3837 1665 3899 affectio
1711 3837 1841 3896 veri
1886 3833 2213 3912 spiritualis
2248 3839 2313 3894 et

193 3936 327 4000 inde
363 3941 680 4016 sapientia,
715 3941 854 4002 ideo
879 3955 989 4017 per
1017 3937 1187 3998 illum
1223 3941 1405 4001 etiam
1438 3938 1807 4018 significatur
1838 3934 2129 4005 Ecclesia,
2166 3935 2310 4012 quia

195 4034 468 4100 Ecclesia
501 4039 666 4118 apud
696 4040 996 4100 hominem
1033 4045 1128 4100 est
1160 4039 1441 4100 Ecclesia
1486 4057 1562 4100 ex
1596 4039 1914 4101 affectione
1962 4037 2092 4098 veri
2125 4036 2307 4113 spiri-

194 4139 340 4200 tuali
375 4146 437 4200 et
468 4141 608 4201 inde
643 4143 974 4218 sapientia3
1029 4155 1105 4200 ex
1140 4156 1258 4216 quo
1291 4145 1493 4214 patet,
1544 4139 1690 4216 quid
1722 4141 1785 4198 in
1818 4140 2033 4200 Primis
2071 4135 2305 4215 Capiti·

195 4234 304 4300 bus
345 4238 662 4304 Geneseos
697 4241 1050 4319 intelligitur
1083 4257 1194 4317 per
1227 4237 1572 4314 Hominem,
1628 4237 1790 4312 quod
1839 4255 2057 4315 nempe
2092 4236 2309 4298 Eccle-

1816 4338 1897 4394 31
1937 4330 1978 4372 ²*
2267 4336 2276 4342 ’
