<?xml version="1.0" encoding="UTF-8"?>
<!DOCTYPE html PUBLIC "-//W3C//DTD XHTML 1.0 Transitional//EN"
    "http://www.w3.org/TR/xhtml1/DTD/xhtml1-transitional.dtd">
<html xmlns="http://www.w3.org/1999/xhtml" xml:lang="en" lang="en">
 <head>
  <title>
</title>
<meta http-equiv="Content-Type" content="text/html;charset=utf-8" />
  <meta name='ocr-system' content='tesseract 3.04.00' />
  <meta name='ocr-capabilities' content='ocr_page ocr_carea ocr_par ocr_line ocrx_word'/>
</head>
<body>
  <div class='ocr_page' id='page_1' title='image "./apocalypsisexpl01unkngoog_0516.png"; bbox 0 0 2700 4792; ppageno 0'>
   <div class='ocr_carea' id='block_1_1' title="bbox 419 311 2114 380">
    <p class='ocr_par' dir='ltr' id='par_1_1' title="bbox 419 311 2114 380">
     <span class='ocr_line' id='line_1_1' title="bbox 419 311 2114 380; baseline 0.009 -27"><span class='ocrx_word' id='word_1_1' title='bbox 419 325 528 376; x_wconf 65' lang='lat'><strong>512</strong></span> <span class='ocrx_word' id='word_1_2' title='bbox 703 345 712 356; x_wconf 94' lang='lat'><strong>.</strong></span> <span class='ocrx_word' id='word_1_3' title='bbox 839 311 1335 368; x_wconf 68' lang='lat' dir='ltr'>APOCALYPSIS</span> <span class='ocrx_word' id='word_1_4' title='bbox 1377 311 1813 369; x_wconf 73' lang='lat' dir='ltr'><strong>ExrucATA.</strong></span> <span class='ocrx_word' id='word_1_5' title='bbox 1894 311 2114 380; x_wconf 69' lang='lat' dir='ltr'><strong>§.ee-1.</strong></span> 
     </span>
    </p>
   </div>
   <div class='ocr_carea' id='block_1_2' title="bbox 217 469 2601 4264">
    <p class='ocr_par' dir='ltr' id='par_1_2' title="bbox 217 469 2601 4264">
     <span class='ocr_line' id='line_1_2' title="bbox 413 469 2569 554; baseline 0 -18"><span class='ocrx_word' id='word_1_6' title='bbox 413 492 554 536; x_wconf 69' lang='lat' dir='ltr'><strong>nm</strong></span> <span class='ocrx_word' id='word_1_7' title='bbox 575 471 648 534; x_wconf 77' lang='lat' dir='ltr'><strong>in</strong></span> <span class='ocrx_word' id='word_1_8' title='bbox 671 471 1018 554; x_wconf 70' lang='lat' dir='ltr'><strong>imaqinem</strong></span> <span class='ocrx_word' id='word_1_9' title='bbox 1041 489 1248 548; x_wconf 67' lang='lat' dir='ltr'><strong>auam,</strong></span> <span class='ocrx_word' id='word_1_10' title='bbox 1278 471 1350 533; x_wconf 77' lang='lat' dir='ltr'><strong>in</strong></span> <span class='ocrx_word' id='word_1_11' title='bbox 1375 470 1725 552; x_wconf 68' lang='lat' dir='ltr'><strong>imayinem</strong></span> <span class='ocrx_word' id='word_1_12' title='bbox 1736 469 1877 532; x_wconf 74' lang='lat' dir='ltr'><strong>Det·</strong></span> <span class='ocrx_word' id='word_1_13' title='bbox 1900 469 2137 532; x_wconf 75' lang='lat' dir='ltr'><strong>mavit</strong></span> <span class='ocrx_word' id='word_1_14' title='bbox 2162 487 2337 532; x_wconf 78' lang='lat' dir='ltr'><strong>eum.-</strong></span> <span class='ocrx_word' id='word_1_15' title='bbox 2366 489 2569 536; x_wconf 69' lang='lat' dir='ltr'><strong>ma—</strong></span> 
     </span>
     <span class='ocr_line' id='line_1_3' title="bbox 415 571 2571 654; baseline 0 -18"><span class='ocrx_word' id='word_1_16' title='bbox 415 571 629 636; x_wconf 70' lang='lat' dir='ltr'><strong>mlum</strong></span> <span class='ocrx_word' id='word_1_17' title='bbox 663 572 1096 654; x_wconf 69' lang='lat' dir='ltr'><strong>etsoeminam</strong></span> <span class='ocrx_word' id='word_1_18' title='bbox 1121 571 1362 634; x_wconf 74' lang='lat' dir='ltr'><strong>mavit</strong></span> <span class='ocrx_word' id='word_1_19' title='bbox 1384 574 1539 632; x_wconf 78' lang='lat' dir='ltr'><strong>eos“</strong></span> <span class='ocrx_word' id='word_1_20' title='bbox 1584 571 1647 631; x_wconf 77' lang='lat'><strong>1:</strong></span> <span class='ocrx_word' id='word_1_21' title='bbox 1689 573 1747 630; x_wconf 90' lang='lat'><strong>1.</strong></span> <span class='ocrx_word' id='word_1_22' title='bbox 1783 575 1847 631; x_wconf 83' lang='lat'><strong>2.</strong></span> <span class='ocrx_word' id='word_1_23' title='bbox 1884 572 1945 630; x_wconf 82' lang='lat'><strong>3.</strong></span> <span class='ocrx_word' id='word_1_24' title='bbox 1982 573 2094 647; x_wconf 80' lang='lat'><strong>2⁷3</strong></span> <span class='ocrx_word' id='word_1_25' title='bbox 2132 573 2335 650; x_wconf 79' lang='lat' dir='ltr'><strong>agitur</strong></span> <span class='ocrx_word' id='word_1_26' title='bbox 2360 573 2449 634; x_wconf 85' lang='lat' dir='ltr'><strong>ibi</strong></span> <span class='ocrx_word' id='word_1_27' title='bbox 2478 575 2571 636; x_wconf 82' lang='lat' dir='ltr'><strong>de</strong></span> 
     </span>
     <span class='ocr_line' id='line_1_4' title="bbox 413 670 2561 748; baseline 0 -14"><span class='ocrx_word' id='word_1_28' title='bbox 413 675 846 734; x_wconf 72' lang='lat' dir='ltr'><strong>instauratione</strong></span> <span class='ocrx_word' id='word_1_29' title='bbox 872 673 1186 734; x_wconf 81' lang='lat' dir='ltr'><strong>Ecclesiae</strong></span> <span class='ocrx_word' id='word_1_30' title='bbox 1219 673 1457 732; x_wconf 86' lang='lat' dir='ltr'><strong>Prlmae</strong></span> <span class='ocrx_word' id='word_1_31' title='bbox 1494 674 1555 732; x_wconf 89' lang='lat' dir='ltr'><strong>in</strong></span> <span class='ocrx_word' id='word_1_32' title='bbox 1586 671 1701 732; x_wconf 86' lang='lat' dir='ltr'><strong>hac</strong></span> <span class='ocrx_word' id='word_1_33' title='bbox 1732 670 2006 748; x_wconf 84' lang='lat' dir='ltr'><strong>Tellure;</strong></span> <span class='ocrx_word' id='word_1_34' title='bbox 2042 671 2393 733; x_wconf 79' lang='lat' dir='ltr'><strong>reformatio</strong></span> <span class='ocrx_word' id='word_1_35' title='bbox 2424 675 2561 734; x_wconf 81' lang='lat' dir='ltr'><strong>ho-</strong></span> 
     </span>
     <span class='ocr_line' id='line_1_5' title="bbox 413 771 2557 851; baseline 0.001 -17"><span class='ocrx_word' id='word_1_36' title='bbox 413 777 638 834; x_wconf 88' lang='lat' dir='ltr'><strong>minnm</strong></span> <span class='ocrx_word' id='word_1_37' title='bbox 687 773 848 832; x_wconf 86' lang='lat' dir='ltr'><strong>illius</strong></span> <span class='ocrx_word' id='word_1_38' title='bbox 894 773 1206 834; x_wconf 77' lang='lat' dir='ltr'><strong>Ecclesiae</strong></span> <span class='ocrx_word' id='word_1_39' title='bbox 1257 772 1459 851; x_wconf 87' lang='lat' dir='ltr'><strong>quoad</strong></span> <span class='ocrx_word' id='word_1_40' title='bbox 1502 771 1809 832; x_wconf 83' lang='lat' dir='ltr'><strong>Internum</strong></span> <span class='ocrx_word' id='word_1_41' title='bbox 1861 778 1922 830; x_wconf 88' lang='lat' dir='ltr'><strong>et</strong></span> <span class='ocrx_word' id='word_1_42' title='bbox 1970 771 2170 849; x_wconf 86' lang='lat' dir='ltr'><strong>quoad</strong></span> <span class='ocrx_word' id='word_1_43' title='bbox 2214 772 2557 836; x_wconf 81' lang='lat' dir='ltr'><strong>Externum</strong></span> 
     </span>
     <span class='ocr_line' id='line_1_6' title="bbox 421 870 2549 954; baseline 0 -20"><span class='ocrx_word' id='word_1_44' title='bbox 421 891 646 947; x_wconf 84' lang='lat' dir='ltr'><strong>eorum,</strong></span> <span class='ocrx_word' id='word_1_45' title='bbox 671 872 1024 951; x_wconf 78' lang='lat' dir='ltr'><strong>intelligitur</strong></span> <span class='ocrx_word' id='word_1_46' title='bbox 1047 891 1160 951; x_wconf 88' lang='lat' dir='ltr'><strong>per</strong></span> <span class='ocrx_word' id='word_1_47' title='bbox 1185 874 1549 933; x_wconf 79' lang='lat' dir='ltr'><strong>creationem</strong></span> <span class='ocrx_word' id='word_1_48' title='bbox 1574 871 1747 933; x_wconf 85' lang='lat' dir='ltr'><strong>Coeli</strong></span> <span class='ocrx_word' id='word_1_49' title='bbox 1772 879 1835 931; x_wconf 92' lang='lat' dir='ltr'><strong>et</strong></span> <span class='ocrx_word' id='word_1_50' title='bbox 1849 870 2079 932; x_wconf 81' lang='lat' dir='ltr'><strong>Terrae</strong></span> <span class='ocrx_word' id='word_1_51' title='bbox 2102 874 2164 930; x_wconf 84' lang='lat' dir='ltr'><strong>in</strong></span> <span class='ocrx_word' id='word_1_52' title='bbox 2192 889 2263 932; x_wconf 90' lang='lat' dir='ltr'><strong>eo</strong></span> <span class='ocrx_word' id='word_1_53' title='bbox 2291 871 2549 954; x_wconf 82' lang='lat' dir='ltr'><strong>Capite3</strong></span> 
     </span>
     <span class='ocr_line' id='line_1_7' title="bbox 417 971 2553 1054; baseline 0.001 -21"><span class='ocrx_word' id='word_1_54' title='bbox 417 975 580 1054; x_wconf 85' lang='lat' dir='ltr'><strong>quod</strong></span> <span class='ocrx_word' id='word_1_55' title='bbox 612 975 780 1053; x_wconf 81' lang='lat' dir='ltr'><strong>prius</strong></span> <span class='ocrx_word' id='word_1_56' title='bbox 816 973 986 1033; x_wconf 89' lang='lat' dir='ltr'><strong>nulla</strong></span> <span class='ocrx_word' id='word_1_57' title='bbox 1017 973 1325 1043; x_wconf 78' lang='lat' dir='ltr'><strong>Ecclesia,</strong></span> <span class='ocrx_word' id='word_1_58' title='bbox 1362 974 1505 1052; x_wconf 86' lang='lat' dir='ltr'><strong>quia</strong></span> <span class='ocrx_word' id='word_1_59' title='bbox 1536 971 1809 1032; x_wconf 85' lang='lat' dir='ltr'><strong>homines</strong></span> <span class='ocrx_word' id='word_1_60' title='bbox 1846 971 2077 1048; x_wconf 80' lang='lat' dir='ltr'><strong>absque</strong></span> <span class='ocrx_word' id='word_1_61' title='bbox 2104 971 2261 1032; x_wconf 89' lang='lat' dir='ltr'><strong>bono</strong></span> <span class='ocrx_word' id='word_1_62' title='bbox 2298 980 2361 1034; x_wconf 89' lang='lat' dir='ltr'><strong>et</strong></span> <span class='ocrx_word' id='word_1_63' title='bbox 2393 993 2553 1036; x_wconf 86' lang='lat' dir='ltr'><strong>vero</strong></span> 
     </span>
     <span class='ocr_line' id='line_1_8' title="bbox 419 1073 2561 1153; baseline 0.001 -19"><span class='ocrx_word' id='word_1_64' title='bbox 419 1081 608 1150; x_wconf 85' lang='lat' dir='ltr'><strong>erant,</strong></span> <span class='ocrx_word' id='word_1_65' title='bbox 637 1074 1006 1151; x_wconf 76' lang='lat' dir='ltr'><strong>signffieatur</strong></span> <span class='ocrx_word' id='word_1_66' title='bbox 1030 1091 1142 1152; x_wconf 85' lang='lat' dir='ltr'><strong>per</strong></span> <span class='ocrx_word' id='word_1_67' title='bbox 1155 1073 1312 1152; x_wconf 84' lang='lat' dir='ltr'><strong>quod</strong></span> <span class='ocrx_word' id='word_1_68' title='bbox 1340 1080 1503 1132; x_wconf 88' lang='lat' dir='ltr'><strong>terra</strong></span> <span class='ocrx_word' id='word_1_69' title='bbox 1526 1080 1693 1134; x_wconf 86' lang='lat' dir='ltr'><strong>esset</strong></span> <span class='ocrx_word' id='word_1_70' title='bbox 1710 1089 1905 1132; x_wconf 85' lang='lat' dir='ltr'><strong>vacua</strong></span> <span class='ocrx_word' id='word_1_71' title='bbox 1939 1078 2001 1132; x_wconf 88' lang='lat' dir='ltr'><strong>et</strong></span> <span class='ocrx_word' id='word_1_72' title='bbox 2022 1073 2250 1148; x_wconf 84' lang='lat' dir='ltr'><strong>inanis3</strong></span> <span class='ocrx_word' id='word_1_73' title='bbox 2290 1082 2352 1133; x_wconf 92' lang='lat' dir='ltr'><strong>et</strong></span> <span class='ocrx_word' id='word_1_74' title='bbox 2378 1076 2561 1153; x_wconf 86' lang='lat' dir='ltr'><strong>quod</strong></span> 
     </span>
     <span class='ocr_line' id='line_1_9' title="bbox 419 1173 2557 1252; baseline 0.001 -18"><span class='ocrx_word' id='word_1_75' title='bbox 419 1179 482 1236; x_wconf 88' lang='lat' dir='ltr'><strong>in</strong></span> <span class='ocrx_word' id='word_1_76' title='bbox 517 1175 708 1234; x_wconf 85' lang='lat' dir='ltr'><strong>densa</strong></span> <span class='ocrx_word' id='word_1_77' title='bbox 740 1175 1074 1252; x_wconf 75' lang='lat' dir='ltr'><strong>ignorantia</strong></span> <span class='ocrx_word' id='word_1_78' title='bbox 1107 1182 1169 1234; x_wconf 93' lang='lat' dir='ltr'><strong>et</strong></span> <span class='ocrx_word' id='word_1_79' title='bbox 1195 1190 1437 1252; x_wconf 84' lang='lat' dir='ltr'><strong>quoque</strong></span> <span class='ocrx_word' id='word_1_80' title='bbox 1472 1175 1532 1232; x_wconf 90' lang='lat' dir='ltr'><strong>in</strong></span> <span class='ocrx_word' id='word_1_81' title='bbox 1558 1173 1729 1234; x_wconf 83' lang='lat' dir='ltr'><strong>falsis</strong></span> <span class='ocrx_word' id='word_1_82' title='bbox 1758 1175 1931 1250; x_wconf 87' lang='lat' dir='ltr'><strong>prius</strong></span> <span class='ocrx_word' id='word_1_83' title='bbox 1957 1173 2193 1248; x_wconf 83' lang='lat' dir='ltr'><strong>fuerint,</strong></span> <span class='ocrx_word' id='word_1_84' title='bbox 2235 1175 2557 1251; x_wconf 82' lang='lat' dir='ltr'><strong>significa-</strong></span> 
     </span>
     <span class='ocr_line' id='line_1_10' title="bbox 421 1272 2556 1354; baseline 0 -18"><span class='ocrx_word' id='word_1_85' title='bbox 421 1286 518 1336; x_wconf 82' lang='lat' dir='ltr'><strong>tur</strong></span> <span class='ocrx_word' id='word_1_86' title='bbox 542 1291 656 1354; x_wconf 85' lang='lat' dir='ltr'><strong>per</strong></span> <span class='ocrx_word' id='word_1_87' title='bbox 667 1273 830 1352; x_wconf 85' lang='lat' dir='ltr'><strong>quod</strong></span> <span class='ocrx_word' id='word_1_88' title='bbox 855 1273 1140 1334; x_wconf 86' lang='lat' dir='ltr'><strong>tenebrae</strong></span> <span class='ocrx_word' id='word_1_89' title='bbox 1167 1290 1351 1351; x_wconf 87' lang='lat' dir='ltr'><strong>super</strong></span> <span class='ocrx_word' id='word_1_90' title='bbox 1378 1272 1649 1344; x_wconf 80' lang='lat' dir='ltr'><strong>faciebus</strong></span> <span class='ocrx_word' id='word_1_91' title='bbox 1676 1272 1912 1351; x_wconf 79' lang='lat' dir='ltr'><strong>abyssi3</strong></span> <span class='ocrx_word' id='word_1_92' title='bbox 1948 1274 2145 1350; x_wconf 89' lang='lat' dir='ltr'><strong>prima</strong></span> <span class='ocrx_word' id='word_1_93' title='bbox 2168 1289 2373 1334; x_wconf 88' lang='lat' dir='ltr'><strong>eorum</strong></span> <span class='ocrx_word' id='word_1_94' title='bbox 2400 1276 2556 1336; x_wconf 88' lang='lat' dir='ltr'><strong>illu-</strong></span> 
     </span>
     <span class='ocr_line' id='line_1_11' title="bbox 423 1372 2553 1452; baseline 0.001 -17"><span class='ocrx_word' id='word_1_95' title='bbox 423 1377 670 1436; x_wconf 89' lang='lat' dir='ltr'><strong>minatio</strong></span> <span class='ocrx_word' id='word_1_96' title='bbox 692 1372 1062 1452; x_wconf 77' lang='lat' dir='ltr'><strong>significatur</strong></span> <span class='ocrx_word' id='word_1_97' title='bbox 1077 1391 1188 1451; x_wconf 89' lang='lat' dir='ltr'><strong>per</strong></span> <span class='ocrx_word' id='word_1_98' title='bbox 1207 1373 1368 1452; x_wconf 88' lang='lat' dir='ltr'><strong>quod</strong></span> <span class='ocrx_word' id='word_1_99' title='bbox 1392 1375 1637 1452; x_wconf 84' lang='lat' dir='ltr'><strong>spiritus</strong></span> <span class='ocrx_word' id='word_1_100' title='bbox 1647 1373 1765 1433; x_wconf 90' lang='lat' dir='ltr'><strong>Dei</strong></span> <span class='ocrx_word' id='word_1_101' title='bbox 1792 1390 1861 1434; x_wconf 89' lang='lat' dir='ltr'><strong>se</strong></span> <span class='ocrx_word' id='word_1_102' title='bbox 1875 1373 2127 1432; x_wconf 83' lang='lat' dir='ltr'><strong>moverit</strong></span> <span class='ocrx_word' id='word_1_103' title='bbox 2149 1388 2335 1452; x_wconf 88' lang='lat' dir='ltr'><strong>super</strong></span> <span class='ocrx_word' id='word_1_104' title='bbox 2348 1377 2553 1438; x_wconf 78' lang='lat' dir='ltr'><strong>iacie-</strong></span> 
     </span>
     <span class='ocr_line' id='line_1_12' title="bbox 417 1472 2553 1556; baseline 0 -20"><span class='ocrx_word' id='word_1_105' title='bbox 417 1478 532 1538; x_wconf 81' lang='lat' dir='ltr'><strong>bus</strong></span> <span class='ocrx_word' id='word_1_106' title='bbox 561 1492 880 1553; x_wconf 87' lang='lat' dir='ltr'><strong>aquarum,</strong></span> <span class='ocrx_word' id='word_1_107' title='bbox 917 1479 980 1534; x_wconf 85' lang='lat' dir='ltr'><strong>et</strong></span> <span class='ocrx_word' id='word_1_108' title='bbox 1023 1474 1242 1534; x_wconf 83' lang='lat' dir='ltr'><strong>dixerit</strong></span> <span class='ocrx_word' id='word_1_109' title='bbox 1280 1473 1451 1534; x_wconf 88' lang='lat' dir='ltr'><strong>Deus</strong></span> <span class='ocrx_word' id='word_1_110' title='bbox 1486 1474 1591 1532; x_wconf 83' lang='lat' dir='ltr'><strong>fiat</strong></span> <span class='ocrx_word' id='word_1_111' title='bbox 1620 1474 1753 1533; x_wconf 82' lang='lat' dir='ltr'><strong>Lux</strong></span> <span class='ocrx_word' id='word_1_112' title='bbox 1792 1480 1855 1534; x_wconf 89' lang='lat' dir='ltr'><strong>et</strong></span> <span class='ocrx_word' id='word_1_113' title='bbox 1892 1472 2054 1533; x_wconf 80' lang='lat' dir='ltr'><strong>facta</strong></span> <span class='ocrx_word' id='word_1_114' title='bbox 2083 1481 2179 1533; x_wconf 90' lang='lat' dir='ltr'><strong>est</strong></span> <span class='ocrx_word' id='word_1_115' title='bbox 2210 1475 2374 1552; x_wconf 87' lang='lat' dir='ltr'><strong>Lux,</strong></span> <span class='ocrx_word' id='word_1_116' title='bbox 2432 1495 2553 1556; x_wconf 86' lang='lat' dir='ltr'><strong>per</strong></span> 
     </span>
     <span class='ocr_line' id='line_1_13' title="bbox 419 1573 2548 1654; baseline 0 -16"><span class='ocrx_word' id='word_1_117' title='bbox 419 1576 704 1654; x_wconf 84' lang='lat' dir='ltr'><strong>Spiritum</strong></span> <span class='ocrx_word' id='word_1_118' title='bbox 725 1575 844 1635; x_wconf 89' lang='lat' dir='ltr'><strong>Dei</strong></span> <span class='ocrx_word' id='word_1_119' title='bbox 867 1573 1235 1652; x_wconf 76' lang='lat' dir='ltr'><strong>significatur</strong></span> <span class='ocrx_word' id='word_1_120' title='bbox 1251 1573 1538 1633; x_wconf 65' lang='lat' dir='ltr'><strong>Dixinum</strong></span> <span class='ocrx_word' id='word_1_121' title='bbox 1564 1574 1793 1634; x_wconf 88' lang='lat' dir='ltr'><strong>Verum</strong></span> <span class='ocrx_word' id='word_1_122' title='bbox 1830 1574 2168 1652; x_wconf 84' lang='lat' dir='ltr'><strong>procedens</strong></span> <span class='ocrx_word' id='word_1_123' title='bbox 2198 1595 2233 1636; x_wconf 85' lang='lat' dir='ltr'><strong>a</strong></span> <span class='ocrx_word' id='word_1_124' title='bbox 2258 1577 2548 1651; x_wconf 87' lang='lat' dir='ltr'><strong>Domino,</strong></span> 
     </span>
     <span class='ocr_line' id='line_1_14' title="bbox 417 1645 2549 1755; baseline 0.001 -20"><span class='ocrx_word' id='word_1_125' title='bbox 417 1683 480 1735; x_wconf 82' lang='lat' dir='ltr'><strong>et</strong></span> <span class='ocrx_word' id='word_1_126' title='bbox 501 1692 613 1755; x_wconf 89' lang='lat' dir='ltr'><strong>per</strong></span> <span class='ocrx_word' id='word_1_127' title='bbox 638 1692 883 1735; x_wconf 82' lang='lat' dir='ltr'><strong>movere</strong></span> <span class='ocrx_word' id='word_1_128' title='bbox 915 1691 986 1734; x_wconf 85' lang='lat' dir='ltr'><strong>se</strong></span> <span class='ocrx_word' id='word_1_129' title='bbox 1011 1691 1196 1751; x_wconf 87' lang='lat' dir='ltr'><strong>super</strong></span> <span class='ocrx_word' id='word_1_130' title='bbox 1223 1645 1495 1734; x_wconf 83' lang='lat' dir='ltr'><strong>faciebus</strong></span> <span class='ocrx_word' id='word_1_131' title='bbox 1538 1693 1825 1751; x_wconf 87' lang='lat' dir='ltr'><strong>aquarum</strong></span> <span class='ocrx_word' id='word_1_132' title='bbox 1868 1676 2237 1752; x_wconf 80' lang='lat' dir='ltr'><strong>significatur</strong></span> <span class='ocrx_word' id='word_1_133' title='bbox 2269 1677 2549 1738; x_wconf 88' lang='lat' dir='ltr'><strong>illustra-</strong></span> 
     </span>
     <span class='ocr_line' id='line_1_15' title="bbox 415 1773 2544 1856; baseline 0.002 -22"><span class='ocrx_word' id='word_1_134' title='bbox 415 1779 530 1850; x_wconf 89' lang='lat' dir='ltr'><strong>tio,</strong></span> <span class='ocrx_word' id='word_1_135' title='bbox 570 1773 762 1834; x_wconf 86' lang='lat' dir='ltr'><strong>simile</strong></span> <span class='ocrx_word' id='word_1_136' title='bbox 789 1792 902 1851; x_wconf 90' lang='lat' dir='ltr'><strong>per</strong></span> <span class='ocrx_word' id='word_1_137' title='bbox 924 1775 1148 1834; x_wconf 87' lang='lat' dir='ltr'><strong>Lucem</strong></span> <span class='ocrx_word' id='word_1_138' title='bbox 1175 1775 1575 1851; x_wconf 81' lang='lat' dir='ltr'><strong>significatur,</strong></span> <span class='ocrx_word' id='word_1_139' title='bbox 1632 1783 1693 1836; x_wconf 91' lang='lat' dir='ltr'><strong>et</strong></span> <span class='ocrx_word' id='word_1_140' title='bbox 1720 1792 1831 1852; x_wconf 89' lang='lat' dir='ltr'><strong>per</strong></span> <span class='ocrx_word' id='word_1_141' title='bbox 1856 1775 2020 1836; x_wconf 86' lang='lat' dir='ltr'><strong>sacta</strong></span> <span class='ocrx_word' id='word_1_142' title='bbox 2046 1782 2141 1836; x_wconf 85' lang='lat' dir='ltr'><strong>est</strong></span> <span class='ocrx_word' id='word_1_143' title='bbox 2182 1777 2313 1839; x_wconf 80' lang='lat' dir='ltr'><strong>Lux</strong></span> <span class='ocrx_word' id='word_1_144' title='bbox 2336 1781 2544 1856; x_wconf 77' lang='lat' dir='ltr'><strong>signi-</strong></span> 
     </span>
     <span class='ocr_line' id='line_1_16' title="bbox 413 1873 2541 1952; baseline 0.003 -18"><span class='ocrx_word' id='word_1_145' title='bbox 413 1875 628 1936; x_wconf 87' lang='lat' dir='ltr'><strong>iicatur</strong></span> <span class='ocrx_word' id='word_1_146' title='bbox 661 1876 928 1951; x_wconf 86' lang='lat' dir='ltr'><strong>receptio</strong></span> <span class='ocrx_word' id='word_1_147' title='bbox 964 1873 1170 1932; x_wconf 82' lang='lat' dir='ltr'><strong>Divini</strong></span> <span class='ocrx_word' id='word_1_148' title='bbox 1193 1873 1370 1934; x_wconf 82' lang='lat' dir='ltr'><strong>Veri:</strong></span> <span class='ocrx_word' id='word_1_149' title='bbox 1410 1875 1572 1952; x_wconf 88' lang='lat' dir='ltr'><strong>quod</strong></span> <span class='ocrx_word' id='word_1_150' title='bbox 1608 1877 1777 1936; x_wconf 84' lang='lat' dir='ltr'><strong>Deus</strong></span> <span class='ocrx_word' id='word_1_151' title='bbox 1814 1880 2108 1941; x_wconf 81' lang='lat' dir='ltr'><strong>creaverit</strong></span> <span class='ocrx_word' id='word_1_152' title='bbox 2142 1877 2449 1948; x_wconf 56' lang='lat' dir='ltr'><strong>hominem,</strong></span> <span class='ocrx_word' id='word_1_153' title='bbox 2476 1882 2541 1940; x_wconf 90' lang='lat' dir='ltr'><strong>in</strong></span> 
     </span>
     <span class='ocr_line' id='line_1_17' title="bbox 413 1974 2536 2052; baseline 0.001 -16"><span class='ocrx_word' id='word_1_154' title='bbox 413 1976 729 2052; x_wconf 75' lang='lat' dir='ltr'><strong>imagInem</strong></span> <span class='ocrx_word' id='word_1_155' title='bbox 758 1991 952 2044; x_wconf 82' lang='lat' dir='ltr'><strong>suam,</strong></span> <span class='ocrx_word' id='word_1_156' title='bbox 977 1974 1275 2051; x_wconf 83' lang='lat' dir='ltr'><strong>significat</strong></span> <span class='ocrx_word' id='word_1_157' title='bbox 1298 1982 1365 2033; x_wconf 87' lang='lat' dir='ltr'><strong>ut</strong></span> <span class='ocrx_word' id='word_1_158' title='bbox 1392 1983 1557 2036; x_wconf 88' lang='lat' dir='ltr'><strong>esset</strong></span> <span class='ocrx_word' id='word_1_159' title='bbox 1582 1978 1641 2034; x_wconf 91' lang='lat' dir='ltr'><strong>in</strong></span> <span class='ocrx_word' id='word_1_160' title='bbox 1659 1991 1861 2036; x_wconf 84' lang='lat' dir='ltr'><strong>amore</strong></span> <span class='ocrx_word' id='word_1_161' title='bbox 1888 1975 2029 2037; x_wconf 88' lang='lat' dir='ltr'><strong>boni</strong></span> <span class='ocrx_word' id='word_1_162' title='bbox 2055 1985 2280 2052; x_wconf 82' lang='lat' dir='ltr'><strong>otveri,</strong></span> <span class='ocrx_word' id='word_1_163' title='bbox 2312 1987 2373 2040; x_wconf 83' lang='lat' dir='ltr'><strong>et</strong></span> <span class='ocrx_word' id='word_1_164' title='bbox 2398 1997 2536 2039; x_wconf 89' lang='lat' dir='ltr'><strong>cor-</strong></span> 
     </span>
     <span class='ocr_line' id='line_1_18' title="bbox 415 2071 2537 2154; baseline 0.001 -18"><span class='ocrx_word' id='word_1_165' title='bbox 415 2074 809 2152; x_wconf 84' lang='lat' dir='ltr'><strong>responderet</strong></span> <span class='ocrx_word' id='word_1_166' title='bbox 855 2074 1023 2135; x_wconf 90' lang='lat' dir='ltr'><strong>coelo</strong></span> <span class='ocrx_word' id='word_1_167' title='bbox 1072 2081 1140 2133; x_wconf 91' lang='lat' dir='ltr'><strong>ut</strong></span> <span class='ocrx_word' id='word_1_168' title='bbox 1187 2075 1317 2154; x_wconf 83' lang='lat' dir='ltr'><strong>ejus</strong></span> <span class='ocrx_word' id='word_1_169' title='bbox 1354 2077 1560 2145; x_wconf 87' lang='lat' dir='ltr'><strong>instar,</strong></span> <span class='ocrx_word' id='word_1_170' title='bbox 1610 2093 1777 2136; x_wconf 84' lang='lat' dir='ltr'><strong>amor</strong></span> <span class='ocrx_word' id='word_1_171' title='bbox 1814 2079 1967 2136; x_wconf 89' lang='lat' dir='ltr'><strong>enim</strong></span> <span class='ocrx_word' id='word_1_172' title='bbox 2002 2077 2143 2138; x_wconf 87' lang='lat' dir='ltr'><strong>boni</strong></span> <span class='ocrx_word' id='word_1_173' title='bbox 2181 2071 2242 2139; x_wconf 81' lang='lat' dir='ltr'><strong>et</strong></span> <span class='ocrx_word' id='word_1_174' title='bbox 2275 2082 2404 2139; x_wconf 87' lang='lat' dir='ltr'><strong>veri</strong></span> <span class='ocrx_word' id='word_1_175' title='bbox 2441 2087 2537 2140; x_wconf 85' lang='lat' dir='ltr'><strong>est</strong></span> 
     </span>
     <span class='ocr_line' id='line_1_19' title="bbox 217 2175 2529 2258; baseline 0.001 -22"><span class='ocrx_word' id='word_1_176' title='bbox 217 2182 378 2245; x_wconf 79' lang='lat'><strong>[338]</strong></span> <span class='ocrx_word' id='word_1_177' title='bbox 415 2180 612 2252; x_wconf 75' lang='lat' dir='ltr'><strong>imago</strong></span> <span class='ocrx_word' id='word_1_178' title='bbox 639 2175 774 2250; x_wconf 86' lang='lat' dir='ltr'><strong>Dei,</strong></span> <span class='ocrx_word' id='word_1_179' title='bbox 815 2183 878 2234; x_wconf 90' lang='lat' dir='ltr'><strong>et</strong></span> <span class='ocrx_word' id='word_1_180' title='bbox 913 2175 1053 2235; x_wconf 92' lang='lat' dir='ltr'><strong>inde</strong></span> <span class='ocrx_word' id='word_1_181' title='bbox 1090 2191 1328 2253; x_wconf 88' lang='lat' dir='ltr'><strong>quoque</strong></span> <span class='ocrx_word' id='word_1_182' title='bbox 1356 2175 1605 2236; x_wconf 80' lang='lat' dir='ltr'><strong>coelum</strong></span> <span class='ocrx_word' id='word_1_183' title='bbox 1638 2177 1993 2256; x_wconf 79' lang='lat' dir='ltr'><strong>Angelicum</strong></span> <span class='ocrx_word' id='word_1_184' title='bbox 2031 2186 2128 2238; x_wconf 85' lang='lat' dir='ltr'><strong>est</strong></span> <span class='ocrx_word' id='word_1_185' title='bbox 2160 2181 2361 2258; x_wconf 84' lang='lat' dir='ltr'><strong>imago</strong></span> <span class='ocrx_word' id='word_1_186' title='bbox 2394 2178 2529 2253; x_wconf 89' lang='lat' dir='ltr'><strong>Dei,</strong></span> 
     </span>
     <span class='ocr_line' id='line_1_20' title="bbox 416 2275 2533 2355; baseline 0.001 -19"><span class='ocrx_word' id='word_1_187' title='bbox 416 2293 600 2355; x_wconf 86' lang='lat' dir='ltr'><strong>quare</strong></span> <span class='ocrx_word' id='word_1_188' title='bbox 637 2279 816 2336; x_wconf 84' lang='lat' dir='ltr'><strong>etiam</strong></span> <span class='ocrx_word' id='word_1_189' title='bbox 855 2275 1102 2336; x_wconf 87' lang='lat' dir='ltr'><strong>Coelum</strong></span> <span class='ocrx_word' id='word_1_190' title='bbox 1140 2276 1477 2354; x_wconf 80' lang='lat' dir='ltr'><strong>angelicum</strong></span> <span class='ocrx_word' id='word_1_191' title='bbox 1510 2279 1571 2334; x_wconf 89' lang='lat' dir='ltr'><strong>in</strong></span> <span class='ocrx_word' id='word_1_192' title='bbox 1609 2285 1933 2355; x_wconf 87' lang='lat' dir='ltr'><strong>conspectu</strong></span> <span class='ocrx_word' id='word_1_193' title='bbox 1971 2279 2211 2338; x_wconf 88' lang='lat' dir='ltr'><strong>Domini</strong></span> <span class='ocrx_word' id='word_1_194' title='bbox 2248 2286 2341 2341; x_wconf 86' lang='lat' dir='ltr'><strong>est</strong></span> <span class='ocrx_word' id='word_1_195' title='bbox 2376 2283 2533 2340; x_wconf 87' lang='lat' dir='ltr'><strong>sicut</strong></span> 
     </span>
     <span class='ocr_line' id='line_1_21' title="bbox 414 2375 2537 2455; baseline -0.001 -15"><span class='ocrx_word' id='word_1_196' title='bbox 414 2395 568 2440; x_wconf 84' lang='lat' dir='ltr'><strong>unus</strong></span> <span class='ocrx_word' id='word_1_197' title='bbox 595 2377 810 2452; x_wconf 89' lang='lat' dir='ltr'><strong>Homo,</strong></span> <span class='ocrx_word' id='word_1_198' title='bbox 838 2375 1116 2436; x_wconf 83' lang='lat' dir='ltr'><strong>videatur</strong></span> <span class='ocrx_word' id='word_1_199' title='bbox 1145 2379 1208 2436; x_wconf 87' lang='lat' dir='ltr'><strong>in</strong></span> <span class='ocrx_word' id='word_1_200' title='bbox 1236 2375 1439 2455; x_wconf 84' lang='lat' dir='ltr'><strong>Opere</strong></span> <span class='ocrx_word' id='word_1_201' title='bbox 1466 2376 1543 2436; x_wconf 88' lang='lat' dir='ltr'><strong>de</strong></span> <span class='ocrx_word' id='word_1_202' title='bbox 1588 2376 1791 2438; x_wconf 65' lang='lat' dir='ltr'><strong>Conso</strong></span> <span class='ocrx_word' id='word_1_203' title='bbox 1818 2397 1897 2438; x_wconf 75' lang='lat' dir='ltr'><strong>nr</strong></span> <span class='ocrx_word' id='word_1_204' title='bbox 1927 2378 2204 2440; x_wconf 59' lang='lat' dir='ltr'><strong>Inmane</strong></span> <span class='ocrx_word' id='word_1_205' title='bbox 2240 2399 2299 2440; x_wconf 87' lang='lat' dir='ltr'><strong>n:</strong></span> <span class='ocrx_word' id='word_1_206' title='bbox 2338 2383 2423 2440; x_wconf 75' lang='lat'><strong>59</strong></span> <span class='ocrx_word' id='word_1_207' title='bbox 2456 2379 2537 2439; x_wconf 87' lang='lat' dir='ltr'><strong>ad</strong></span> 
     </span>
     <span class='ocr_line' id='line_1_22' title="bbox 421 2476 2533 2558; baseline 0.001 -20"><span class='ocrx_word' id='word_1_208' title='bbox 421 2481 534 2538; x_wconf 75' lang='lat'><strong>67.</strong></span> <span class='ocrx_word' id='word_1_209' title='bbox 579 2481 666 2538; x_wconf 83' lang='lat'><strong>68</strong></span> <span class='ocrx_word' id='word_1_210' title='bbox 697 2479 776 2537; x_wconf 87' lang='lat' dir='ltr'><strong>ad</strong></span> <span class='ocrx_word' id='word_1_211' title='bbox 808 2480 917 2538; x_wconf 74' lang='lat'><strong>⁷2.</strong></span> <span class='ocrx_word' id='word_1_212' title='bbox 961 2477 1047 2535; x_wconf 82' lang='lat'><strong>⁷3</strong></span> <span class='ocrx_word' id='word_1_213' title='bbox 1079 2476 1156 2536; x_wconf 85' lang='lat' dir='ltr'><strong>ad</strong></span> <span class='ocrx_word' id='word_1_214' title='bbox 1189 2481 1298 2535; x_wconf 83' lang='lat'><strong>7⁷.</strong></span> <span class='ocrx_word' id='word_1_215' title='bbox 1346 2480 1435 2537; x_wconf 82' lang='grc'><strong>78</strong></span> <span class='ocrx_word' id='word_1_216' title='bbox 1464 2477 1544 2536; x_wconf 89' lang='lat' dir='ltr'><strong>ad</strong></span> <span class='ocrx_word' id='word_1_217' title='bbox 1578 2480 1689 2538; x_wconf 88' lang='grc'><strong>86.</strong></span> <span class='ocrx_word' id='word_1_218' title='bbox 1736 2483 1819 2538; x_wconf 82' lang='grc'><strong>87</strong></span> <span class='ocrx_word' id='word_1_219' title='bbox 1861 2480 1939 2538; x_wconf 87' lang='lat' dir='ltr'><strong>ad</strong></span> <span class='ocrx_word' id='word_1_220' title='bbox 1978 2483 2135 2556; x_wconf 77' lang='lat'>1023</span> <span class='ocrx_word' id='word_1_221' title='bbox 2176 2481 2337 2558; x_wconf 82' lang='lat' dir='ltr'><strong>quod</strong></span> <span class='ocrx_word' id='word_1_222' title='bbox 2370 2498 2533 2540; x_wconf 86' lang='lat' dir='ltr'><strong>mas-</strong></span> 
     </span>
     <span class='ocr_line' id='line_1_23' title="bbox 415 2578 2537 2657; baseline 0 -17"><span class='ocrx_word' id='word_1_223' title='bbox 415 2579 612 2640; x_wconf 84' lang='lat' dir='ltr'><strong>culum</strong></span> <span class='ocrx_word' id='word_1_224' title='bbox 652 2586 712 2638; x_wconf 89' lang='lat' dir='ltr'><strong>et</strong></span> <span class='ocrx_word' id='word_1_225' title='bbox 737 2578 1053 2638; x_wconf 81' lang='lat' dir='ltr'><strong>foeminam</strong></span> <span class='ocrx_word' id='word_1_226' title='bbox 1095 2579 1395 2637; x_wconf 88' lang='lat' dir='ltr'><strong>creaverit</strong></span> <span class='ocrx_word' id='word_1_227' title='bbox 1428 2594 1553 2648; x_wconf 88' lang='lat' dir='ltr'><strong>eos,</strong></span> <span class='ocrx_word' id='word_1_228' title='bbox 1596 2579 1892 2655; x_wconf 87' lang='lat' dir='ltr'><strong>significat</strong></span> <span class='ocrx_word' id='word_1_229' title='bbox 1927 2579 2086 2657; x_wconf 88' lang='lat' dir='ltr'><strong>quod</strong></span> <span class='ocrx_word' id='word_1_230' title='bbox 2122 2581 2537 2642; x_wconf 84' lang='lat' dir='ltr'><strong>reformaverit</strong></span> 
     </span>
     <span class='ocr_line' id='line_1_24' title="bbox 415 2675 2534 2757; baseline 0 -17"><span class='ocrx_word' id='word_1_231' title='bbox 415 2681 615 2757; x_wconf 85' lang='lat' dir='ltr'><strong>quoad</strong></span> <span class='ocrx_word' id='word_1_232' title='bbox 665 2695 878 2738; x_wconf 82' lang='lat' dir='ltr'><strong>verum</strong></span> <span class='ocrx_word' id='word_1_233' title='bbox 915 2684 975 2736; x_wconf 87' lang='lat' dir='ltr'><strong>et</strong></span> <span class='ocrx_word' id='word_1_234' title='bbox 1007 2675 1228 2736; x_wconf 86' lang='lat' dir='ltr'><strong>bonum</strong></span> <span class='ocrx_word' id='word_1_235' title='bbox 1244 2721 1261 2753; x_wconf 90' lang='lat'>‚</span> <span class='ocrx_word' id='word_1_236' title='bbox 1317 2678 1626 2738; x_wconf 85' lang='lat' dir='ltr'><strong>masculus</strong></span> <span class='ocrx_word' id='word_1_237' title='bbox 1664 2684 1757 2739; x_wconf 87' lang='lat' dir='ltr'><strong>est</strong></span> <span class='ocrx_word' id='word_1_238' title='bbox 1791 2697 2003 2740; x_wconf 84' lang='lat' dir='ltr'><strong>verum</strong></span> <span class='ocrx_word' id='word_1_239' title='bbox 2040 2688 2103 2740; x_wconf 90' lang='lat' dir='ltr'><strong>et</strong></span> <span class='ocrx_word' id='word_1_240' title='bbox 2145 2681 2405 2740; x_wconf 79' lang='lat' dir='ltr'><strong>foemina</strong></span> <span class='ocrx_word' id='word_1_241' title='bbox 2438 2688 2534 2740; x_wconf 88' lang='lat' dir='ltr'><strong>est</strong></span> 
     </span>
     <span class='ocr_line' id='line_1_25' title="bbox 415 2775 2530 2862; baseline 0 -22"><span class='ocrx_word' id='word_1_242' title='bbox 415 2781 668 2841; x_wconf 82' lang='lat' dir='ltr'><strong>bonum:</strong></span> <span class='ocrx_word' id='word_1_243' title='bbox 723 2798 799 2840; x_wconf 83' lang='lat' dir='ltr'><strong>ex</strong></span> <span class='ocrx_word' id='word_1_244' title='bbox 833 2780 926 2838; x_wconf 87' lang='lat' dir='ltr'><strong>his</strong></span> <span class='ocrx_word' id='word_1_245' title='bbox 962 2783 1154 2862; x_wconf 86' lang='lat' dir='ltr'><strong>patet,</strong></span> <span class='ocrx_word' id='word_1_246' title='bbox 1209 2778 1370 2855; x_wconf 89' lang='lat' dir='ltr'><strong>quod</strong></span> <span class='ocrx_word' id='word_1_247' title='bbox 1404 2795 1521 2838; x_wconf 86' lang='lat' dir='ltr'><strong>non</strong></span> <span class='ocrx_word' id='word_1_248' title='bbox 1558 2777 1797 2840; x_wconf 84' lang='lat' dir='ltr'><strong>Creatio</strong></span> <span class='ocrx_word' id='word_1_249' title='bbox 1835 2775 2005 2840; x_wconf 82' lang='lat' dir='ltr'><strong>Coeli</strong></span> <span class='ocrx_word' id='word_1_250' title='bbox 2040 2788 2100 2842; x_wconf 91' lang='lat' dir='ltr'><strong>et</strong></span> <span class='ocrx_word' id='word_1_251' title='bbox 2136 2781 2383 2853; x_wconf 82' lang='lat' dir='ltr'><strong>Terrae,</strong></span> <span class='ocrx_word' id='word_1_252' title='bbox 2418 2781 2530 2841; x_wconf 84' lang='lat' dir='ltr'><strong>sed</strong></span> 
     </span>
     <span class='ocr_line' id='line_1_26' title="bbox 419 2877 2534 2957; baseline 0.001 -18"><span class='ocrx_word' id='word_1_253' title='bbox 419 2881 578 2957; x_wconf 85' lang='lat' dir='ltr'><strong>quod</strong></span> <span class='ocrx_word' id='word_1_254' title='bbox 628 2898 789 2940; x_wconf 86' lang='lat' dir='ltr'><strong>nova</strong></span> <span class='ocrx_word' id='word_1_255' title='bbox 827 2878 1070 2938; x_wconf 87' lang='lat' dir='ltr'><strong>Creatio</strong></span> <span class='ocrx_word' id='word_1_256' title='bbox 1117 2895 1228 2938; x_wconf 88' lang='lat' dir='ltr'><strong>seu</strong></span> <span class='ocrx_word' id='word_1_257' title='bbox 1277 2877 1645 2938; x_wconf 76' lang='lat' dir='ltr'><strong>Reformatio</strong></span> <span class='ocrx_word' id='word_1_258' title='bbox 1698 2878 1999 2940; x_wconf 84' lang='lat' dir='ltr'><strong>hominum</strong></span> <span class='ocrx_word' id='word_1_259' title='bbox 2034 2881 2349 2944; x_wconf 86' lang='lat' dir='ltr'><strong>Ecclesiae</strong></span> <span class='ocrx_word' id='word_1_260' title='bbox 2398 2882 2534 2942; x_wconf 87' lang='lat' dir='ltr'><strong>Pri-</strong></span> 
     </span>
     <span class='ocr_line' id='line_1_27' title="bbox 415 2977 2533 3060; baseline 0.003 -24"><span class='ocrx_word' id='word_1_261' title='bbox 415 2995 577 3054; x_wconf 85' lang='lat' dir='ltr'><strong>mae,</strong></span> <span class='ocrx_word' id='word_1_262' title='bbox 633 2983 694 3038; x_wconf 90' lang='lat' dir='ltr'><strong>in</strong></span> <span class='ocrx_word' id='word_1_263' title='bbox 735 2997 804 3039; x_wconf 89' lang='lat' dir='ltr'><strong>eo</strong></span> <span class='ocrx_word' id='word_1_264' title='bbox 843 2977 1054 3056; x_wconf 83' lang='lat' dir='ltr'><strong>Capite</strong></span> <span class='ocrx_word' id='word_1_265' title='bbox 1117 2985 1178 3038; x_wconf 89' lang='lat' dir='ltr'><strong>et</strong></span> <span class='ocrx_word' id='word_1_266' title='bbox 1213 2985 1502 3056; x_wconf 87' lang='lat' dir='ltr'><strong>sequente</strong></span> <span class='ocrx_word' id='word_1_267' title='bbox 1540 2977 1943 3057; x_wconf 82' lang='lat' dir='ltr'><strong>describatur3</strong></span> <span class='ocrx_word' id='word_1_268' title='bbox 2000 2989 2061 3041; x_wconf 87' lang='lat' dir='ltr'><strong>et</strong></span> <span class='ocrx_word' id='word_1_269' title='bbox 2108 2981 2271 3060; x_wconf 87' lang='lat' dir='ltr'><strong>quod</strong></span> <span class='ocrx_word' id='word_1_270' title='bbox 2318 2982 2533 3042; x_wconf 82' lang='lat' dir='ltr'><strong>similia</strong></span> 
     </span>
     <span class='ocr_line' id='line_1_28' title="bbox 414 3076 2533 3162; baseline 0.003 -26"><span class='ocrx_word' id='word_1_271' title='bbox 414 3077 498 3136; x_wconf 89' lang='lat' dir='ltr'><strong>ibi</strong></span> <span class='ocrx_word' id='word_1_272' title='bbox 531 3078 949 3156; x_wconf 75' lang='lat' dir='ltr'><strong>intelligantur</strong></span> <span class='ocrx_word' id='word_1_273' title='bbox 985 3095 1099 3154; x_wconf 89' lang='lat' dir='ltr'><strong>per</strong></span> <span class='ocrx_word' id='word_1_274' title='bbox 1134 3096 1355 3138; x_wconf 81' lang='lat' dir='ltr'><strong>novum</strong></span> <span class='ocrx_word' id='word_1_275' title='bbox 1396 3076 1645 3140; x_wconf 84' lang='lat' dir='ltr'><strong>Coe-lum</strong></span> <span class='ocrx_word' id='word_1_276' title='bbox 1682 3087 1744 3140; x_wconf 87' lang='lat' dir='ltr'><strong>et</strong></span> <span class='ocrx_word' id='word_1_277' title='bbox 1786 3098 2002 3141; x_wconf 79' lang='lat' dir='ltr'><strong>novam</strong></span> <span class='ocrx_word' id='word_1_278' title='bbox 2043 3081 2293 3143; x_wconf 85' lang='lat' dir='ltr'><strong>Terram</strong></span> <span class='ocrx_word' id='word_1_279' title='bbox 2333 3089 2393 3144; x_wconf 85' lang='lat' dir='ltr'><strong>et</strong></span> <span class='ocrx_word' id='word_1_280' title='bbox 2422 3101 2533 3162; x_wconf 89' lang='lat' dir='ltr'><strong>per</strong></span> 
     </span>
     <span class='ocr_line' id='line_1_29' title="bbox 417 3177 2533 3260; baseline 0.003 -24"><span class='ocrx_word' id='word_1_281' title='bbox 417 3178 780 3238; x_wconf 79' lang='lat' dir='ltr'><strong>creationem</strong></span> <span class='ocrx_word' id='word_1_282' title='bbox 839 3194 1044 3236; x_wconf 87' lang='lat' dir='ltr'><strong>eorum</strong></span> <span class='ocrx_word' id='word_1_283' title='bbox 1054 3221 1072 3253; x_wconf 91' lang='lat'><em>‚</em></span> <span class='ocrx_word' id='word_1_284' title='bbox 1129 3194 1285 3255; x_wconf 87' lang='lat' dir='ltr'><strong>quae</strong></span> <span class='ocrx_word' id='word_1_285' title='bbox 1346 3181 1409 3240; x_wconf 89' lang='lat' dir='ltr'><strong>in</strong></span> <span class='ocrx_word' id='word_1_286' title='bbox 1441 3177 1593 3239; x_wconf 85' lang='lat' dir='ltr'><strong>locis</strong></span> <span class='ocrx_word' id='word_1_287' title='bbox 1656 3196 1803 3240; x_wconf 86' lang='lat' dir='ltr'><strong>mox.</strong></span> <span class='ocrx_word' id='word_1_288' title='bbox 1840 3197 2029 3259; x_wconf 83' lang='lat' dir='ltr'><strong>supra</strong></span> <span class='ocrx_word' id='word_1_289' title='bbox 2063 3181 2281 3244; x_wconf 77' lang='lat' dir='ltr'><strong>allatiS.</strong></span> <span class='ocrx_word' id='word_1_290' title='bbox 2359 3181 2533 3260; x_wconf 83' lang='lat' dir='ltr'><strong>Quod</strong></span> 
     </span>
     <span class='ocr_line' id='line_1_30' title="bbox 417 3275 2527 3355; baseline 0.002 -17"><span class='ocrx_word' id='word_1_291' title='bbox 417 3275 656 3338; x_wconf 83' lang='lat' dir='ltr'><strong>Creatio</strong></span> <span class='ocrx_word' id='word_1_292' title='bbox 689 3279 752 3338; x_wconf 90' lang='lat' dir='ltr'><strong>in</strong></span> <span class='ocrx_word' id='word_1_293' title='bbox 786 3275 990 3336; x_wconf 87' lang='lat' dir='ltr'><strong>Verbo</strong></span> <span class='ocrx_word' id='word_1_294' title='bbox 1037 3277 1334 3355; x_wconf 74' lang='lat' dir='ltr'><strong>significet</strong></span> <span class='ocrx_word' id='word_1_295' title='bbox 1366 3278 1871 3341; x_wconf 80' lang='lat' dir='ltr'><strong>Reformationem</strong></span> <span class='ocrx_word' id='word_1_296' title='bbox 1932 3289 1994 3342; x_wconf 87' lang='lat' dir='ltr'><strong>et</strong></span> <span class='ocrx_word' id='word_1_297' title='bbox 2026 3282 2527 3344; x_wconf 83' lang='lat' dir='ltr'><strong>Instaurationem</strong></span> 
     </span>
     <span class='ocr_line' id='line_1_31' title="bbox 413 3375 2527 3461; baseline 0.002 -23"><span class='ocrx_word' id='word_1_298' title='bbox 413 3377 750 3453; x_wconf 84' lang='lat' dir='ltr'><strong>Ecclesiae,</strong></span> <span class='ocrx_word' id='word_1_299' title='bbox 807 3393 962 3455; x_wconf 85' lang='lat' dir='ltr'><strong>quae</strong></span> <span class='ocrx_word' id='word_1_300' title='bbox 996 3375 1064 3436; x_wconf 81' lang='lat' dir='ltr'><strong>fit</strong></span> <span class='ocrx_word' id='word_1_301' title='bbox 1097 3394 1207 3453; x_wconf 88' lang='lat' dir='ltr'><strong>per</strong></span> <span class='ocrx_word' id='word_1_302' title='bbox 1241 3376 1528 3438; x_wconf 84' lang='lat' dir='ltr'><strong>Divinum</strong></span> <span class='ocrx_word' id='word_1_303' title='bbox 1564 3379 1792 3440; x_wconf 88' lang='lat' dir='ltr'><strong>Verum</strong></span> <span class='ocrx_word' id='word_1_304' title='bbox 1828 3383 1989 3459; x_wconf 83' lang='lat' dir='ltr'><strong>quod</strong></span> <span class='ocrx_word' id='word_1_305' title='bbox 2022 3382 2297 3461; x_wconf 86' lang='lat' dir='ltr'><strong>procedit</strong></span> <span class='ocrx_word' id='word_1_306' title='bbox 2330 3399 2368 3442; x_wconf 89' lang='lat' dir='ltr'><strong>a</strong></span> <span class='ocrx_word' id='word_1_307' title='bbox 2398 3382 2527 3443; x_wconf 91' lang='lat' dir='ltr'><strong>Do-</strong></span> 
     </span>
     <span class='ocr_line' id='line_1_32' title="bbox 415 3477 2527 3562; baseline 0.001 -24"><span class='ocrx_word' id='word_1_308' title='bbox 415 3482 604 3556; x_wconf 86' lang='lat' dir='ltr'><strong>mino,</strong></span> <span class='ocrx_word' id='word_1_309' title='bbox 646 3481 823 3540; x_wconf 89' lang='lat' dir='ltr'><strong>etiam</strong></span> <span class='ocrx_word' id='word_1_310' title='bbox 861 3484 1030 3554; x_wconf 87' lang='lat' dir='ltr'><strong>patet</strong></span> <span class='ocrx_word' id='word_1_311' title='bbox 1066 3494 1140 3537; x_wconf 82' lang='lat' dir='ltr'><strong>ex</strong></span> <span class='ocrx_word' id='word_1_312' title='bbox 1173 3477 1268 3536; x_wconf 87' lang='lat' dir='ltr'><strong>his</strong></span> <span class='ocrx_word' id='word_1_313' title='bbox 1307 3479 1471 3555; x_wconf 90' lang='lat' dir='ltr'><strong>apud</strong></span> <span class='ocrx_word' id='word_1_314' title='bbox 1504 3479 1845 3541; x_wconf 67' lang='lat' dir='ltr'><strong>,Iohannem</strong></span> <span class='ocrx_word' id='word_1_315' title='bbox 1900 3481 2031 3560; x_wconf 73' lang='lat' dir='ltr'><strong>„In</strong></span> <span class='ocrx_word' id='word_1_316' title='bbox 2042 3481 2369 3562; x_wconf 73' lang='lat' dir='ltr'><strong>principio</strong></span> <span class='ocrx_word' id='word_1_317' title='bbox 2394 3487 2527 3543; x_wconf 75' lang='lat' dir='ltr'><strong>erat</strong></span> 
     </span>
     <span class='ocr_line' id='line_1_33' title="bbox 430 3575 2521 3658; baseline 0 -16"><span class='ocrx_word' id='word_1_318' title='bbox 430 3577 724 3650; x_wconf 75' lang='lat' dir='ltr'><strong>Verbum,</strong></span> <span class='ocrx_word' id='word_1_319' title='bbox 775 3583 835 3640; x_wconf 77' lang='lat' dir='ltr'><strong>et</strong></span> <span class='ocrx_word' id='word_1_320' title='bbox 885 3575 1156 3640; x_wconf 77' lang='lat' dir='ltr'><strong>Ver-bum</strong></span> <span class='ocrx_word' id='word_1_321' title='bbox 1187 3582 1326 3640; x_wconf 76' lang='lat' dir='ltr'><strong>erat</strong></span> <span class='ocrx_word' id='word_1_322' title='bbox 1364 3576 1545 3658; x_wconf 77' lang='lat' dir='ltr'><strong>apud</strong></span> <span class='ocrx_word' id='word_1_323' title='bbox 1564 3579 1790 3644; x_wconf 81' lang='lat' dir='ltr'><strong>Deum</strong></span> <span class='ocrx_word' id='word_1_324' title='bbox 1806 3627 1823 3652; x_wconf 84' lang='lat'><strong>,</strong></span> <span class='ocrx_word' id='word_1_325' title='bbox 1874 3586 1937 3642; x_wconf 79' lang='lat' dir='ltr'><strong>et</strong></span> <span class='ocrx_word' id='word_1_326' title='bbox 1972 3582 2166 3646; x_wconf 75' lang='lat' dir='ltr'><strong>Deus</strong></span> <span class='ocrx_word' id='word_1_327' title='bbox 2200 3585 2336 3644; x_wconf 75' lang='lat' dir='ltr'><strong>erat</strong></span> <span class='ocrx_word' id='word_1_328' title='bbox 2372 3578 2521 3644; x_wconf 79' lang='lat' dir='ltr'><strong>Ver-</strong></span> 
     </span>
     <span class='ocr_line' id='line_1_34' title="bbox 413 3677 2601 3763; baseline 0.002 -23"><span class='ocrx_word' id='word_1_329' title='bbox 413 3679 594 3740; x_wconf 73' lang='lat' dir='ltr'><strong>bum:</strong></span> <span class='ocrx_word' id='word_1_330' title='bbox 649 3680 868 3742; x_wconf 78' lang='lat' dir='ltr'><strong>omm‘a</strong></span> <span class='ocrx_word' id='word_1_331' title='bbox 905 3698 1026 3759; x_wconf 78' lang='lat' dir='ltr'><strong>per</strong></span> <span class='ocrx_word' id='word_1_332' title='bbox 1079 3677 1309 3759; x_wconf 72' lang='lat' dir='ltr'><strong>Ipsum</strong></span> <span class='ocrx_word' id='word_1_333' title='bbox 1336 3680 1532 3760; x_wconf 77' lang='lat' dir='ltr'><strong>facta</strong></span> <span class='ocrx_word' id='word_1_334' title='bbox 1580 3685 1757 3758; x_wconf 79' lang='lat' dir='ltr'><strong>sunt,</strong></span> <span class='ocrx_word' id='word_1_335' title='bbox 1822 3687 1885 3742; x_wconf 76' lang='lat' dir='ltr'><strong>et</strong></span> <span class='ocrx_word' id='word_1_336' title='bbox 1920 3683 2059 3744; x_wconf 69' lang='lat' dir='ltr'><strong>eine</strong></span> <span class='ocrx_word' id='word_1_337' title='bbox 2091 3682 2248 3763; x_wconf 76' lang='lat' dir='ltr'><strong>Ipso</strong></span> <span class='ocrx_word' id='word_1_338' title='bbox 2276 3681 2527 3762; x_wconf 80' lang='lat' dir='ltr'><strong>factum</strong></span> <span class='ocrx_word' id='word_1_339' title='bbox 2596 3687 2601 3694; x_wconf 91' lang='lat'>&#39;</span> 
     </span>
     <span class='ocr_line' id='line_1_35' title="bbox 410 3776 2526 3862; baseline 0.002 -24"><span class='ocrx_word' id='word_1_340' title='bbox 410 3784 508 3839; x_wconf 72' lang='lat' dir='ltr'><strong>est</strong></span> <span class='ocrx_word' id='word_1_341' title='bbox 548 3777 718 3842; x_wconf 75' lang='lat' dir='ltr'><strong>nihil</strong></span> <span class='ocrx_word' id='word_1_342' title='bbox 751 3777 918 3860; x_wconf 78' lang='lat' dir='ltr'><strong>quod</strong></span> <span class='ocrx_word' id='word_1_343' title='bbox 944 3780 1204 3862; x_wconf 73' lang='lat' dir='ltr'><strong>factum</strong></span> <span class='ocrx_word' id='word_1_344' title='bbox 1237 3784 1371 3840; x_wconf 75' lang='lat' dir='ltr'><strong>eet:</strong></span> <span class='ocrx_word' id='word_1_345' title='bbox 1424 3776 1496 3839; x_wconf 76' lang='lat' dir='ltr'><strong>in</strong></span> <span class='ocrx_word' id='word_1_346' title='bbox 1530 3777 1685 3861; x_wconf 75' lang='lat' dir='ltr'><strong>Ipso</strong></span> <span class='ocrx_word' id='word_1_347' title='bbox 1725 3783 1863 3844; x_wconf 79' lang='lat' dir='ltr'><strong>vita</strong></span> <span class='ocrx_word' id='word_1_348' title='bbox 1900 3789 2069 3860; x_wconf 76' lang='lat' dir='ltr'><strong>erat,</strong></span> <span class='ocrx_word' id='word_1_349' title='bbox 2117 3787 2180 3843; x_wconf 79' lang='lat' dir='ltr'><strong>et</strong></span> <span class='ocrx_word' id='word_1_350' title='bbox 2218 3782 2359 3844; x_wconf 74' lang='lat' dir='ltr'><strong>vita</strong></span> <span class='ocrx_word' id='word_1_351' title='bbox 2394 3784 2526 3843; x_wconf 73' lang='lat' dir='ltr'><strong>erat</strong></span> 
     </span>
     <span class='ocr_line' id='line_1_36' title="bbox 411 3876 2525 3955; baseline 0.002 -15"><span class='ocrx_word' id='word_1_352' title='bbox 411 3876 570 3942; x_wconf 72' lang='lat' dir='ltr'><strong>Lwoe</strong></span> <span class='ocrx_word' id='word_1_353' title='bbox 611 3879 973 3952; x_wconf 63' lang='lat' dir='ltr'><strong>hominum</strong></span> <span class='ocrx_word' id='word_1_354' title='bbox 1039 3884 1100 3942; x_wconf 73' lang='lat' dir='ltr'><strong>et</strong></span> <span class='ocrx_word' id='word_1_355' title='bbox 1143 3877 1264 3942; x_wconf 72' lang='lat' dir='ltr'><strong>lux</strong></span> <span class='ocrx_word' id='word_1_356' title='bbox 1325 3877 1399 3942; x_wconf 78' lang='lat' dir='ltr'><strong>in</strong></span> <span class='ocrx_word' id='word_1_357' title='bbox 1438 3879 1706 3943; x_wconf 63' lang='lat' dir='ltr'><strong>zemma·</strong></span> <span class='ocrx_word' id='word_1_358' title='bbox 1750 3879 1943 3955; x_wconf 71' lang='lat' dir='ltr'><strong>lueet,</strong></span> <span class='ocrx_word' id='word_1_359' title='bbox 1992 3888 2054 3944; x_wconf 80' lang='lat' dir='ltr'><strong>et</strong></span> <span class='ocrx_word' id='word_1_360' title='bbox 2092 3882 2374 3945; x_wconf 58' lang='lat' dir='ltr'><strong>miehi-ae</strong></span> <span class='ocrx_word' id='word_1_361' title='bbox 2407 3900 2525 3944; x_wconf 78' lang='lat' dir='ltr'><strong>non</strong></span> 
     </span>
     <span class='ocr_line' id='line_1_37' title="bbox 411 3977 2524 4062; baseline 0.003 -24"><span class='ocrx_word' id='word_1_362' title='bbox 411 3977 1038 4058; x_wconf 65' lang='lat' dir='ltr'><strong>comprehende-mut:</strong></span> <span class='ocrx_word' id='word_1_363' title='bbox 1089 3985 1228 4042; x_wconf 77' lang='lat' dir='ltr'><strong>erat</strong></span> <span class='ocrx_word' id='word_1_364' title='bbox 1267 3977 1427 4042; x_wconf 70' lang='lat' dir='ltr'><strong>Lux</strong></span> <span class='ocrx_word' id='word_1_365' title='bbox 1486 3995 1635 4041; x_wconf 77' lang='lat' dir='ltr'><strong>vera</strong></span> <span class='ocrx_word' id='word_1_366' title='bbox 1690 4001 1851 4062; x_wconf 70' lang='lat' dir='ltr'><strong>quae</strong></span> <span class='ocrx_word' id='word_1_367' title='bbox 1908 3981 2243 4046; x_wconf 79' lang='lat' dir='ltr'><strong>illuminat</strong></span> <span class='ocrx_word' id='word_1_368' title='bbox 2294 4001 2524 4044; x_wconf 72' lang='lat' dir='ltr'><strong>omnem</strong></span> 
     </span>
     <span class='ocr_line' id='line_1_38' title="bbox 411 4074 2521 4163; baseline 0.004 -29"><span class='ocrx_word' id='word_1_369' title='bbox 411 4074 723 4138; x_wconf 75' lang='lat' dir='ltr'><strong>hominem</strong></span> <span class='ocrx_word' id='word_1_370' title='bbox 771 4079 1108 4142; x_wconf 73' lang='lat' dir='ltr'><strong>venientem</strong></span> <span class='ocrx_word' id='word_1_371' title='bbox 1161 4078 1232 4142; x_wconf 77' lang='lat' dir='ltr'><strong>in</strong></span> <span class='ocrx_word' id='word_1_372' title='bbox 1281 4077 1591 4144; x_wconf 78' lang='lat' dir='ltr'><strong>mundum</strong></span> <span class='ocrx_word' id='word_1_373' title='bbox 1603 4101 1632 4154; x_wconf 88' lang='lat'><strong>,·</strong></span> <span class='ocrx_word' id='word_1_374' title='bbox 1696 4087 1755 4144; x_wconf 77' lang='lat' dir='ltr'><strong>et</strong></span> <span class='ocrx_word' id='word_1_375' title='bbox 1796 4083 2079 4146; x_wconf 77' lang='lat' dir='ltr'><strong>mundus</strong></span> <span class='ocrx_word' id='word_1_376' title='bbox 2127 4102 2251 4163; x_wconf 78' lang='lat' dir='ltr'><strong>per</strong></span> <span class='ocrx_word' id='word_1_377' title='bbox 2302 4081 2521 4163; x_wconf 73' lang='lat' dir='ltr'><strong>Ipwm</strong></span> 
     </span>
     <span class='ocr_line' id='line_1_39' title="bbox 397 4173 2520 4264; baseline 0.005 -32"><span class='ocrx_word' id='word_1_378' title='bbox 397 4173 628 4252; x_wconf 71' lang='lat' dir='ltr'><strong>sactus</strong></span> <span class='ocrx_word' id='word_1_379' title='bbox 681 4180 818 4258; x_wconf 59' lang='grc' dir='ltr'><strong>θοις</strong></span> <span class='ocrx_word' id='word_1_380' title='bbox 883 4183 944 4236; x_wconf 80' lang='lat' dir='ltr'><strong>et</strong></span> <span class='ocrx_word' id='word_1_381' title='bbox 980 4177 1258 4241; x_wconf 72' lang='lat' dir='ltr'><strong>mundus</strong></span> <span class='ocrx_word' id='word_1_382' title='bbox 1297 4177 1526 4259; x_wconf 77' lang='lat' dir='ltr'><strong>Ipsum</strong></span> <span class='ocrx_word' id='word_1_383' title='bbox 1578 4200 1703 4243; x_wconf 78' lang='lat' dir='ltr'><strong>non</strong></span> <span class='ocrx_word' id='word_1_384' title='bbox 1750 4181 2075 4264; x_wconf 59' lang='lat' dir='ltr'><strong>commovit:</strong></span> <span class='ocrx_word' id='word_1_385' title='bbox 2130 4188 2189 4244; x_wconf 80' lang='lat' dir='ltr'><strong>et</strong></span> <span class='ocrx_word' id='word_1_386' title='bbox 2264 4179 2520 4246; x_wconf 74' lang='lat' dir='ltr'><strong>Verbum</strong></span> 
     </span>
    </p>
   </div>
  </div>
 </body>
</html>
