<?xml version="1.0" encoding="UTF-8"?>
<!DOCTYPE html PUBLIC "-//W3C//DTD XHTML 1.0 Transitional//EN"
    "http://www.w3.org/TR/xhtml1/DTD/xhtml1-transitional.dtd">
<html xmlns="http://www.w3.org/1999/xhtml" xml:lang="en" lang="en">
 <head>
  <title>
</title>
<meta http-equiv="Content-Type" content="text/html;charset=utf-8" />
  <meta name='ocr-system' content='tesseract 3.04.00' />
  <meta name='ocr-capabilities' content='ocr_page ocr_carea ocr_par ocr_line ocrx_word'/>
</head>
<body>
  <div class='ocr_page' id='page_1' title='image "./apocalypsisexpl01unkngoog_0394.png"; bbox 0 0 2700 4792; ppageno 0'>
   <div class='ocr_carea' id='block_1_1' title="bbox 396 309 2165 401">
    <p class='ocr_par' dir='ltr' id='par_1_1' title="bbox 396 309 2165 401">
     <span class='ocr_line' id='line_1_1' title="bbox 396 309 2165 401; baseline -0.004 -26"><span class='ocrx_word' id='word_1_1' title='bbox 396 310 506 376; x_wconf 66' lang='lat' dir='ltr'><strong>:wo</strong></span> <span class='ocrx_word' id='word_1_2' title='bbox 747 309 1236 366; x_wconf 82' lang='lat' dir='ltr'>APOCALYPSIS</span> <span class='ocrx_word' id='word_1_3' title='bbox 1279 309 1713 366; x_wconf 69' lang='lat' dir='ltr'>EXPLICATA.</span> <span class='ocrx_word' id='word_1_4' title='bbox 1755 311 1803 380; x_wconf 67' lang='lat'><strong>§0</strong></span> <span class='ocrx_word' id='word_1_5' title='bbox 1842 319 1983 401; x_wconf 72' lang='grc'><strong>239.</strong></span> <span class='ocrx_word' id='word_1_6' title='bbox 2026 319 2165 372; x_wconf 77' lang='grc'><strong>240.</strong></span> 
     </span>
    </p>
   </div>
   <div class='ocr_carea' id='block_1_2' title="bbox 321 467 2527 4257">
    <p class='ocr_par' dir='ltr' id='par_1_2' title="bbox 321 467 2527 3240">
     <span class='ocr_line' id='line_1_2' title="bbox 393 467 2521 548; baseline -0.003 -14"><span class='ocrx_word' id='word_1_7' title='bbox 393 473 635 534; x_wconf 75' lang='lat' dir='ltr'>1X227</span> <span class='ocrx_word' id='word_1_8' title='bbox 677 470 757 530; x_wconf 77' lang='lat' dir='ltr'><strong>ad</strong></span> <span class='ocrx_word' id='word_1_9' title='bbox 797 474 908 532; x_wconf 88' lang='grc'><strong>31.</strong></span> <span class='ocrx_word' id='word_1_10' title='bbox 965 469 1127 548; x_wconf 75' lang='lat' dir='ltr'><strong>Cap:</strong></span> <span class='ocrx_word' id='word_1_11' title='bbox 1166 469 1322 530; x_wconf 86' lang='lat' dir='ltr'>XII:</span> <span class='ocrx_word' id='word_1_12' title='bbox 1368 473 1480 530; x_wconf 89' lang='lat'><strong>22.</strong></span> <span class='ocrx_word' id='word_1_13' title='bbox 1534 468 1697 548; x_wconf 79' lang='lat' dir='ltr'><strong>Cap:</strong></span> <span class='ocrx_word' id='word_1_14' title='bbox 1735 469 1901 530; x_wconf 81' lang='lat' dir='ltr'><strong>XX:</strong></span> <span class='ocrx_word' id='word_1_15' title='bbox 1950 471 2043 528; x_wconf 87' lang='grc'><strong>29</strong></span> <span class='ocrx_word' id='word_1_16' title='bbox 2086 467 2168 528; x_wconf 81' lang='lat' dir='ltr'><strong>ad</strong></span> <span class='ocrx_word' id='word_1_17' title='bbox 2198 467 2311 528; x_wconf 80' lang='lat' dir='ltr'><strong>fin:</strong></span> <span class='ocrx_word' id='word_1_18' title='bbox 2367 468 2521 546; x_wconf 77' lang='lat' dir='ltr'><strong>Cap:</strong></span> 
     </span>
     <span class='ocr_line' id='line_1_3' title="bbox 393 569 2522 634; baseline -0.004 0"><span class='ocrx_word' id='word_1_19' title='bbox 393 571 582 634; x_wconf 80' lang='lat' dir='ltr'><strong>XXI:</strong></span> <span class='ocrx_word' id='word_1_20' title='bbox 643 574 752 630; x_wconf 85' lang='lat'><strong>14.</strong></span> <span class='ocrx_word' id='word_1_21' title='bbox 806 570 1135 631; x_wconf 85' lang='lat' dir='ltr'><strong>Marc:X:</strong></span> <span class='ocrx_word' id='word_1_22' title='bbox 1189 573 1280 629; x_wconf 89' lang='grc'><strong>46</strong></span> <span class='ocrx_word' id='word_1_23' title='bbox 1325 571 1403 630; x_wconf 83' lang='lat' dir='ltr'><strong>ad</strong></span> <span class='ocrx_word' id='word_1_24' title='bbox 1436 571 1547 630; x_wconf 85' lang='lat' dir='ltr'><strong>fin:</strong></span> <span class='ocrx_word' id='word_1_25' title='bbox 1627 570 1787 629; x_wconf 87' lang='lat' dir='ltr'><strong>Luc:</strong></span> <span class='ocrx_word' id='word_1_26' title='bbox 1826 569 1990 628; x_wconf 85' lang='lat' dir='ltr'>VII:</span> <span class='ocrx_word' id='word_1_27' title='bbox 2058 573 2179 628; x_wconf 82' lang='lat'><strong>21.</strong></span> <span class='ocrx_word' id='word_1_28' title='bbox 2240 571 2355 626; x_wconf 89' lang='lat'><strong>22.</strong></span> <span class='ocrx_word' id='word_1_29' title='bbox 2413 571 2522 627; x_wconf 81' lang='lat'><strong>23.</strong></span> 
     </span>
     <span class='ocr_line' id='line_1_4' title="bbox 393 669 2527 750; baseline -0.004 -16"><span class='ocrx_word' id='word_1_30' title='bbox 393 673 554 750; x_wconf 87' lang='lat' dir='ltr'><strong>Cap:</strong></span> <span class='ocrx_word' id='word_1_31' title='bbox 593 670 838 732; x_wconf 82' lang='lat' dir='ltr'>xvm:</span> <span class='ocrx_word' id='word_1_32' title='bbox 883 672 968 733; x_wconf 83' lang='lat'><strong>35</strong></span> <span class='ocrx_word' id='word_1_33' title='bbox 1011 670 1088 730; x_wconf 86' lang='lat' dir='ltr'><strong>ad</strong></span> <span class='ocrx_word' id='word_1_34' title='bbox 1121 671 1234 730; x_wconf 89' lang='lat' dir='ltr'><strong>fln:</strong></span> <span class='ocrx_word' id='word_1_35' title='bbox 1313 671 1607 747; x_wconf 82' lang='lat' dir='ltr'><strong>Quoniam</strong></span> <span class='ocrx_word' id='word_1_36' title='bbox 1655 688 1767 747; x_wconf 89' lang='lat' dir='ltr'><strong>per</strong></span> <span class='ocrx_word' id='word_1_37' title='bbox 1819 669 2068 730; x_wconf 85' lang='lat' dir='ltr'><strong>Caecos</strong></span> <span class='ocrx_word' id='word_1_38' title='bbox 2116 669 2527 746; x_wconf 79' lang='lat' dir='ltr'><strong>significantur</strong></span> 
     </span>
     <span class='ocr_line' id='line_1_5' title="bbox 396 767 2525 848; baseline -0.004 -14"><span class='ocrx_word' id='word_1_39' title='bbox 396 773 486 834; x_wconf 89' lang='lat' dir='ltr'><strong>illi</strong></span> <span class='ocrx_word' id='word_1_40' title='bbox 521 772 624 848; x_wconf 86' lang='lat' dir='ltr'><strong>qui</strong></span> <span class='ocrx_word' id='word_1_41' title='bbox 664 789 782 830; x_wconf 86' lang='lat' dir='ltr'><strong>non</strong></span> <span class='ocrx_word' id='word_1_42' title='bbox 817 774 876 830; x_wconf 87' lang='lat' dir='ltr'><strong>in</strong></span> <span class='ocrx_word' id='word_1_43' title='bbox 913 770 1348 848; x_wconf 80' lang='lat' dir='ltr'><strong>cognitionibus</strong></span> <span class='ocrx_word' id='word_1_44' title='bbox 1387 773 1517 830; x_wconf 85' lang='lat' dir='ltr'><strong>veri</strong></span> <span class='ocrx_word' id='word_1_45' title='bbox 1551 777 1721 842; x_wconf 86' lang='lat' dir='ltr'><strong>sunt,</strong></span> <span class='ocrx_word' id='word_1_46' title='bbox 1774 778 1835 831; x_wconf 87' lang='lat' dir='ltr'><strong>et</strong></span> <span class='ocrx_word' id='word_1_47' title='bbox 1868 771 2021 830; x_wconf 84' lang='lat' dir='ltr'><strong>inde</strong></span> <span class='ocrx_word' id='word_1_48' title='bbox 2060 787 2186 828; x_wconf 87' lang='lat' dir='ltr'><strong>non</strong></span> <span class='ocrx_word' id='word_1_49' title='bbox 2236 771 2296 828; x_wconf 92' lang='lat' dir='ltr'><strong>in</strong></span> <span class='ocrx_word' id='word_1_50' title='bbox 2332 767 2525 845; x_wconf 83' lang='lat' dir='ltr'><strong>aliquo</strong></span> 
     </span>
     <span class='ocr_line' id='line_1_6' title="bbox 321 867 2525 948; baseline -0.004 -14"><span class='ocrx_word' id='word_1_51' title='bbox 321 942 326 948; x_wconf 50' lang='grc'><em>,</em></span> <span class='ocrx_word' id='word_1_52' title='bbox 390 871 700 941; x_wconf 82' lang='lat' dir='ltr'><strong>intellectu</strong></span> <span class='ocrx_word' id='word_1_53' title='bbox 760 874 916 947; x_wconf 82' lang='lat' dir='ltr'><strong>veri,</strong></span> <span class='ocrx_word' id='word_1_54' title='bbox 973 872 1106 932; x_wconf 86' lang='lat' dir='ltr'><strong>ideo</strong></span> <span class='ocrx_word' id='word_1_55' title='bbox 1139 873 1296 930; x_wconf 86' lang='lat' dir='ltr'><strong>inter</strong></span> <span class='ocrx_word' id='word_1_56' title='bbox 1342 872 1512 948; x_wconf 81' lang='lat' dir='ltr'><strong>leges</strong></span> <span class='ocrx_word' id='word_1_57' title='bbox 1564 878 1625 930; x_wconf 90' lang='lat' dir='ltr'><strong>et</strong></span> <span class='ocrx_word' id='word_1_58' title='bbox 1670 876 1933 945; x_wconf 81' lang='lat' dir='ltr'><strong>statuta,</strong></span> <span class='ocrx_word' id='word_1_59' title='bbox 1997 888 2167 946; x_wconf 80' lang='lat' dir='ltr'><strong>quae</strong></span> <span class='ocrx_word' id='word_1_60' title='bbox 2222 869 2367 929; x_wconf 84' lang='lat' dir='ltr'><strong>data</strong></span> <span class='ocrx_word' id='word_1_61' title='bbox 2397 867 2525 928; x_wconf 85' lang='lat' dir='ltr'><strong>filiis</strong></span> 
     </span>
     <span class='ocr_line' id='line_1_7' title="bbox 389 969 2523 1054; baseline -0.004 -18"><span class='ocrx_word' id='word_1_62' title='bbox 389 972 664 1049; x_wconf 66' lang='lat' dir='ltr'><strong>Israelis,</strong></span> <span class='ocrx_word' id='word_1_63' title='bbox 721 974 944 1046; x_wconf 77' lang='lat' dir='ltr'><strong>suerat,</strong></span> <span class='ocrx_word' id='word_1_64' title='bbox 1017 1013 1054 1047; x_wconf 87' lang='lat'><em>„</em></span> <span class='ocrx_word' id='word_1_65' title='bbox 1081 970 1272 1048; x_wconf 72' lang='lat' dir='ltr'><strong>Quod</strong></span> <span class='ocrx_word' id='word_1_66' title='bbox 1311 970 1552 1032; x_wconf 73' lang='lat' dir='ltr'><strong>Caecus</strong></span> <span class='ocrx_word' id='word_1_67' title='bbox 1603 989 1683 1032; x_wconf 76' lang='lat' dir='ltr'><strong>eoe</strong></span> <span class='ocrx_word' id='word_1_68' title='bbox 1722 969 1902 1054; x_wconf 74' lang='lat' dir='ltr'><strong>filiis</strong></span> <span class='ocrx_word' id='word_1_69' title='bbox 1948 969 2301 1033; x_wconf 72' lang='lat' dir='ltr'><strong>Aharom‘a</strong></span> <span class='ocrx_word' id='word_1_70' title='bbox 2350 972 2409 1028; x_wconf 83' lang='lat' dir='ltr'><strong>et</strong></span> <span class='ocrx_word' id='word_1_71' title='bbox 2450 985 2523 1028; x_wconf 75' lang='lat' dir='ltr'><strong>ea·</strong></span> 
     </span>
     <span class='ocr_line' id='line_1_8' title="bbox 389 1068 2525 1152; baseline -0.004 -16"><span class='ocrx_word' id='word_1_72' title='bbox 389 1071 642 1136; x_wconf 68' lang='lat' dir='ltr'><strong>Levitis</strong></span> <span class='ocrx_word' id='word_1_73' title='bbox 675 1092 800 1134; x_wconf 73' lang='lat' dir='ltr'><strong>non</strong></span> <span class='ocrx_word' id='word_1_74' title='bbox 837 1071 1148 1134; x_wconf 67' lang='lat' dir='ltr'><strong>accederet</strong></span> <span class='ocrx_word' id='word_1_75' title='bbox 1179 1070 1270 1132; x_wconf 86' lang='lat' dir='ltr'><strong>ad</strong></span> <span class='ocrx_word' id='word_1_76' title='bbox 1295 1071 1679 1152; x_wconf 80' lang='lat' dir='ltr'><strong>offerendum</strong></span> <span class='ocrx_word' id='word_1_77' title='bbox 1705 1091 1943 1152; x_wconf 75' lang='lat' dir='ltr'><strong>panem</strong></span> <span class='ocrx_word' id='word_1_78' title='bbox 1980 1070 2132 1132; x_wconf 79' lang='lat' dir='ltr'><strong>Dei</strong></span> <span class='ocrx_word' id='word_1_79' title='bbox 2179 1069 2359 1144; x_wconf 74' lang='lat' dir='ltr'><strong>sui“,</strong></span> <span class='ocrx_word' id='word_1_80' title='bbox 2418 1068 2525 1128; x_wconf 85' lang='lat' dir='ltr'><strong>hoe</strong></span> 
     </span>
     <span class='ocr_line' id='line_1_9' title="bbox 391 1167 2521 1250; baseline -0.005 -14"><span class='ocrx_word' id='word_1_81' title='bbox 391 1181 515 1250; x_wconf 80' lang='lat' dir='ltr'><strong>est,</strong></span> <span class='ocrx_word' id='word_1_82' title='bbox 571 1175 650 1234; x_wconf 80' lang='lat' dir='ltr'><strong>ad</strong></span> <span class='ocrx_word' id='word_1_83' title='bbox 682 1174 1019 1234; x_wconf 83' lang='lat' dir='ltr'><strong>faciendum</strong></span> <span class='ocrx_word' id='word_1_84' title='bbox 1053 1172 1441 1247; x_wconf 82' lang='lat' dir='ltr'><strong>sacrificium,</strong></span> <span class='ocrx_word' id='word_1_85' title='bbox 1493 1173 1701 1232; x_wconf 86' lang='lat' dir='ltr'><strong>Levit:</strong></span> <span class='ocrx_word' id='word_1_86' title='bbox 1738 1171 1926 1232; x_wconf 88' lang='lat' dir='ltr'>XXI:</span> <span class='ocrx_word' id='word_1_87' title='bbox 1982 1176 2010 1230; x_wconf 94' lang='grc'><strong>1</strong></span> <span class='ocrx_word' id='word_1_88' title='bbox 2032 1175 2100 1231; x_wconf 89' lang='grc'><strong>8.</strong></span> <span class='ocrx_word' id='word_1_89' title='bbox 2159 1171 2363 1230; x_wconf 88' lang='lat' dir='ltr'><strong>Deut:</strong></span> <span class='ocrx_word' id='word_1_90' title='bbox 2390 1167 2521 1230; x_wconf 86' lang='lat' dir='ltr'><strong>XV:</strong></span> 
     </span>
     <span class='ocr_line' id='line_1_10' title="bbox 393 1270 2518 1354; baseline -0.005 -18"><span class='ocrx_word' id='word_1_91' title='bbox 393 1277 518 1336; x_wconf 84' lang='lat'><strong>21:</strong></span> <span class='ocrx_word' id='word_1_92' title='bbox 569 1279 705 1336; x_wconf 82' lang='lat' dir='ltr'><strong>tum</strong></span> <span class='ocrx_word' id='word_1_93' title='bbox 735 1272 981 1354; x_wconf 78' lang='lat' dir='ltr'><strong>quod„</strong></span> <span class='ocrx_word' id='word_1_94' title='bbox 991 1271 1262 1338; x_wconf 68' lang='lat' dir='ltr'><strong>Caecum</strong></span> <span class='ocrx_word' id='word_1_95' title='bbox 1295 1273 1823 1352; x_wconf 68' lang='lat' dir='ltr'><strong>nonoffmetur“</strong></span> <span class='ocrx_word' id='word_1_96' title='bbox 1878 1274 2101 1332; x_wconf 87' lang='lat' dir='ltr'><strong>Levit:</strong></span> <span class='ocrx_word' id='word_1_97' title='bbox 2144 1270 2372 1330; x_wconf 85' lang='lat' dir='ltr'>XXII:</span> <span class='ocrx_word' id='word_1_98' title='bbox 2414 1271 2518 1326; x_wconf 82' lang='lat'><strong>22:</strong></span> 
     </span>
     <span class='ocr_line' id='line_1_11' title="bbox 388 1367 2513 1453; baseline -0.004 -17"><span class='ocrx_word' id='word_1_99' title='bbox 388 1378 618 1453; x_wconf 83' lang='lat' dir='ltr'><strong>pariter</strong></span> <span class='ocrx_word' id='word_1_100' title='bbox 696 1420 734 1451; x_wconf 82' lang='grc'><strong>,,</strong></span> <span class='ocrx_word' id='word_1_101' title='bbox 770 1372 961 1451; x_wconf 79' lang='lat' dir='ltr'><strong>Quod</strong></span> <span class='ocrx_word' id='word_1_102' title='bbox 1007 1393 1132 1434; x_wconf 75' lang='lat' dir='ltr'><strong>non</strong></span> <span class='ocrx_word' id='word_1_103' title='bbox 1187 1391 1403 1434; x_wconf 70' lang='lat' dir='ltr'><strong>eoram</strong></span> <span class='ocrx_word' id='word_1_104' title='bbox 1457 1371 1655 1434; x_wconf 80' lang='lat' dir='ltr'><strong>Caeco</strong></span> <span class='ocrx_word' id='word_1_105' title='bbox 1704 1371 1932 1434; x_wconf 75' lang='lat' dir='ltr'><strong>darent</strong></span> <span class='ocrx_word' id='word_1_106' title='bbox 2000 1367 2459 1451; x_wconf 76' lang='lat' dir='ltr'><strong>offendiculum</strong></span> <span class='ocrx_word' id='word_1_107' title='bbox 2480 1369 2513 1398; x_wconf 86' lang='lat'>“</span> 
     </span>
     <span class='ocr_line' id='line_1_12' title="bbox 388 1463 2517 1561; baseline -0.005 -24"><span class='ocrx_word' id='word_1_108' title='bbox 388 1475 600 1538; x_wconf 67' lang='lat' dir='ltr'><strong>Lexit·</strong></span> <span class='ocrx_word' id='word_1_109' title='bbox 631 1475 807 1536; x_wconf 86' lang='lat' dir='ltr'>XIX:</span> <span class='ocrx_word' id='word_1_110' title='bbox 848 1478 972 1534; x_wconf 88' lang='lat'><strong>14:</strong></span> <span class='ocrx_word' id='word_1_111' title='bbox 1014 1463 1350 1561; x_wconf 83' lang='lat' dir='ltr'><strong>[pariter],</strong></span> <span class='ocrx_word' id='word_1_112' title='bbox 1347 1473 1577 1550; x_wconf 77' lang='lat' dir='ltr'><strong>,Quod</strong></span> <span class='ocrx_word' id='word_1_113' title='bbox 1614 1471 2007 1536; x_wconf 77' lang='lat' dir='ltr'><strong>maledictus·</strong></span> <span class='ocrx_word' id='word_1_114' title='bbox 2032 1472 2154 1552; x_wconf 83' lang='lat' dir='ltr'><strong>qui</strong></span> <span class='ocrx_word' id='word_1_115' title='bbox 2178 1468 2517 1548; x_wconf 71' lang='lat' dir='ltr'><strong>maresa·-</strong></span> 
     </span>
     <span class='ocr_line' id='line_1_13' title="bbox 389 1569 2513 1660; baseline -0.006 -23"><span class='ocrx_word' id='word_1_116' title='bbox 389 1581 548 1637; x_wconf 74' lang='lat' dir='ltr'><strong>oeret</strong></span> <span class='ocrx_word' id='word_1_117' title='bbox 589 1574 916 1637; x_wconf 71' lang='lat' dir='ltr'><strong>Caecum“</strong></span> <span class='ocrx_word' id='word_1_118' title='bbox 982 1576 1174 1652; x_wconf 88' lang='lat' dir='ltr'><strong>Deut:</strong></span> <span class='ocrx_word' id='word_1_119' title='bbox 1212 1574 1491 1634; x_wconf 89' lang='lat' dir='ltr'>XXVII:</span> <span class='ocrx_word' id='word_1_120' title='bbox 1552 1578 1670 1633; x_wconf 87' lang='lat'><strong>18:</strong></span> <span class='ocrx_word' id='word_1_121' title='bbox 1726 1575 1885 1652; x_wconf 84' lang='lat' dir='ltr'><strong>quod</strong></span> <span class='ocrx_word' id='word_1_122' title='bbox 1934 1575 2063 1660; x_wconf 61' lang='lat' dir='ltr'><strong>hae</strong></span> <span class='ocrx_word' id='word_1_123' title='bbox 2110 1573 2315 1648; x_wconf 80' lang='lat' dir='ltr'><strong>Leges</strong></span> <span class='ocrx_word' id='word_1_124' title='bbox 2362 1569 2513 1628; x_wconf 81' lang='lat' dir='ltr'><strong>latae</strong></span> 
     </span>
     <span class='ocr_line' id='line_1_14' title="bbox 387 1669 2513 1752; baseline -0.006 -16"><span class='ocrx_word' id='word_1_125' title='bbox 387 1677 636 1746; x_wconf 82' lang='lat' dir='ltr'><strong>fuerint,</strong></span> <span class='ocrx_word' id='word_1_126' title='bbox 689 1681 819 1736; x_wconf 87' lang='lat' dir='ltr'><strong>erat</strong></span> <span class='ocrx_word' id='word_1_127' title='bbox 867 1677 1008 1752; x_wconf 87' lang='lat' dir='ltr'><strong>quia</strong></span> <span class='ocrx_word' id='word_1_128' title='bbox 1039 1675 1316 1734; x_wconf 78' lang='lat' dir='ltr'><strong>Ecclesia</strong></span> <span class='ocrx_word' id='word_1_129' title='bbox 1362 1675 1523 1752; x_wconf 86' lang='lat' dir='ltr'><strong>apud</strong></span> <span class='ocrx_word' id='word_1_130' title='bbox 1566 1675 1698 1735; x_wconf 88' lang='lat' dir='ltr'><strong>illos</strong></span> <span class='ocrx_word' id='word_1_131' title='bbox 1734 1678 2015 1734; x_wconf 85' lang='lat' dir='ltr'><strong>instituta</strong></span> <span class='ocrx_word' id='word_1_132' title='bbox 2072 1680 2211 1734; x_wconf 81' lang='lat' dir='ltr'><strong>erat</strong></span> <span class='ocrx_word' id='word_1_133' title='bbox 2246 1669 2513 1732; x_wconf 80' lang='lat' dir='ltr'><strong>Ecclesia</strong></span> 
     </span>
     <span class='ocr_line' id='line_1_15' title="bbox 385 1769 2511 1853; baseline -0.006 -17"><span class='ocrx_word' id='word_1_134' title='bbox 385 1776 996 1853; x_wconf 80' lang='lat' dir='ltr'><strong>Repraesentativa,</strong></span> <span class='ocrx_word' id='word_1_135' title='bbox 978 1794 1038 1833; x_wconf 86' lang='lat' dir='ltr'>m</span> <span class='ocrx_word' id='word_1_136' title='bbox 1065 1793 1184 1852; x_wconf 81' lang='lat' dir='ltr'><strong>qua</strong></span> <span class='ocrx_word' id='word_1_137' title='bbox 1207 1778 1409 1834; x_wconf 85' lang='lat' dir='ltr'><strong>omnia</strong></span> <span class='ocrx_word' id='word_1_138' title='bbox 1430 1775 1973 1852; x_wconf 77' lang='lat' dir='ltr'><strong>repraesentabant</strong></span> <span class='ocrx_word' id='word_1_139' title='bbox 2000 1770 2351 1852; x_wconf 81' lang='lat' dir='ltr'><strong>spiritualia</strong></span> <span class='ocrx_word' id='word_1_140' title='bbox 2380 1769 2511 1844; x_wconf 84' lang='lat' dir='ltr'><strong>quia</strong></span> 
     </span>
     <span class='ocr_line' id='line_1_16' title="bbox 384 1869 2509 1952; baseline -0.006 -16"><span class='ocrx_word' id='word_1_141' title='bbox 384 1875 504 1936; x_wconf 88' lang='lat' dir='ltr'><strong>illis</strong></span> <span class='ocrx_word' id='word_1_142' title='bbox 541 1874 1104 1951; x_wconf 84' lang='lat' dir='ltr'><strong>correspondebant.</strong></span> <span class='ocrx_word' id='word_1_143' title='bbox 1183 1875 1332 1935; x_wconf 90' lang='lat' dir='ltr'><strong>Ideo</strong></span> <span class='ocrx_word' id='word_1_144' title='bbox 1376 1879 1555 1936; x_wconf 87' lang='lat' dir='ltr'><strong>etiam</strong></span> <span class='ocrx_word' id='word_1_145' title='bbox 1600 1876 1817 1936; x_wconf 86' lang='lat' dir='ltr'><strong>dicitur</strong></span> <span class='ocrx_word' id='word_1_146' title='bbox 1861 1891 2139 1952; x_wconf 82' lang='lat' dir='ltr'><strong>sequens</strong></span> <span class='ocrx_word' id='word_1_147' title='bbox 2176 1869 2509 1932; x_wconf 83' lang='lat' dir='ltr'><strong>maledictio</strong></span> 
     </span>
     <span class='ocr_line' id='line_1_17' title="bbox 385 1968 2505 2054; baseline -0.004 -18"><span class='ocrx_word' id='word_1_148' title='bbox 385 1993 570 2054; x_wconf 83' lang='lat' dir='ltr'><strong>super</strong></span> <span class='ocrx_word' id='word_1_149' title='bbox 631 1993 736 2036; x_wconf 88' lang='lat' dir='ltr'><strong>eos</strong></span> <span class='ocrx_word' id='word_1_150' title='bbox 786 1978 889 2051; x_wconf 86' lang='lat' dir='ltr'><strong>qui</strong></span> <span class='ocrx_word' id='word_1_151' title='bbox 929 1993 1048 2034; x_wconf 90' lang='lat' dir='ltr'><strong>non</strong></span> <span class='ocrx_word' id='word_1_152' title='bbox 1092 1983 1335 2034; x_wconf 85' lang='lat' dir='ltr'><strong>servant</strong></span> <span class='ocrx_word' id='word_1_153' title='bbox 1369 1976 1681 2050; x_wconf 80' lang='lat' dir='ltr'><strong>mandata,</strong></span> <span class='ocrx_word' id='word_1_154' title='bbox 1739 1976 1899 2052; x_wconf 84' lang='lat' dir='ltr'><strong>apud</strong></span> <span class='ocrx_word' id='word_1_155' title='bbox 1935 1977 2163 2034; x_wconf 85' lang='lat' dir='ltr'><strong>Mosen</strong></span> <span class='ocrx_word' id='word_1_156' title='bbox 2220 2017 2259 2047; x_wconf 90' lang='lat'><em>„</em></span> <span class='ocrx_word' id='word_1_157' title='bbox 2282 1968 2362 2032; x_wconf 75' lang='lat' dir='ltr'><strong>Si</strong></span> <span class='ocrx_word' id='word_1_158' title='bbox 2392 1985 2505 2028; x_wconf 77' lang='lat' dir='ltr'><strong>mm</strong></span> 
     </span>
     <span class='ocr_line' id='line_1_18' title="bbox 384 2066 2503 2156; baseline -0.005 -20"><span class='ocrx_word' id='word_1_159' title='bbox 384 2075 730 2138; x_wconf 46' lang='lat' dir='ltr'><strong>obedivere&amp;</strong></span> <span class='ocrx_word' id='word_1_160' title='bbox 783 2075 922 2136; x_wconf 76' lang='lat' dir='ltr'><strong>voci</strong></span> <span class='ocrx_word' id='word_1_161' title='bbox 952 2073 1094 2136; x_wconf 70' lang='lat' dir='ltr'><strong>Dea·</strong></span> <span class='ocrx_word' id='word_1_162' title='bbox 1135 2074 1237 2136; x_wconf 77' lang='lat' dir='ltr'><strong>tui</strong></span> <span class='ocrx_word' id='word_1_163' title='bbox 1270 2075 1682 2137; x_wconf 67' lang='lat' dir='ltr'><strong>eustodiendo</strong></span> <span class='ocrx_word' id='word_1_164' title='bbox 1732 2074 1823 2136; x_wconf 85' lang='lat' dir='ltr'><strong>ad</strong></span> <span class='ocrx_word' id='word_1_165' title='bbox 1852 2074 2251 2156; x_wconf 74' lang='lat' dir='ltr'><strong>faciendum</strong></span> <span class='ocrx_word' id='word_1_166' title='bbox 2302 2066 2503 2130; x_wconf 73' lang='lat' dir='ltr'><strong>omnia</strong></span> 
     </span>
     <span class='ocr_line' id='line_1_19' title="bbox 375 2170 2500 2257; baseline -0.003 -20"><span class='ocrx_word' id='word_1_167' title='bbox 375 2182 717 2257; x_wconf 81' lang='lat' dir='ltr'><strong>praecepta</strong></span> <span class='ocrx_word' id='word_1_168' title='bbox 749 2174 1002 2257; x_wconf 75' lang='lat' dir='ltr'><strong>Ipsius,</strong></span> <span class='ocrx_word' id='word_1_169' title='bbox 1029 2175 1344 2255; x_wconf 78' lang='lat' dir='ltr'><strong>percutiet</strong></span> <span class='ocrx_word' id='word_1_170' title='bbox 1382 2182 1441 2236; x_wconf 79' lang='lat' dir='ltr'><strong>te</strong></span> <span class='ocrx_word' id='word_1_171' title='bbox 1465 2175 1750 2238; x_wconf 71' lang='lat' dir='ltr'><strong>Jehovah</strong></span> <span class='ocrx_word' id='word_1_172' title='bbox 1762 2177 1995 2257; x_wconf 75' lang='lat' dir='ltr'><strong>surore</strong></span> <span class='ocrx_word' id='word_1_173' title='bbox 2025 2181 2090 2236; x_wconf 77' lang='lat' dir='ltr'><strong>et</strong></span> <span class='ocrx_word' id='word_1_174' title='bbox 2126 2171 2425 2235; x_wconf 68' lang='lat' dir='ltr'><strong>caecitate</strong></span> <span class='ocrx_word' id='word_1_175' title='bbox 2446 2170 2500 2225; x_wconf 74' lang='lat' dir='ltr'><strong>et</strong></span> 
     </span>
     <span class='ocr_line' id='line_1_20' title="bbox 382 2267 2499 2357; baseline -0.004 -20"><span class='ocrx_word' id='word_1_176' title='bbox 382 2281 638 2357; x_wconf 72' lang='lat' dir='ltr'><strong>stupore</strong></span> <span class='ocrx_word' id='word_1_177' title='bbox 677 2277 910 2346; x_wconf 64' lang='lat' dir='ltr'><strong>cordia,</strong></span> <span class='ocrx_word' id='word_1_178' title='bbox 943 2279 1016 2337; x_wconf 80' lang='lat' dir='ltr'><strong>ut</strong></span> <span class='ocrx_word' id='word_1_179' title='bbox 1058 2276 1154 2336; x_wconf 72' lang='lat' dir='ltr'><strong>sia</strong></span> <span class='ocrx_word' id='word_1_180' title='bbox 1178 2273 1521 2356; x_wconf 70' lang='lat' dir='ltr'><strong>palpitans</strong></span> <span class='ocrx_word' id='word_1_181' title='bbox 1558 2277 1628 2337; x_wconf 77' lang='lat' dir='ltr'><strong>in</strong></span> <span class='ocrx_word' id='word_1_182' title='bbox 1661 2276 1958 2348; x_wconf 72' lang='lat' dir='ltr'><strong>meridie,</strong></span> <span class='ocrx_word' id='word_1_183' title='bbox 2013 2277 2193 2338; x_wconf 72' lang='lat' dir='ltr'><strong>sieut</strong></span> <span class='ocrx_word' id='word_1_184' title='bbox 2220 2267 2499 2352; x_wconf 71' lang='lat' dir='ltr'><strong>palpitat</strong></span> 
     </span>
     <span class='ocr_line' id='line_1_21' title="bbox 382 2364 2493 2466; baseline -0.006 -27"><span class='ocrx_word' id='word_1_185' title='bbox 382 2395 602 2440; x_wconf 74' lang='lat' dir='ltr'><strong>caecae</strong></span> <span class='ocrx_word' id='word_1_186' title='bbox 627 2377 698 2439; x_wconf 74' lang='lat' dir='ltr'><strong>in</strong></span> <span class='ocrx_word' id='word_1_187' title='bbox 722 2377 1034 2438; x_wconf 77' lang='lat' dir='ltr'><strong>tenebris“</strong></span> <span class='ocrx_word' id='word_1_188' title='bbox 1072 2375 1263 2437; x_wconf 85' lang='lat' dir='ltr'><strong>Dent:</strong></span> <span class='ocrx_word' id='word_1_189' title='bbox 1291 2377 1589 2438; x_wconf 85' lang='lat' dir='ltr'>XXVIII:</span> <span class='ocrx_word' id='word_1_190' title='bbox 1620 2367 1795 2466; x_wconf 84' lang='lat'><strong>[15.]</strong></span> <span class='ocrx_word' id='word_1_191' title='bbox 1828 2379 1917 2438; x_wconf 85' lang='lat'><strong>28</strong></span> <span class='ocrx_word' id='word_1_192' title='bbox 1954 2377 2173 2455; x_wconf 78' lang='lat'><strong>[.29]3</strong></span> <span class='ocrx_word' id='word_1_193' title='bbox 2218 2390 2328 2450; x_wconf 87' lang='lat' dir='ltr'><strong>per</strong></span> <span class='ocrx_word' id='word_1_194' title='bbox 2350 2364 2493 2446; x_wconf 82' lang='lat' dir='ltr'><strong>quod</strong></span> 
     </span>
     <span class='ocr_line' id='line_1_22' title="bbox 388 2472 2491 2556; baseline -0.006 -18"><span class='ocrx_word' id='word_1_195' title='bbox 388 2481 565 2538; x_wconf 84' lang='lat' dir='ltr'><strong>etiam</strong></span> <span class='ocrx_word' id='word_1_196' title='bbox 617 2478 993 2556; x_wconf 85' lang='lat' dir='ltr'><strong>intelligitur,</strong></span> <span class='ocrx_word' id='word_1_197' title='bbox 1052 2478 1210 2554; x_wconf 86' lang='lat' dir='ltr'><strong>quod</strong></span> <span class='ocrx_word' id='word_1_198' title='bbox 1251 2481 1545 2538; x_wconf 85' lang='lat' dir='ltr'><strong>caecitate</strong></span> <span class='ocrx_word' id='word_1_199' title='bbox 1598 2486 1657 2538; x_wconf 89' lang='lat' dir='ltr'><strong>et</strong></span> <span class='ocrx_word' id='word_1_200' title='bbox 1704 2486 1953 2556; x_wconf 85' lang='lat' dir='ltr'><strong>stupore</strong></span> <span class='ocrx_word' id='word_1_201' title='bbox 2006 2472 2317 2556; x_wconf 78' lang='lat' dir='ltr'><strong>spirituali</strong></span> <span class='ocrx_word' id='word_1_202' title='bbox 2360 2485 2491 2546; x_wconf 85' lang='lat' dir='ltr'><strong>per-</strong></span> 
     </span>
     <span class='ocr_line' id='line_1_23' title="bbox 389 2573 2491 2656; baseline -0.003 -18"><span class='ocrx_word' id='word_1_203' title='bbox 389 2582 686 2639; x_wconf 78' lang='lat' dir='ltr'><strong>cutientur</strong></span> <span class='ocrx_word' id='word_1_204' title='bbox 720 2579 808 2638; x_wconf 89' lang='lat' dir='ltr'><strong>illi</strong></span> <span class='ocrx_word' id='word_1_205' title='bbox 843 2581 944 2656; x_wconf 91' lang='lat' dir='ltr'><strong>qui</strong></span> <span class='ocrx_word' id='word_1_206' title='bbox 979 2596 1096 2636; x_wconf 89' lang='lat' dir='ltr'><strong>non</strong></span> <span class='ocrx_word' id='word_1_207' title='bbox 1131 2578 1419 2638; x_wconf 88' lang='lat' dir='ltr'><strong>obediunt</strong></span> <span class='ocrx_word' id='word_1_208' title='bbox 1452 2581 1587 2638; x_wconf 85' lang='lat' dir='ltr'><strong>voci</strong></span> <span class='ocrx_word' id='word_1_209' title='bbox 1620 2578 1863 2638; x_wconf 89' lang='lat' dir='ltr'><strong>Domini</strong></span> <span class='ocrx_word' id='word_1_210' title='bbox 1895 2578 2177 2639; x_wconf 84' lang='lat' dir='ltr'><strong>faciendo</strong></span> <span class='ocrx_word' id='word_1_211' title='bbox 2211 2573 2317 2633; x_wconf 83' lang='lat' dir='ltr'><strong>illa</strong></span> <span class='ocrx_word' id='word_1_212' title='bbox 2350 2581 2491 2646; x_wconf 71' lang='lat' dir='ltr'><strong>quae</strong></span> 
     </span>
     <span class='ocr_line' id='line_1_24' title="bbox 383 2677 2493 2758; baseline -0.004 -20"><span class='ocrx_word' id='word_1_213' title='bbox 383 2681 444 2738; x_wconf 90' lang='lat' dir='ltr'><strong>in</strong></span> <span class='ocrx_word' id='word_1_214' title='bbox 479 2679 686 2740; x_wconf 87' lang='lat' dir='ltr'><strong>Verbo</strong></span> <span class='ocrx_word' id='word_1_215' title='bbox 718 2685 1145 2758; x_wconf 81' lang='lat' dir='ltr'><strong>praeceperat3</strong></span> <span class='ocrx_word' id='word_1_216' title='bbox 1185 2677 1461 2739; x_wconf 82' lang='lat' dir='ltr'><strong>Caecitas</strong></span> <span class='ocrx_word' id='word_1_217' title='bbox 1488 2678 1818 2756; x_wconf 83' lang='lat' dir='ltr'><strong>spiritualis</strong></span> <span class='ocrx_word' id='word_1_218' title='bbox 1845 2679 2162 2739; x_wconf 86' lang='lat' dir='ltr'><strong>oculorum</strong></span> <span class='ocrx_word' id='word_1_219' title='bbox 2200 2680 2263 2736; x_wconf 88' lang='lat' dir='ltr'><strong>et</strong></span> <span class='ocrx_word' id='word_1_220' title='bbox 2296 2677 2493 2744; x_wconf 80' lang='lat' dir='ltr'><strong>stupor</strong></span> 
     </span>
     <span class='ocr_line' id='line_1_25' title="bbox 384 2772 2487 2856; baseline -0.006 -19"><span class='ocrx_word' id='word_1_221' title='bbox 384 2780 710 2856; x_wconf 80' lang='lat' dir='ltr'><strong>spiritualis</strong></span> <span class='ocrx_word' id='word_1_222' title='bbox 748 2780 942 2838; x_wconf 84' lang='lat' dir='ltr'><strong>cordis</strong></span> <span class='ocrx_word' id='word_1_223' title='bbox 993 2787 1086 2838; x_wconf 85' lang='lat' dir='ltr'><strong>est</strong></span> <span class='ocrx_word' id='word_1_224' title='bbox 1121 2778 1320 2838; x_wconf 86' lang='lat' dir='ltr'><strong>nullus</strong></span> <span class='ocrx_word' id='word_1_225' title='bbox 1357 2779 1697 2839; x_wconf 81' lang='lat' dir='ltr'><strong>intellectus</strong></span> <span class='ocrx_word' id='word_1_226' title='bbox 1734 2782 1861 2838; x_wconf 87' lang='lat' dir='ltr'><strong>veri</strong></span> <span class='ocrx_word' id='word_1_227' title='bbox 1914 2787 1973 2839; x_wconf 85' lang='lat' dir='ltr'><strong>et</strong></span> <span class='ocrx_word' id='word_1_228' title='bbox 2018 2777 2189 2838; x_wconf 84' lang='lat' dir='ltr'><strong>nulla</strong></span> <span class='ocrx_word' id='word_1_229' title='bbox 2222 2772 2487 2832; x_wconf 82' lang='lat' dir='ltr'><strong>voluntas</strong></span> 
     </span>
     <span class='ocr_line' id='line_1_26' title="bbox 385 2868 2485 2956; baseline -0.002 -20"><span class='ocrx_word' id='word_1_230' title='bbox 385 2878 524 2936; x_wconf 84' lang='lat' dir='ltr'><strong>boni</strong></span> <span class='ocrx_word' id='word_1_231' title='bbox 535 2900 552 2953; x_wconf 85' lang='lat'>3</span> <span class='ocrx_word' id='word_1_232' title='bbox 605 2879 905 2956; x_wconf 80' lang='lat' dir='ltr'><strong>palpitare</strong></span> <span class='ocrx_word' id='word_1_233' title='bbox 941 2883 1001 2938; x_wconf 88' lang='lat' dir='ltr'><strong>in</strong></span> <span class='ocrx_word' id='word_1_234' title='bbox 1035 2879 1282 2938; x_wconf 85' lang='lat' dir='ltr'><strong>meridie</strong></span> <span class='ocrx_word' id='word_1_235' title='bbox 1335 2887 1430 2939; x_wconf 90' lang='lat' dir='ltr'><strong>est</strong></span> <span class='ocrx_word' id='word_1_236' title='bbox 1462 2879 1601 2940; x_wconf 87' lang='lat' dir='ltr'><strong>talis</strong></span> <span class='ocrx_word' id='word_1_237' title='bbox 1640 2896 1777 2940; x_wconf 88' lang='lat' dir='ltr'><strong>esse</strong></span> <span class='ocrx_word' id='word_1_238' title='bbox 1822 2883 1883 2939; x_wconf 86' lang='lat' dir='ltr'><strong>in</strong></span> <span class='ocrx_word' id='word_1_239' title='bbox 1918 2881 2201 2940; x_wconf 86' lang='lat' dir='ltr'><strong>Ecclesia</strong></span> <span class='ocrx_word' id='word_1_240' title='bbox 2247 2872 2347 2932; x_wconf 90' lang='lat' dir='ltr'><strong>ubi</strong></span> <span class='ocrx_word' id='word_1_241' title='bbox 2388 2868 2485 2926; x_wconf 81' lang='lat' dir='ltr'><strong>lux</strong></span> 
     </span>
     <span class='ocr_line' id='line_1_27' title="bbox 382 2977 2481 3056; baseline -0 -22"><span class='ocrx_word' id='word_1_242' title='bbox 382 2980 512 3035; x_wconf 81' lang='lat' dir='ltr'><strong>veri</strong></span> <span class='ocrx_word' id='word_1_243' title='bbox 548 2978 722 3038; x_wconf 84' lang='lat' dir='ltr'><strong>datur</strong></span> <span class='ocrx_word' id='word_1_244' title='bbox 763 2997 876 3054; x_wconf 87' lang='lat' dir='ltr'><strong>per</strong></span> <span class='ocrx_word' id='word_1_245' title='bbox 909 2979 1206 3055; x_wconf 85' lang='lat' dir='ltr'><strong>Verbum3</strong></span> <span class='ocrx_word' id='word_1_246' title='bbox 1263 2980 1424 3056; x_wconf 88' lang='lat' dir='ltr'><strong>quod</strong></span> <span class='ocrx_word' id='word_1_247' title='bbox 1472 2980 1753 3040; x_wconf 83' lang='lat' dir='ltr'><strong>meridies</strong></span> <span class='ocrx_word' id='word_1_248' title='bbox 1803 2979 2098 3056; x_wconf 84' lang='lat' dir='ltr'><strong>significet</strong></span> <span class='ocrx_word' id='word_1_249' title='bbox 2151 2977 2257 3036; x_wconf 92' lang='lat' dir='ltr'><strong>ubi</strong></span> <span class='ocrx_word' id='word_1_250' title='bbox 2290 2982 2481 3030; x_wconf 84' lang='lat' dir='ltr'><strong>verum</strong></span> 
     </span>
     <span class='ocr_line' id='line_1_28' title="bbox 383 3077 2480 3156; baseline -0.002 -21"><span class='ocrx_word' id='word_1_251' title='bbox 383 3082 480 3135; x_wconf 87' lang='lat' dir='ltr'><strong>est</strong></span> <span class='ocrx_word' id='word_1_252' title='bbox 523 3079 585 3135; x_wconf 91' lang='lat' dir='ltr'><strong>in</strong></span> <span class='ocrx_word' id='word_1_253' title='bbox 635 3079 800 3152; x_wconf 88' lang='lat' dir='ltr'><strong>luce,</strong></span> <span class='ocrx_word' id='word_1_254' title='bbox 855 3080 1131 3138; x_wconf 86' lang='lat' dir='ltr'><strong>videatur</strong></span> <span class='ocrx_word' id='word_1_255' title='bbox 1176 3099 1246 3138; x_wconf 88' lang='lat' dir='ltr'><strong>n:</strong></span> <span class='ocrx_word' id='word_1_256' title='bbox 1303 3083 1526 3155; x_wconf 83' lang='lat'><strong>96423</strong></span> <span class='ocrx_word' id='word_1_257' title='bbox 1580 3087 1643 3140; x_wconf 89' lang='lat' dir='ltr'><strong>et</strong></span> <span class='ocrx_word' id='word_1_258' title='bbox 1691 3084 1749 3139; x_wconf 90' lang='lat' dir='ltr'><strong>in</strong></span> <span class='ocrx_word' id='word_1_259' title='bbox 1788 3080 1989 3156; x_wconf 82' lang='lat' dir='ltr'><strong>Opere</strong></span> <span class='ocrx_word' id='word_1_260' title='bbox 2036 3081 2111 3140; x_wconf 90' lang='lat' dir='ltr'><strong>de</strong></span> <span class='ocrx_word' id='word_1_261' title='bbox 2164 3077 2369 3137; x_wconf 69' lang='lat' dir='ltr'><strong>Coum</strong></span> <span class='ocrx_word' id='word_1_262' title='bbox 2409 3081 2480 3125; x_wconf 70' lang='grc' dir='ltr'><strong>ΕΤ</strong></span> 
     </span>
     <span class='ocr_line' id='line_1_29' title="bbox 376 3175 1379 3240; baseline 0.001 -3"><span class='ocrx_word' id='word_1_263' title='bbox 376 3175 654 3238; x_wconf 67' lang='grc' dir='ltr'><strong>ῙΝΕΕιῑΝο</strong></span> <span class='ocrx_word' id='word_1_264' title='bbox 692 3195 762 3238; x_wconf 85' lang='lat' dir='ltr'><strong>n:</strong></span> <span class='ocrx_word' id='word_1_265' title='bbox 810 3181 967 3238; x_wconf 85' lang='lat'>148.</span> <span class='ocrx_word' id='word_1_266' title='bbox 1013 3183 1173 3240; x_wconf 85' lang='lat'>149.</span> <span class='ocrx_word' id='word_1_267' title='bbox 1220 3183 1379 3240; x_wconf 80' lang='lat'>151.</span> 
     </span>
    </p>

    <p class='ocr_par' dir='ltr' id='par_1_3' title="bbox 375 3272 2471 4257">
     <span class='ocr_line' id='line_1_30' title="bbox 541 3272 2471 3358; baseline -0.004 -22"><span class='ocrx_word' id='word_1_268' title='bbox 541 3281 702 3338; x_wconf 79' lang='lat'>240.</span> <span class='ocrx_word' id='word_1_269' title='bbox 759 3279 934 3354; x_wconf 83' lang='lat' dir='ltr'><strong>Quod</strong></span> <span class='ocrx_word' id='word_1_270' title='bbox 969 3288 1168 3339; x_wconf 87' lang='lat' dir='ltr'><strong>autem</strong></span> <span class='ocrx_word' id='word_1_271' title='bbox 1214 3281 1413 3339; x_wconf 84' lang='lat' dir='ltr'><strong>nudus</strong></span> <span class='ocrx_word' id='word_1_272' title='bbox 1464 3281 1759 3358; x_wconf 85' lang='lat' dir='ltr'><strong>significet</strong></span> <span class='ocrx_word' id='word_1_273' title='bbox 1804 3281 1941 3340; x_wconf 91' lang='lat' dir='ltr'><strong>illos</strong></span> <span class='ocrx_word' id='word_1_274' title='bbox 1992 3283 2095 3357; x_wconf 90' lang='lat' dir='ltr'><strong>qui</strong></span> <span class='ocrx_word' id='word_1_275' title='bbox 2130 3279 2356 3352; x_wconf 87' lang='lat' dir='ltr'><strong>absque</strong></span> <span class='ocrx_word' id='word_1_276' title='bbox 2386 3272 2471 3330; x_wconf 86' lang='lat' dir='ltr'><strong>in-</strong></span> 
     </span>
     <span class='ocr_line' id='line_1_31' title="bbox 384 3377 2467 3458; baseline 0.001 -23"><span class='ocrx_word' id='word_1_277' title='bbox 384 3377 630 3438; x_wconf 85' lang='lat' dir='ltr'><strong>tellectu</strong></span> <span class='ocrx_word' id='word_1_278' title='bbox 677 3381 804 3438; x_wconf 81' lang='lat' dir='ltr'><strong>veri</strong></span> <span class='ocrx_word' id='word_1_279' title='bbox 855 3383 997 3457; x_wconf 85' lang='lat' dir='ltr'><strong>quia</strong></span> <span class='ocrx_word' id='word_1_280' title='bbox 1043 3380 1274 3458; x_wconf 86' lang='lat' dir='ltr'><strong>absque</strong></span> <span class='ocrx_word' id='word_1_281' title='bbox 1317 3381 1625 3440; x_wconf 78' lang='lat' dir='ltr'><strong>voluntat-e</strong></span> <span class='ocrx_word' id='word_1_282' title='bbox 1671 3381 1842 3457; x_wconf 88' lang='lat' dir='ltr'><strong>boni,</strong></span> <span class='ocrx_word' id='word_1_283' title='bbox 1900 3387 2139 3440; x_wconf 83' lang='lat' dir='ltr'><strong>constat</strong></span> <span class='ocrx_word' id='word_1_284' title='bbox 2186 3380 2359 3439; x_wconf 82' lang='lat' dir='ltr'><strong>etiam</strong></span> <span class='ocrx_word' id='word_1_285' title='bbox 2402 3383 2467 3428; x_wconf 79' lang='lat'><strong>⁰¹</strong></span> 
     </span>
     <span class='ocr_line' id='line_1_32' title="bbox 379 3467 2465 3557; baseline -0.006 -19"><span class='ocrx_word' id='word_1_286' title='bbox 379 3477 528 3540; x_wconf 87' lang='lat' dir='ltr'><strong>locis</strong></span> <span class='ocrx_word' id='word_1_287' title='bbox 578 3483 641 3539; x_wconf 87' lang='lat' dir='ltr'><strong>in</strong></span> <span class='ocrx_word' id='word_1_288' title='bbox 680 3479 884 3540; x_wconf 89' lang='lat' dir='ltr'><strong>Verbo</strong></span> <span class='ocrx_word' id='word_1_289' title='bbox 933 3480 1034 3540; x_wconf 90' lang='lat' dir='ltr'><strong>ubi</strong></span> <span class='ocrx_word' id='word_1_290' title='bbox 1097 3481 1292 3540; x_wconf 88' lang='lat' dir='ltr'><strong>nudus</strong></span> <span class='ocrx_word' id='word_1_291' title='bbox 1345 3487 1407 3540; x_wconf 87' lang='lat' dir='ltr'><strong>et</strong></span> <span class='ocrx_word' id='word_1_292' title='bbox 1452 3481 1693 3540; x_wconf 86' lang='lat' dir='ltr'><strong>nuditas</strong></span> <span class='ocrx_word' id='word_1_293' title='bbox 1727 3485 2092 3555; x_wconf 85' lang='lat' dir='ltr'><strong>nominatur,</strong></span> <span class='ocrx_word' id='word_1_294' title='bbox 2149 3493 2300 3557; x_wconf 86' lang='lat' dir='ltr'><strong>quae</strong></span> <span class='ocrx_word' id='word_1_295' title='bbox 2332 3467 2465 3531; x_wconf 78' lang='lat' dir='ltr'><strong>infra</strong></span> 
     </span>
     <span class='ocr_line' id='line_1_33' title="bbox 381 3569 2465 3659; baseline -0.002 -21"><span class='ocrx_word' id='word_1_296' title='bbox 381 3579 750 3642; x_wconf 83' lang='lat' dir='ltr'><strong>adducentur</strong></span> <span class='ocrx_word' id='word_1_297' title='bbox 760 3601 777 3656; x_wconf 85' lang='lat'><em>3</em></span> <span class='ocrx_word' id='word_1_298' title='bbox 832 3579 991 3657; x_wconf 89' lang='lat' dir='ltr'><strong>quod</strong></span> <span class='ocrx_word' id='word_1_299' title='bbox 1026 3581 1220 3640; x_wconf 87' lang='lat' dir='ltr'><strong>nudus</strong></span> <span class='ocrx_word' id='word_1_300' title='bbox 1275 3587 1334 3640; x_wconf 87' lang='lat' dir='ltr'><strong>et</strong></span> <span class='ocrx_word' id='word_1_301' title='bbox 1386 3581 1625 3640; x_wconf 84' lang='lat' dir='ltr'><strong>nuditas</strong></span> <span class='ocrx_word' id='word_1_302' title='bbox 1658 3581 1767 3642; x_wconf 87' lang='lat' dir='ltr'><strong>illa</strong></span> <span class='ocrx_word' id='word_1_303' title='bbox 1800 3581 2163 3659; x_wconf 84' lang='lat' dir='ltr'><strong>significent,</strong></span> <span class='ocrx_word' id='word_1_304' title='bbox 2222 3583 2311 3638; x_wconf 88' lang='lat' dir='ltr'><strong>est</strong></span> <span class='ocrx_word' id='word_1_305' title='bbox 2340 3569 2465 3648; x_wconf 82' lang='lat' dir='ltr'><strong>quia</strong></span> 
     </span>
     <span class='ocr_line' id='line_1_34' title="bbox 378 3676 2459 3759; baseline -0.003 -21"><span class='ocrx_word' id='word_1_306' title='bbox 378 3683 738 3741; x_wconf 86' lang='lat' dir='ltr'><strong>vestimenta</strong></span> <span class='ocrx_word' id='word_1_307' title='bbox 789 3680 1125 3759; x_wconf 84' lang='lat' dir='ltr'><strong>significant</strong></span> <span class='ocrx_word' id='word_1_308' title='bbox 1175 3699 1321 3740; x_wconf 82' lang='lat' dir='ltr'><strong>vera</strong></span> <span class='ocrx_word' id='word_1_309' title='bbox 1374 3699 1526 3758; x_wconf 88' lang='lat' dir='ltr'><strong>quae</strong></span> <span class='ocrx_word' id='word_1_310' title='bbox 1574 3682 1944 3758; x_wconf 68' lang='lat' dir='ltr'><strong>intellectuS,</strong></span> <span class='ocrx_word' id='word_1_311' title='bbox 2002 3689 2063 3740; x_wconf 87' lang='lat' dir='ltr'><strong>et</strong></span> <span class='ocrx_word' id='word_1_312' title='bbox 2110 3683 2208 3759; x_wconf 90' lang='lat' dir='ltr'><strong>qui</strong></span> <span class='ocrx_word' id='word_1_313' title='bbox 2256 3676 2459 3746; x_wconf 81' lang='lat' dir='ltr'><strong>absquo</strong></span> 
     </span>
     <span class='ocr_line' id='line_1_35' title="bbox 378 3781 2455 3859; baseline -0 -20"><span class='ocrx_word' id='word_1_314' title='bbox 378 3782 538 3840; x_wconf 83' lang='lat' dir='ltr'><strong>veris</strong></span> <span class='ocrx_word' id='word_1_315' title='bbox 576 3789 668 3842; x_wconf 86' lang='lat' dir='ltr'><strong>est</strong></span> <span class='ocrx_word' id='word_1_316' title='bbox 699 3785 752 3842; x_wconf 89' lang='lat' dir='ltr'><strong>is</strong></span> <span class='ocrx_word' id='word_1_317' title='bbox 789 3799 1025 3859; x_wconf 90' lang='lat' dir='ltr'><strong>quoque</strong></span> <span class='ocrx_word' id='word_1_318' title='bbox 1063 3781 1291 3859; x_wconf 87' lang='lat' dir='ltr'><strong>absque</strong></span> <span class='ocrx_word' id='word_1_319' title='bbox 1342 3781 1499 3840; x_wconf 85' lang='lat' dir='ltr'><strong>bono</strong></span> <span class='ocrx_word' id='word_1_320' title='bbox 1538 3788 1663 3856; x_wconf 79' lang='lat' dir='ltr'><strong>est,</strong></span> <span class='ocrx_word' id='word_1_321' title='bbox 1720 3801 1853 3842; x_wconf 86' lang='lat' dir='ltr'><strong>nam</strong></span> <span class='ocrx_word' id='word_1_322' title='bbox 1893 3800 2065 3841; x_wconf 88' lang='lat' dir='ltr'><strong>omne</strong></span> <span class='ocrx_word' id='word_1_323' title='bbox 2100 3783 2311 3841; x_wconf 86' lang='lat' dir='ltr'><strong>bonum</strong></span> <span class='ocrx_word' id='word_1_324' title='bbox 2344 3783 2455 3846; x_wconf 74' lang='lat' dir='ltr'><strong>SPI·</strong></span> 
     </span>
     <span class='ocr_line' id='line_1_36' title="bbox 375 3866 2453 3965; baseline -0.001 -25"><span class='ocrx_word' id='word_1_325' title='bbox 375 3881 593 3940; x_wconf 83' lang='lat' dir='ltr'><strong>rituale</strong></span> <span class='ocrx_word' id='word_1_326' title='bbox 640 3890 1020 3961; x_wconf 85' lang='lat' dir='ltr'><strong>comparatur</strong></span> <span class='ocrx_word' id='word_1_327' title='bbox 1067 3901 1180 3959; x_wconf 89' lang='lat' dir='ltr'><strong>per</strong></span> <span class='ocrx_word' id='word_1_328' title='bbox 1240 3899 1420 3958; x_wconf 83' lang='lat' dir='ltr'><strong>vera,</strong></span> <span class='ocrx_word' id='word_1_329' title='bbox 1472 3881 1695 3942; x_wconf 85' lang='lat' dir='ltr'><strong>bonum</strong></span> <span class='ocrx_word' id='word_1_330' title='bbox 1744 3883 2057 3965; x_wconf 87' lang='lat' dir='ltr'><strong>spirituale</strong></span> <span class='ocrx_word' id='word_1_331' title='bbox 2102 3882 2321 3956; x_wconf 84' lang='lat' dir='ltr'><strong>absque</strong></span> <span class='ocrx_word' id='word_1_332' title='bbox 2350 3866 2453 3930; x_wconf 75' lang='lat' dir='ltr'><strong>illis</strong></span> 
     </span>
     <span class='ocr_line' id='line_1_37' title="bbox 380 3974 2446 4060; baseline -0.001 -25"><span class='ocrx_word' id='word_1_333' title='bbox 380 3995 490 4037; x_wconf 85' lang='lat' dir='ltr'><strong>seu</strong></span> <span class='ocrx_word' id='word_1_334' title='bbox 537 3984 652 4039; x_wconf 86' lang='lat' dir='ltr'><strong>nisi</strong></span> <span class='ocrx_word' id='word_1_335' title='bbox 698 4001 811 4057; x_wconf 88' lang='lat' dir='ltr'><strong>per</strong></span> <span class='ocrx_word' id='word_1_336' title='bbox 855 3983 962 4043; x_wconf 77' lang='lat' dir='ltr'><strong>illa</strong></span> <span class='ocrx_word' id='word_1_337' title='bbox 1005 4000 1124 4042; x_wconf 86' lang='lat' dir='ltr'><strong>non</strong></span> <span class='ocrx_word' id='word_1_338' title='bbox 1171 3983 1375 4058; x_wconf 74' lang='lat' dir='ltr'><strong>datur-3</strong></span> <span class='ocrx_word' id='word_1_339' title='bbox 1428 3983 1647 4042; x_wconf 89' lang='lat' dir='ltr'><strong>bonum</strong></span> <span class='ocrx_word' id='word_1_340' title='bbox 1698 3983 2013 4060; x_wconf 78' lang='lat' dir='ltr'><strong>spirituale</strong></span> <span class='ocrx_word' id='word_1_341' title='bbox 2064 3990 2159 4042; x_wconf 89' lang='lat' dir='ltr'><strong>est</strong></span> <span class='ocrx_word' id='word_1_342' title='bbox 2204 3974 2446 4042; x_wconf 75' lang='lat' dir='ltr'><strong>charitas·</strong></span> 
     </span>
     <span class='ocr_line' id='line_1_38' title="bbox 378 4063 2449 4160; baseline 0.001 -27"><span class='ocrx_word' id='word_1_343' title='bbox 378 4074 592 4130; x_wconf 82' lang='lat' dir='ltr'><strong>Nudus</strong></span> <span class='ocrx_word' id='word_1_344' title='bbox 629 4084 688 4132; x_wconf 89' lang='lat' dir='ltr'><strong>et</strong></span> <span class='ocrx_word' id='word_1_345' title='bbox 711 4079 964 4140; x_wconf 85' lang='lat' dir='ltr'><strong>Nuditas</strong></span> <span class='ocrx_word' id='word_1_346' title='bbox 993 4083 1327 4158; x_wconf 80' lang='lat' dir='ltr'><strong>significant</strong></span> <span class='ocrx_word' id='word_1_347' title='bbox 1363 4083 1735 4158; x_wconf 87' lang='lat' dir='ltr'><strong>deprivatum</strong></span> <span class='ocrx_word' id='word_1_348' title='bbox 1763 4101 1873 4143; x_wconf 86' lang='lat' dir='ltr'><strong>seu</strong></span> <span class='ocrx_word' id='word_1_349' title='bbox 1903 4084 2353 4160; x_wconf 84' lang='lat' dir='ltr'><strong>deprivationem</strong></span> <span class='ocrx_word' id='word_1_350' title='bbox 2384 4063 2449 4124; x_wconf 63' lang='lat' dir='ltr'><strong>ab</strong></span> 
     </span>
     <span class='ocr_line' id='line_1_39' title="bbox 378 4166 2443 4257; baseline -0.009 -13"><span class='ocrx_word' id='word_1_351' title='bbox 378 4166 769 4243; x_wconf 59' lang='lat' dir='ltr'><strong>inte”igentia</strong></span> <span class='ocrx_word' id='word_1_352' title='bbox 804 4182 862 4233; x_wconf 86' lang='lat' dir='ltr'><strong>et</strong></span> <span class='ocrx_word' id='word_1_353' title='bbox 899 4179 974 4236; x_wconf 86' lang='lat' dir='ltr'><strong>ab</strong></span> <span class='ocrx_word' id='word_1_354' title='bbox 1010 4197 1242 4257; x_wconf 81' lang='lat' dir='ltr'><strong>amore,</strong></span> <span class='ocrx_word' id='word_1_355' title='bbox 1279 4184 1366 4240; x_wconf 81' lang='lat' dir='ltr'><strong>ita</strong></span> <span class='ocrx_word' id='word_1_356' title='bbox 1390 4182 1470 4240; x_wconf 87' lang='lat' dir='ltr'><strong>ab</strong></span> <span class='ocrx_word' id='word_1_357' title='bbox 1492 4181 1803 4243; x_wconf 84' lang='lat' dir='ltr'><strong>intellectu</strong></span> <span class='ocrx_word' id='word_1_358' title='bbox 1838 4183 1976 4242; x_wconf 87' lang='lat' dir='ltr'><strong>boni</strong></span> <span class='ocrx_word' id='word_1_359' title='bbox 2016 4188 2075 4242; x_wconf 88' lang='lat' dir='ltr'><strong>et</strong></span> <span class='ocrx_word' id='word_1_360' title='bbox 2110 4201 2145 4242; x_wconf 86' lang='lat' dir='ltr'><strong>a</strong></span> <span class='ocrx_word' id='word_1_361' title='bbox 2173 4171 2443 4240; x_wconf 83' lang='lat' dir='ltr'><strong>voluntate</strong></span> 
     </span>
    </p>
   </div>
  </div>
 </body>
</html>
