2700 4792
341 365 588 422 CAPUT
630 363 998 432 QUARTUM.
1734 367 1946 426 VEB-S:
1990 380 2045 432 6.
2202 383 2312 438 465

153 532 502 611 quartum
535 523 808 588 Animal
840 523 1056 588 simile
1089 521 1344 608 aquilae
1386 521 1646 588 volanti.
1700 525 1797 590 Et
1830 537 2106 610 quatuor
2146 533 2315 596 Ani.

157 625 408 690 malfa
432 625 698 708 einyula
721 645 844 708 per·
877 646 946 688 ae
969 627 1274 689 habebant
1295 623 1445 688 alae
1479 645 1593 690 aea·
1620 628 1690 690 in
1716 629 2005 708 circuitu,
2044 639 2105 694 et
2136 634 2317 698 intus

146 729 386 813 plena
427 732 608 790 erant
649 725 882 804 omlis,
935 734 996 788 et
1033 728 1308 808 requiem
1351 747 1477 790 ‘non
1521 727 1825 791 habebant
1864 731 1971 792 die
2020 739 2081 793 et
2120 741 2315 816 noete,

157 827 508 904 dicentia,
581 827 858 891 Sumtus
870 873 887 904 ‚
969 827 1270 904 Sathua,
1349 827 1654 899 Sanctae,
1735 829 2063 894 Dominus
2122 835 2317 899 Deus

159 927 644 1008 Omnipotens,
713 929 848 1007 Qui
879 934 1018 990 erat
1055 934 1115 988 et
1156 928 1292 1005 Qui
1335 935 1433 990 eat
1464 935 1523 989 et
1568 929 1706 1006 Qui
1744 937 2060 995 venturus.
2140 937 2219 997 Et
2254 941 2317 998 in

155 1031 402 1092 medio
419 1029 640 1089 Throni
673 1036 738 1091 et
769 1033 993 1090 circum
1011 1029 1318 1090 Thronum
1348 1036 1605 1106 quatuor
1630 1031 1931 1093 Animalia
1954 1035 2137 1112 plena
2162 1055 2311 1098 ocu-

157 1135 248 1193 lis
295 1135 453 1190 ante
487 1137 548 1189 et
579 1137 760 1205 retro,
798 1129 1093 1207 significat
1122 1128 1471 1191 Custodiam
1506 1137 1567 1191 et
1600 1131 2045 1197 Providentiam
2072 1137 2315 1198 Domini

159 1251 254 1292 ne
295 1232 628 1290 interiores
663 1229 832 1291 Coeli
867 1231 1160 1292 adeantur
1195 1233 1307 1290 nisi
1357 1249 1394 1289 a
1427 1231 1583 1290 bono
1620 1237 1837 1294 amoris
1888 1243 1949 1295 et
1982 1237 2309 1314 charitatis,

16 1347 19 1378 ¹
159 1342 244 1392 ut
283 1329 584 1392 inferlm-a
618 1348 772 1407 quae
808 1331 944 1392 inde
981 1331 1244 1408 pendent
1275 1333 1336 1391 in
1372 1331 1577 1391 ordine
1612 1335 1757 1393 sint:
1814 1341 1874 1395 et
1906 1337 2146 1396 Animal
2182 1342 2309 1416 pri·

163 1449 366 1493 mum
399 1431 588 1490 simile
621 1430 798 1507 leoni,
836 1430 1128 1509 significat
1165 1434 1576 1509 apparentiam
1610 1435 1672 1492 in
1706 1434 1929 1494 ultimis
1966 1438 2164 1512 quoad
2195 1456 2313 1516 po-

167 1531 446 1594 tentiam
481 1539 542 1592 et
577 1531 852 1592 effectum
884 1533 1092 1596 Divini
1119 1531 1265 1592 Veri
1298 1533 1679 1609 procedentis
1716 1551 1756 1592 a.
1785 1535 2071 1596 Domino:
2112 1543 2171 1596 et
2204 1555 2309 1599 se-

173 1631 460 1696 cundum
488 1631 730 1693 Animal
763 1631 956 1693 simile
981 1632 1188 1709 vitu10,
1225 1632 1521 1710 significat
1555 1637 1969 1712 apparentiam
2000 1639 2062 1697 in
2084 1637 2313 1700 ultimis

175 1733 404 1794 Divini
435 1733 590 1792 Boni
623 1733 820 1810 quoad
856 1733 1135 1792 tutelam:
1191 1740 1254 1792 et
1291 1735 1535 1793 tertium
1559 1735 1796 1794 Animal
1830 1736 2059 1798 habens
2095 1739 2313 1801 faciem

176 1839 356 1894 sicut
389 1833 594 1907 homo,
649 1833 945 1910 significat
979 1836 1038 1894 in
1074 1835 1297 1894 ultimis
1333 1839 1749 1913 apparentiam
1787 1837 2047 1900 Divinae
2084 1838 2307 1901 Custo-

181 1936 336 1994 diae
381 1941 440 1994 et
473 1933 896 1994 Providentiae
947 1935 1145 2010 quoad
1191 1938 1583 2014 sapientiam:
1640 1945 1701 1998 et
1744 1945 2024 2021 quartum
2072 1941 2312 2001 Animal

185 2034 388 2095 simile
425 2035 666 2112 aquilae
699 2035 954 2109 volanti,
1009 2036 1309 2112 significat
1351 2039 1415 2095 in
1470 2037 1691 2097 ultimis
1742 2043 2159 2117 apparentiam
2194 2042 2308 2101 Di-

185 2139 370 2195 vinae
395 2134 723 2196 Custodiae
759 2141 818 2196 et
843 2135 1266 2196 Providentiae
1301 2136 1502 2213 quoad
1534 2137 1989 2215 intelligentiam
2024 2148 2085 2201 et
2112 2141 2313 2219 quoad

189 2238 788 2314 circumspectionem
842 2236 1276 2314 undequaque:
1331 2244 1392 2296 et
1435 2244 1691 2311 quatuor
1725 2239 2026 2300 Animalia
2072 2241 2313 2320 singula

192 2351 310 2408 per
342 2351 408 2394 se
439 2337 743 2398 habebant
785 2337 913 2396 alas
949 2354 1056 2398 sex
1107 2339 1169 2395 in
1203 2338 1486 2408 circuitu,
1550 2338 1845 2413 significat
1892 2345 2311 2418 apparentiam

204 2433 410 2492 Divini
441 2434 772 2512 Spiritualis
833 2438 1233 2514 undequaque
1281 2440 1503 2498 circum
1548 2437 1835 2500 Divinum
1882 2438 2191 2502 Coeleste:
2246 2449 2310 2502 et

194 2535 368 2592 intus
399 2533 574 2610 plena
617 2544 786 2599 erant
829 2539 1050 2615 (mulie,
1107 2537 1403 2616 significat
1448 2539 1728 2598 Divinam
1764 2538 2209 2600 Providentiam
2244 2549 2307 2601 ct

189 2633 576 2698 Custodiam:
631 2647 692 2698 et
724 2643 994 2717 requiem
1045 2658 1162 2699 non
1191 2627 1511 2699 habebant
1560 2638 1655 2698 die
1692 2645 1753 2699 et
1786 2644 1988 2715 nocte,
2044 2639 2304 2700 dicentia

187 2734 490 2807 Sanctae,
519 2737 796 2812 Sanctae,
835 2737 1112 2812 Sanctus,
1148 2739 1445 2816 significat
1480 2742 1920 2800 sanc-tissimum
1956 2741 2118 2816 quod
2150 2757 2299 2818 pro-

185 2836 348 2896 cedit
382 2855 422 2898 a
444 2837 736 2898 Domino:
773 2841 1067 2900 Dominus
1106 2841 1276 2900 Deus
1314 2839 1739 2918 OmnipotenS,
1778 2841 1895 2918 Qui
1930 2846 2060 2901 erat
2096 2847 2157 2902 et
2184 2840 2304 2918 Qui

187 2943 285 2996 est
319 2944 380 2996 et
417 2937 536 3015 Qui
571 2947 892 3012 venturus,
941 2941 1241 3018 significat
1277 2941 1396 3018 Qui
1428 2942 1699 3002 Infinitus
1736 2949 1797 3002 ct
1828 2941 2147 3004 AeternuS.

344 3041 430 3098 27
449 3044 507 3099 7.
583 3037 662 3100 Et
708 3043 770 3101 in
813 3041 1014 3102 medio
1052 3041 1278 3103 Throni
1328 3050 1389 3102 et
1438 3046 1665 3103 circum
1704 3043 2012 3104 Thronum
2048 3051 2303 3124 quatuor

181 3139 486 3198 Animalia
518 3141 702 3218 plena
737 3141 924 3202 oculis
960 3149 1097 3202 ante
1134 3153 1195 3200 et
1228 3149 1409 3218 retro,
1449 3141 1609 3221 q'uod
1635 3143 1929 3222 significet
1953 3143 2302 3208 >Custodiam
2341 3153 2501 3220 [307]

181 3244 250 3298 et
277 3239 726 3302 Providentiam
759 3243 1001 3328 Domini
1059 3260 1135 3303 nc
1196 3245 1513 3305 interiores
1562 3243 1732 3305 Coeli
1778 3245 2070 3306 adeantur
2116 3251 2233 3310 nisi
2266 3265 2306 3309 a

179 3337 342 3399 bono
395 3343 616 3402 amoris
667 3349 730 3403 et
763 3343 1104 3419 charitatis,
1155 3350 1226 3402 ut
1275 3345 1593 3416 inferiora,
1652 3363 1809 3424 quae
1842 3347 1981 3407 inde
2020 3350 2300 3426 pendent,

178 3439 490 3500 inordina
525 3443 674 3515 sint,
713 3449 947 3504 constat
983 3462 1060 3504 ex
1095 3445 1527 3522 significatione
1564 3463 1597 3505 e
1633 3446 1827 3506 medio
1858 3445 2102 3518 Throni,
2142 3447 2303 3524 quod

179 3541 262 3600 sit
295 3558 334 3599 a
367 3539 656 3614 Domino,
709 3543 926 3605 sedens
963 3547 1119 3606 enim
1171 3561 1358 3622 super
1390 3546 1602 3604 thro-no
1654 3552 1783 3604 erat
1816 3544 2139 3620 Dominus,
2202 3540 2310 3605 vi?

183 3639 402 3700 deatur
435 3657 624 3720 supra
671 3661 739 3704 n:
785 3647 960 3719 2683
1017 3653 1078 3706 ct
1113 3662 1189 3705 ex
1225 3627 1659 3722 significatione
1710 3647 1934 3704 circum
1972 3643 2300 3718 Thronum‚

179 3742 344 3817 quod
379 3745 498 3802 sint
525 3741 696 3804 Coeli
721 3747 1034 3807 interiores
1071 3763 1180 3806 seu
1208 3747 1571 3822 superioreS‚
1609 3745 1698 3806 illi
1724 3746 1881 3805 enim
1907 3751 2048 3802 sunt
2071 3745 2301 3807 circum

177 3840 500 3902 Dominum
524 3848 799 3920 proxime
808 3866 825 3922 3
865 3864 941 3906 ex
967 3847 1399 3924 significatione
1437 3851 1693 3920 quatuor
1715 3843 2099 3913 Animalium,
2138 3861 2297 3920 quae

179 3949 351 4002 erant
388 3942 678 4022 Cherubi,
735 3947 896 4024 quod
945 3950 1065 4008 sint
1108 3947 1330 4007 Divina
1365 3943 1655 4006 Custodia
1708 3950 1769 4006 et
1800 3943 2185 4005 Providentia
2218 3961 2297 4006 ne

181 4041 333 4102 coeli
365 4046 681 4107 interiores
717 4063 828 4107 seu
863 4051 1206 4126 superiores
1243 4048 1535 4108 adeantur
1568 4049 1685 4128 nisi
1718 4065 1755 4105 a
1788 4045 1945 4106 bono
1982 4047 2199 4106 amoris
2234 4051 2299 4108 et

177 4142 502 4221 charitatis,
543 4146 616 4207 de
648 4162 767 4225 qua
799 4151 1102 4226 sequitur3
1143 4156 1204 4210 et
1238 4167 1314 4210 ex
1349 4147 1777 4226 significatione
1814 4147 2121 4209 oculorum
2160 4150 2295 4226 qui-

172 4241 287 4302 bus
327 4253 500 4306 erant
547 4249 732 4325 plena
781 4255 918 4309 ante
956 4256 1016 4309 et
1049 4257 1236 4325 reti-0,
1294 4251 1453 4328 quod
1504 4253 1623 4311 sint
1656 4249 1877 4312 Divina
1909 4250 2297 4311 Providentia

278 4360 705 4418 swedenhorg,
736 4366 928 4420 Apocal.
961 4368 1074 4421 expl.
1106 4367 1144 4406 1.
1189 4413 1193 4417 ,
1500 4401 1504 4406 .
1876 4351 1964 4408 30
