2700 4792
433 381 506 435 ⁹4
778 369 1267 426 APOCALYPSIS
1323 367 1756 429 ExPucA'rA.
1837 369 1884 437 §.
1930 377 2044 432 78.
2098 380 2209 433 7⁹.

273 540 396 602 [67]
437 527 598 590 xx=
655 531 683 586 l
705 529 778 586 6:
833 527 990 603 quod
1035 543 1150 604 per
1195 534 1457 588 montem
1508 525 1676 588 Sinai
1726 527 2131 604 significetur
2194 528 2463 590 Goelum
2508 529 2593 589 ubi

440 627 762 701 Dominus,
823 634 886 686 et
955 626 1114 703 quod
1174 645 1286 703 per
1343 633 1595 704 tangere
1664 627 2053 704 significetur
2122 633 2592 700 communicare,

440 727 766 786 transferre
795 733 856 786 et
877 729 1186 804 recipere,
1243 734 1305 786 et
1331 727 1495 804 quod
1526 727 1667 788 inde
1700 729 1783 786 sit
1824 727 1991 804 quod
2024 731 2321 789 vetitum
2358 732 2443 788 sit
2474 737 2590 788 tan·-

441 843 588 906 gere
635 828 695 886 in
745 829 1121 888 extremitate
1173 827 1334 886 illius
1383 829 1599 886 montis
1620 870 1637 902 ‚
1702 826 1982 888 videatur
2040 831 2117 888 in
2170 829 2590 906 Explicatione

441 945 630 1004 super
673 927 780 987 illa
827 927 1040 1004 Capita
1087 930 1152 986 in
1198 927 1475 986 Anamis
1524 925 1959 988 Cosnnsrmus.
2058 927 2269 1014 Quod
2318 930 2365 990 J
2368 927 2589 989 ehovah

443 1031 612 1088 visus
665 1031 746 1088 sit
793 1028 1096 1106 pluribus,
1153 1027 1228 1088 de
1281 1027 1497 1103 quibus
1548 1029 1609 1086 in
1658 1027 1863 1088 Verbo
1878 1071 1895 1099 ,
1948 1036 2101 1087 erat
2142 1033 2307 1106 quia
2348 1032 2586 1088 circum·

445 1130 625 1188 cincti
663 1135 802 1187 tunc
837 1128 1078 1187 fuerunt
1115 1127 1393 1188 columna
1424 1129 1775 1204 spirituum,
1834 1134 1896 1187 et
1942 1130 2038 1188 sie
2084 1131 2493 1202 conservati,
2534 1131 2587 1184 ut

444 1244 634 1304 supra
669 1227 892 1288 dictum
941 1234 1065 1300 est;
1123 1229 1208 1286 ita
1243 1243 1485 1302 quoque
1518 1227 1811 1286 Dominus
1850 1227 1993 1286 mihi
2036 1229 2403 1306 aliquoties
2439 1231 2582 1286 visus

445 1335 560 1388 est.
641 1327 816 1387 Alius
853 1333 1054 1386 autem
1091 1333 1184 1385 est
1219 1333 1414 1384 status
1456 1329 1773 1403 spirituum
1818 1327 1895 1386 ad
1929 1330 2389 1404 praesentiam
2425 1327 2580 1387 Divi·

443 1445 584 1487 nam
620 1445 800 1504 quam
835 1432 1030 1485 status
1063 1427 1395 1500 hominum3
1448 1429 1697 1503 spiritus
1734 1443 1853 1488 non
1897 1431 2059 1488 ‚mori
2098 1434 2409 1506 possunt,
2447 1441 2576 1502 qua·

447 1533 701 1606 propter
733 1527 824 1586 illi
857 1529 912 1585 si
947 1526 1090 1584 mali
1129 1531 1298 1600 sunt,
1356 1526 1435 1584 ad
1466 1530 1871 1604 praesentiam
1904 1527 2219 1588 Divinam
2258 1530 2578 1588 moriuntur

443 1633 634 1686 morte
671 1625 997 1703 spirituali,
1039 1641 1195 1702 quae
1231 1626 1427 1702 qualis
1466 1633 1559 1686 est
1594 1644 1733 1685 mox
1768 1627 2033 1704 dicetur-3
2092 1629 2199 1688 illi
2244 1635 2459 1688 autem
2492 1623 2573 1700 qui

441 1727 588 1786 boni
637 1733 806 1800 sunt,
859 1725 1131 1784 feruntur
1175 1729 1235 1786 in
1295 1728 1617 1786 societates
1682 1726 1785 1785 ubi
1846 1727 2120 1804 sphaera
2189 1726 2569 1806 praesentiae

443 1826 704 1885 Divinae
741 1831 835 1884 est
867 1831 1202 1901 temperata
1239 1832 1300 1885 et
1334 1826 1787 1886 accommodata
1817 1827 1899 1886 ad
1932 1831 2413 1904 receptionem:
2447 1821 2565 1884 inde

447 1932 572 1995 est,
621 1925 780 2002 quod
813 1930 935 1984 tres
975 1925 1144 1985 Coeli
1177 1928 1298 1984 sint
1314 1969 1330 2000 ,
1390 1933 1450 1985 et
1483 1929 1545 1985 in
1580 1927 1847 2010 quolibet
1886 1927 2073 1988 Coelo
2114 1929 2353 2006 plures
2386 1924 2564 1986 socie-

443 2033 636 2095 tateS,
689 2032 751 2085 et
787 2026 946 2101 quod
988 2029 1091 2102 qui
1141 2029 1202 2084 in
1242 2027 1655 2102 superioribus
1693 2029 1879 2095 coelis
1920 2031 2263 2105 propiores
2320 2024 2554 2086 Domino

449 2129 595 2197 sint,
649 2133 708 2184 ct
755 2127 859 2200 qui
905 2128 967 2184 in
1001 2126 1381 2186 inferioribus
1434 2130 1786 2188 remotiores
1836 2128 1911 2187 ab
1961 2129 2153 2206 Ipso3
2216 2130 2299 2188 de
2362 2123 2557 2203 quibus

444 2226 722 2284 videatur
773 2227 834 2282 in
883 2223 1082 2302 Opere
1121 2226 1194 2286 de
1233 2225 1448 2286 Conso
1484 2245 1563 2286 Μ·
1598 2227 1875 2287 Ins-nano
1928 2246 1998 2287 n:
2068 2233 2175 2288 20
2208 2229 2293 2288 ad
2328 2227 2435 2286 28.
2476 2221 2549 2278 29

443 2326 522 2385 ad
554 2328 666 2384 40.
705 2328 790 2383 41
831 2325 907 2384 ad
941 2328 1049 2384 50.
1093 2328 1232 2386 206
1265 2326 1342 2384 ad
1374 2328 1537 2385 209.
1606 2327 1768 2403 Quid
1802 2345 1963 2388 mors
1998 2329 2390 2404 spiritualis,
2450 2334 2552 2396 (1¹18

445 2427 774 2484 moriuntur
807 2428 1054 2502 spiritus
1091 2426 1234 2485 mali
1269 2428 1346 2486 ad
1382 2429 1788 2503 praesentiam
1824 2428 2107 2488 Divinam
2126 2474 2147 2505 ,
2218 2426 2427 2506 paucis
2460 2419 2544 2476 di·

442 2533 612 2586 cetur
625 2545 640 2601 3
693 2542 856 2585 mors
918 2526 1248 2603 spiritualis
1303 2531 1398 2586 est
1452 2529 1691 2586 aversio
1754 2536 1816 2588 et
1875 2531 2131 2589 remotio
2194 2548 2236 2588 a
2291 2523 2547 2586 Domino,

443 2645 580 2686 cum
615 2633 818 2685 autem
861 2629 1108 2703 spiritus
1145 2628 1317 2702 mali,
1372 2629 1474 2704 qui
1506 2628 1769 2686 nondum
1803 2632 2027 2688 vastati
2060 2638 2244 2704 sunt,
2302 2627 2417 2685 hoc
2448 2623 2538 2686 est,
2642 2601 2644 2668 ἕ

443 2727 822 2786 determinati
881 2727 963 2784 *ad
1013 2743 1191 2786 suum
1250 2744 1515 2788 amorem
1567 2735 1945 2804 regnantem,
2010 2732 2246 2788 intrant
2302 2727 2543 2799 aliquam
2642 2713 2644 2778 ἶ

443 2827 797 2886 societatem
849 2826 1209 2904 angelicam,
1283 2835 1425 2887 tunc
1481 2829 1625 2904 quia
1670 2828 1955 2887 Divinum
2014 2830 2267 2890 Domini
2319 2827 2405 2886 ibi
2444 2820 2535 2886 est,
2642 2853 2644 2894 2

442 2926 784 2984 cruciantur
817 2925 972 3000 dire,
1013 2932 1073 2986 et
1107 2944 1174 2986 se
1211 2945 1332 2988 non
1364 2928 1539 2987 modo
1568 2935 1878 3003 avertunt,
1918 2929 2027 2988 sed
2062 2931 2255 2989 etiam
2292 2944 2361 2988 se
2402 2917 2538 2994 deji·

442 3027 608 3083 ciunt
657 3024 720 3082 in
767 3027 1100 3100 profunda,
1170 3045 1288 3104 quo
1339 3027 1505 3086 nulla
1550 3027 1655 3088 lux
1712 3028 1867 3088 coeli
1924 3010 2133 3104 intrat,
2198 3027 2443 3106 quidam
2486 3017 2535 3072 in

443 3123 768 3200 speluncas
803 3133 1113 3201 petrarum
1149 3127 1501 3186 tenebrosas
1519 3172 1534 3201 ,
1591 3128 1775 3187 verbo
1812 3131 1875 3187 in
1908 3129 2140 3188 inferna
2150 3149 2167 3204 3
2224 3131 2303 3188 de
2335 3138 2453 3201 qua
2482 3128 2535 3172 ΓΘ
2642 3135 2644 3174 ³

441 3223 756 3284 videantur
793 3243 948 3300 quac
983 3227 1046 3282 in
1083 3224 1284 3301 Opere
1321 3226 1397 3286 de
1434 3225 1635 3287 Corano
1672 3245 1749 3286 m·
1784 3228 2059 3287 INFEnNo
2106 3248 2175 3290 n:
2234 3229 2349 3288 54.
2385 3216 2528 3280 401·
2642 3265 2644 3302 3

443 3326 606 3383 410.
674 3325 902 3402 [510.]
970 3325 1129 3382 525.
1201 3327 1372 3401 521,
1452 3335 1698 3387 ostensa
1758 3335 1931 3387 sunt:
1993 3329 2146 3388 haec
2193 3326 2434 3388 aversio
2482 3315 2531 3372 et
2642 3309 2644 3342 ³

439 3428 690 3484 remotio
727 3443 765 3484 a
814 3424 1070 3482 Domino
1115 3431 1209 3482 est
1245 3441 1399 3501 quae
1443 3433 1698 3486 vocatur
1737 3443 1899 3487 mors
1936 3429 2300 3504 spiritualis3
2363 3414 2524 3496 spiri-
2642 3449 2644 3452 ⁴

435 3525 602 3585 tuale
626 3524 786 3602 »coeli
811 3525 992 3582 etiam
1018 3529 1314 3584 mortuum
1349 3527 1514 3603 apud
1546 3526 1682 3585 illos
1720 3534 1833 3586 est.

597 3631 630 3684 7
649 3629 708 3684 9.
763 3623 842 3679 Et
873 3623 1160 3699 imposuit
1187 3624 1459 3685 dextram
1480 3643 1735 3686 manum
1774 3644 1959 3705 super
1994 3645 2119 3704 me,
2161 3625 2321 3706 quod
2354 3613 2521 3694 fligfli‘

435 3725 576 3785 ficet
611 3707 796 3782 vitam
833 3720 908 3778 ab
944 3722 1118 3799 Ipso,
1165 3734 1401 3786 constat
1444 3744 1518 3786 ex
1554 3727 1987 3803 significatione
2024 3729 2270 3788 dextrae
2308 3725 2518 3784 manssflr

438 3842 575 3883 cum
603 3823 678 3880 de
716 3820 991 3896 Domino,
1028 3825 1188 3900 quod
1223 3828 1302 3884 sit
1337 3829 1463 3885 vita
1498 3825 1575 3885 ab
1602 3827 1781 3904 Ipso,
1820 3828 1895 3888 de
1934 3846 2055 3905 qua
2090 3845 2276 3906 supra
2304 3842 2367 3882 n:
2412 3803 2515 3879 '723

437 3921 598 3998 quod
633 3919 927 3998 significet
969 3926 1155 3983 vitam
1205 3924 1282 3984 ab
1317 3927 1492 4003 Ipso,
1554 3933 1650 3986 est
1698 3929 1840 4003 quia
1886 3929 2227 3988 immediate
2272 3917 2519 3997 sequitur

434 4027 578 4098 post
611 4020 699 4093 id,
733 4021 901 4100 quod
933 4023 1226 4084 ceciderit
1261 4023 1355 4086 ad
1376 4025 1577 4106 pedes
1601 4025 1831 4106 Ipsius
1866 4033 2173 4108 tamquam
2208 4021 2511 4088 mortua&

438 4127 500 4180 et
538 4129 855 4198 praeterea
897 4143 1009 4203 per
1053 4131 1302 4202 tangere
1349 4145 1531 4184 manu
1579 4126 1947 4204 significatur
2004 4127 2429 4188 communicare
2460 4110 2513 4165 θῒ

433 4223 754 4288 transferre
793 4226 854 4282 in
891 4226 1147 4284 alterum
1195 4225 1354 4302 quod
1404 4227 1566 4302 apud
1614 4243 1711 4302 se,
1768 4235 1830 4287 et
1866 4245 2103 4305 quoque
2154 4228 2411 4303 recipere
2442 4203 2504 4266 ab
