2700 4792
443 353 554 408 330
757 341 1246 398 APOCALYPSIS
1307 339 1742 398 EXPLICATA.
1820 340 1867 408 δ,
1907 347 2040 400 219.
2094 346 2229 400 220.

443 507 610 576 sunt,
663 517 820 584 quae
875 502 1016 578 quia
1063 505 1405 560 sustentant
1437 503 1734 559 vocantur
1782 497 2130 572 columnae3
2186 511 2419 574 appone
2455 515 2549 560 cer

444 603 522 664 ad
557 603 859 676 semitam,
913 602 1074 659 viam
1109 617 1238 676 eas,
1276 600 1573 677 significat
1604 597 1979 658 affectionem
2016 597 2149 656 veri
2186 596 2450 658 ducentis
2484 599 2555 657 atl

442 705 644 762 vitam.
695 701 877 777 Apud
903 701 1200 762 Davidem
1235 744 1274 776 „
1293 698 1445 778 Ego
1470 696 1962 760 rectitudinibus
1982 695 2301 778 Judioabo
2340 693 2556 778 liques-

444 805 645 864 centes
683 805 910 876 terrae,
949 805 1010 860 et
1055 819 1267 860 omne-e
1301 797 1687 860 habitatores
1720 797 1858 880 eius
1871 841 1889 872 ‚
1928 797 2215 877 fimabo
2252 794 2556 857 columnae

445 901 640 984 eiust
693 900 928 959 Psalm:
983 899 1238 962 LXXV:
1285 901 1344 958 3.
1386 902 1425 958 4
1445 919 1493 974 3-
1531 899 1935 975 liquescentes
1984 904 2193 956 terrae
2244 897 2555 973 significant

445 1002 582 1061 illos
619 1001 694 1059 ab
730 1000 1008 1060 Ecclesia
1041 1001 1144 1076 qui
1177 1016 1296 1060 non
1330 1001 1391 1058 in
1424 1000 1585 1058 veris
1622 1004 1793 1072 sunt,
1845 997 1955 1056 sed
1990 1012 2197 1073 usque
2234 995 2553 1059 desidetant

447 1101 582 1176 illa3
643 1099 877 1159 firmare
927 1099 1232 1159 columnas
1287 1101 1419 1177 ejus
1474 1097 1770 1176 significat
1814 1097 2129 1178 suffulcire
2181 1098 2343 1154 veris
2391 1113 2553 1172 super

451 1201 668 1279 quibus
707 1199 982 1260 Ecclesia
1027 1199 1326 1258 fundatur.
1412 1198 1596 1275 Apud
1645 1198 1907 1258 Hiobum
1958 1239 2000 1272 „
2030 1195 2175 1272 Qui
2226 1195 2554 1274 tremefacit

451 1307 688 1362 emam
731 1317 764 1357 e
807 1296 938 1358 loco
978 1317 1094 1358 auo
1109 1343 1125 1371 ,
1181 1298 1282 1358 ita
1327 1304 1403 1360 ut
1456 1295 1782 1358 columnae
1834 1296 1971 1380 eiua
2024 1294 2501 1356 contremiscant
2518 1297 2551 1328 “

449 1402 564 1462 IX:
609 1404 644 1460 6
661 1420 678 1477 3
718 1417 834 1475 per
867 1405 1089 1458 terram
1123 1398 1206 1456 ibi
1242 1399 1611 1474 significatur
1646 1397 1959 1470 Ecclesia,
2016 1403 2081 1454 et
2117 1413 2233 1474 per
2272 1395 2553 1454 columnas

451 1500 856 1578 significantur
884 1515 1030 1558 vera
1064 1500 1463 1558 sustentantia
1492 1497 1674 1556 illam.
1714 1495 1893 1572 Quod
1914 1515 2033 1574 per
2062 1496 2388 1556 Columnas
2413 1495 2551 1554 Attii

455 1601 753 1669 Tentorii,
807 1599 882 1658 de
928 1597 1144 1674 quibus
1191 1600 1254 1657 in
1300 1598 1501 1656 Exod:
1576 1596 1735 1674 Gap:
1786 1597 2073 1658 XXVII:
2140 1598 2253 1655 10.
2302 1597 2407 1653 11.
2456 1596 2545 1650 12.

461 1704 568 1758 14.
616 1703 646 1758 1
667 1701 724 1758 5.
770 1701 799 1756 1
821 1700 880 1757 6.
919 1701 947 1755 1
970 1703 1027 1771 7,
1085 1699 1263 1757 etiam
1299 1697 1707 1774 significentur
1740 1713 1887 1756 vera
1921 1697 2141 1756 ultima
2176 1693 2550 1755 sustentantis

451 1801 788 1875 superiora,
845 1797 1124 1857 videatur
1175 1800 1237 1856 in
1271 1797 1549 1858 AacAms
1588 1797 2006 1857 Connus-rmus
2072 1799 2137 1856 in
2176 1795 2547 1871 explicatione

451 1899 616 1959 illius
659 1897 886 1972 Capitis
937 1903 998 1956 et
1033 1897 1270 1956 illorum
1303 1897 1631 1957 Versuum.
1688 1896 1919 1956 Similia
1953 1896 2127 1956 Vera
2167 1893 2547 1972 significantur
2621 1957 2622 1962 η

452 2017 563 2076 per
593 1993 938 2057 Columnae
953 1995 1215 2058 Domus
1241 1993 1463 2076 sylvae
1485 1995 1727 2058 Libani
1752 2015 1795 2056 a
1813 1992 2157 2056 Salomone
2180 1993 2545 2074 aedificatae,

453 2099 528 2158 de
563 2097 780 2174 quibus
815 2097 846 2156 I
870 2097 1034 2172 Reg:
1072 2096 1228 2155 VII:
1272 2101 1332 2154 2.
1379 2100 1437 2156 6.
1496 2097 1723 2156 Similia
1762 2098 1940 2155 etiam
1972 2114 2091 2172 per
2125 2096 2301 2154 binas
2330 2092 2544 2152 Colum-

251 2201 412 2264 [224]
455 2214 596 2269 nas,
650 2213 798 2274 quas
847 2195 1087 2256 Salomo
1151 2199 1342 2254 erexit
1392 2200 1455 2256 in
1502 2197 1747 2255 Porticu
1800 2196 2069 2272 Templi,
2128 2195 2206 2255 de
2254 2192 2455 2269 quibus
2492 2191 2543 2246 in

453 2298 632 2359 Libro
668 2298 865 2355 Primo
900 2296 1134 2372 Regum
1191 2295 1576 2370 „Formavit
1614 2295 1781 2356 duae
1816 2293 2149 2358 columnae
2176 2293 2362 2367 aeris,
2400 2295 2543 2350 octo-

449 2397 651 2459 decim
695 2395 890 2456 cubiti
925 2393 1205 2456 altitudo
1235 2393 1557 2456 columnae
1582 2395 1895 2477 cujusvis,
1930 2401 1991 2456 et
2016 2395 2222 2476 filum
2244 2387 2541 2454 duodecim

449 2497 802 2560 cubitorum
839 2495 1274 2557 circumdabat
1312 2493 1671 2557 columnam
1728 2492 2001 2556 alteram
2012 2515 2041 2568 ,-
2090 2496 2263 2556 duas
2308 2503 2539 2552 coronas

448 2598 602 2674 fecit
641 2595 730 2658 ad
749 2595 1108 2676 ponendum
1141 2615 1332 2676 super
1358 2596 1577 2678 capita
1614 2593 2082 2672 columnarum,
2116 2591 2331 2676 fusile
2354 2587 2538 2654 aerim·

449 2703 684 2778 septem
725 2715 985 2758 coronae
1023 2695 1140 2756 uni
1189 2701 1249 2754 et
1307 2702 1542 2775 septem
1592 2714 1854 2756 coronae
1896 2693 2092 2756 alter-i
2106 2717 2137 2768 ,⁰
2187 2691 2387 2756 eremit
2436 2683 2536 2747 Co-

453 2795 708 2860 lumnae
753 2797 824 2856 iu
860 2794 1128 2856 Porticu
1171 2793 1424 2874 Templi
1439 2840 1457 2866 ‚
1510 2801 1571 2855 et
1612 2796 1817 2856 eremi-t
1844 2793 2223 2856 Columnam
2252 2793 2535 2854 dextram,

453 2903 512 2956 et
538 2896 784 2957 vocavit
807 2915 1028 2956 nomen
1050 2893 1469 2978 ejuaJachin,
1510 2901 1571 2954 et
1594 2895 1798 2956 eremit
1821 2892 2183 2957 columnam
2209 2890 2532 2954 sinistram,

454 3001 515 3055 et
539 2993 786 3056 vocavit
809 3013 1032 3055 nomen
1057 2995 1193 3077 ejus
1217 2980 1461 3056 Boas‘f
1503 2995 1643 3054 VH:
1682 2998 1712 3053 1
1734 2995 1767 3054 5
1803 2996 1880 3054 ad
1912 2976 2035 3072 223
2076 2997 2220 3074 quia
2248 2987 2531 3064 Templum

455 3094 828 3172 significabat
861 3095 1113 3166 coelum,
1153 3096 1311 3171 quod
1345 3115 1485 3156 mox
1524 3095 1895 3166 ostendetur,
1928 3096 2064 3156 ideo
2102 3095 2300 3155 omnia
2327 3081 2533 3159 Templi

455 3193 868 3270 significabant
913 3195 1058 3253 talia
1109 3213 1262 3272 quae
1299 3196 1453 3256 coeli
1504 3202 1643 3254 sunt
1655 3239 1672 3268 ‚
1726 3197 1812 3254 ita
1846 3213 2001 3272 quae
2036 3196 2245 3254 Divini
2271 3190 2409 3251 Veri
2442 3182 2524 3252 ibi,

455 3313 620 3370 nam,
675 3301 742 3352 ut
783 3311 969 3371 supra
1017 3295 1241 3355 dictum
1293 3302 1417 3366 est,
1478 3295 1728 3355 Coelum
1776 3302 1869 3354 est
1924 3294 2171 3355 Ocelum
2222 3310 2291 3353 ex
2338 3285 2525 3347 Divino

456 3395 620 3454 Vero
659 3393 820 3471 quod
852 3395 1121 3470 procedit
1174 3412 1212 3452 a
1245 3396 1500 3454 Domino
1511 3416 1527 3471 3
1582 3397 1849 3472 porticus
1882 3395 1966 3454 ibi
2008 3397 2215 3472 itaque
2258 3384 2522 3467 significa-

453 3496 560 3556 bat
608 3493 714 3554 illa
767 3511 924 3570 quae
973 3493 1166 3552 ultimi
1216 3494 1371 3554 coeli
1414 3502 1585 3565 sunt,
1638 3495 1799 3578 quod
1834 3497 1975 3570 quia
2028 3496 2321 3554 sustentat
2354 3479 2522 3546 coelos

456 3595 606 3655 duos
643 3597 1020 3671 superioreS,
1071 3593 1204 3652 ideo
1241 3595 1324 3656 ibi
1373 3597 1607 3670 positae
1644 3600 1783 3654 sunt
1831 3594 2007 3654 binae
2042 3593 2183 3655 illae
2220 3590 2521 3653 Columnae.

614 3698 774 3753 220.
839 3693 998 3769 Quid
1051 3699 1252 3752 autem
1291 3694 1611 3770 Templum
1655 3696 1717 3754 in
1754 3694 1959 3754 Verbo
2008 3694 2328 3770 significat,
2370 3682 2521 3744 etiam

458 3796 690 3856 dicetur
701 3815 718 3872 3
775 3794 1094 3870 Templum
1149 3793 1444 3871 significat
1477 3779 1538 3852 in
1574 3810 1855 3871 supremo
1893 3810 2077 3854 sensu
2111 3794 2377 3852 Divinum
2406 3777 2514 3838 HU-

455 3913 696 3957 manum
738 3895 1014 3968 Domini,
1071 3899 1132 3954 et
1181 3895 1244 3951 in
1291 3896 1626 3970 respective
1676 3893 1957 3968 Ocelum,
2016 3899 2077 3952 et
2112 3896 2250 3968 quia
2286 3880 2511 3947 eoelum,

459 3998 640 4054 etiam
682 3993 978 4070 signifieat
1010 3993 1381 4064 Ecclesiam,
1420 4011 1557 4052 nam
1592 3992 1869 4054 Ecclesia
1912 4000 2006 4054 est
2042 3991 2281 4052 Coelum
2314 3970 2512 4044 Domini

458 4094 520 4148 in
572 4094 774 4164 terriS,
825 4098 887 4150 et
929 4096 1068 4169 quia
1105 4093 1424 4168 Templum
1474 4094 1769 4170 significat
1822 4093 2071 4156 Coelum
2118 4099 2177 4152 et
2209 4080 2511 4151 Ecclesiam,

461 4187 640 4244 etiam
675 4187 966 4258 signifieat
998 4191 1280 4248 Divinum
1318 4192 1544 4251 Verum
1594 4174 1927 4268 procedens
1965 4210 2003 4251 a
2038 4193 2313 4256 Domino,
2360 4181 2506 4239 causa
