2700 4792
393 333 466 384 26
831 319 1330 376 APOCALYPSIS
1372 317 1802 408 EXPLIQTA.
1886 317 1931 385 §.
1976 325 2071 378 26.

549 483 663 541 26.
719 480 796 538 Et
831 497 870 538 a
903 477 946 539 J
949 495 1058 540 osu
1097 479 1371 549 Christo,
1428 477 1593 556 quod
1626 477 1924 556 significet
1958 496 1996 536 a
2019 477 2278 540 Domino
2308 483 2511 558 quoad

396 582 680 643 Divinum
711 580 1073 654 Humanum,
1113 585 1353 640 constat
1386 596 1461 639 cx
1488 595 1593 652 eo,
1632 578 1794 655 quod
1827 577 1889 637 id
1916 596 2132 639 nomen
2166 581 2410 641 Domini
2444 585 2510 642 in

395 683 618 742 mundo
677 683 890 753 fuerit,
957 683 1042 738 ita
1093 697 1307 740 nomon
1361 679 1623 738 Humani
1668 679 1899 755 Ipsina,
1965 683 2165 756 quoad
2214 680 2507 741 Divinum

395 789 600 842 autem
637 783 751 841 fuit
785 796 997 841 nomon
1032 780 1238 856 Ipsius
1275 780 1317 842 J
1321 779 1556 839 ehovah
1594 786 1655 838 ct
1680 779 1872 838 Deus.
1953 779 2237 840 Divinum
2264 782 2511 841 Huma-

395 901 538 942 num
573 883 816 958 dicitur,
877 883 1020 958 quia
1073 881 1367 940 Dominus
1411 880 1759 940 Humanum
1794 895 1970 941 suum
2006 881 2148 940 fecit
2197 883 2507 957 Divinum,

397 1001 530 1044 cum
568 984 680 1042 suit
727 984 787 1040 in
825 981 1080 1051 mundo,
1143 984 1336 1040 univit
1382 983 1540 1040 onim
1584 981 1647 1040 id
1694 997 1805 1040 suo
1842 981 2063 1040 Divino
2104 983 2265 1064 quod
2298 983 2411 1042 fuit
2444 986 2508 1042 in

394 1085 538 1162 Ipso
585 1102 622 1142 a
665 1085 1092 1159 conceptione,
1149 1090 1209 1141 ct
1261 1081 1425 1158 quod
1473 1082 1585 1140 fuit
1628 1081 1757 1159 Ipsi
1804 1083 2001 1140 anima
2048 1099 2125 1141 cx
2158 1083 2369 1155 Patre,
2421 1086 2509 1142 ita

395 1185 556 1262 quod
591 1185 704 1243 fuit
725 1183 856 1260 Ipsi
889 1186 1018 1242 vita
1045 1199 1191 1252 sua,
1237 1199 1377 1240 nam
1414 1185 1611 1240 anima
1647 1183 1915 1258 cujusvis
1946 1189 2039 1241 ost
2074 1184 2201 1242 vita
2236 1184 2403 1260 cjuS,
2444 1191 2509 1244 ct

393 1301 644 1362 corpuS,
705 1284 864 1360 quod
923 1289 1018 1343 est
1069 1267 1427 1360 humanum,
1498 1283 1635 1342 inde
1690 1284 1866 1356 vivit,
1937 1289 2305 1359 quapropter
2368 1301 2507 1344 cum

391 1386 678 1446 Divinum
727 1385 838 1442 fuit
889 1386 1118 1442 unitum
1155 1383 1433 1442 Humano
1480 1385 1539 1441 in
1574 1383 1831 1442 Domino
1850 1425 1867 1454 ,
1920 1385 2077 1442 sicut
2130 1385 2329 1442 anima
2366 1403 2505 1444 cor-

392 1489 556 1563 pori,
613 1485 900 1546 Divinum
939 1483 1284 1542 Humanum
1335 1483 1579 1542 dicitur:
1636 1483 1797 1567 quod
1845 1501 1920 1542 ox
1954 1483 2245 1542 Doctrina
2277 1484 2505 1544 Eccle-

393 1589 522 1646 siae
557 1587 665 1658 sit,
707 1584 868 1660 quod
900 1585 1060 1642 sicut
1095 1585 1294 1642 anima
1331 1590 1393 1642 ct
1426 1599 1645 1660 corpus
1680 1584 1909 1643 faciunt
1952 1601 2137 1642 unum
2182 1583 2501 1659 hominem,

391 1688 478 1744 ita
510 1685 798 1744 Divinum
837 1691 895 1742 ot
943 1683 1282 1742 Humanum
1337 1685 1519 1744 fucrit
1570 1701 1723 1742 unus
1776 1683 2079 1758 Christu8‚
2136 1690 2203 1743 ut
2241 1691 2301 1744 ot
2338 1685 2505 1761 quod

392 1784 678 1845 Divinum
715 1791 776 1843 ot
817 1784 1160 1843 Humanum
1203 1785 1405 1861 Ipsius
1459 1785 1639 1843 fuerit
1692 1801 1812 1842 una
1842 1784 2160 1858 'P-crsona,
2216 1785 2505 1844 videatur

393 1901 582 1962 supra
613 1903 671 1944 n:
710 1887 738 1942 1
759 1889 834 1945 0:
889 1887 990 1962 qui
1017 1886 1221 1962 itaque
1250 1887 1513 1962 cogitant
1548 1884 1621 1944 dc
1658 1886 1935 1944 Humano
1970 1885 2240 1961 Domini,
2284 1892 2345 1944 ct
2384 1903 2503 1945 non

395 1984 582 2044 simul
625 1985 698 2044 de
750 1985 970 2045 Divino
1015 1985 1248 2061 IpsiuS,
1313 1987 1402 2045 illi
1446 2002 1695 2062 prorsus
1748 2003 1869 2045 non
1920 1985 2241 2045 admittunt
2288 2003 2502 2048 vocem

393 2087 598 2145 Divini
631 2086 921 2160 Humani,
979 2088 1241 2162 cogita-nt
1277 2089 1434 2146 onim
1476 2088 1801 2163 separatim
1838 2087 1913 2146 dc
1950 2086 2245 2161 Humane,
2306 2094 2366 2146 et
2400 2103 2505 2146 sc-

391 2189 649 2263 paratim
685 2185 760 2246 de
795 2186 1046 2260 Divino,
1103 2189 1188 2245 ita
1224 2189 1396 2263 quasi
1434 2187 1509 2246 de
1547 2186 1785 2246 homino
1822 2189 2147 2262 separatim
2186 2186 2261 2244 ab
2303 2190 2503 2246 anima

393 2303 506 2346 scu
540 2288 666 2345 vita
703 2287 862 2363 eju5‚
903 2286 1062 2364 quod
1097 2294 1296 2346 tamon
1331 2306 1449 2348 non
1479 2293 1573 2346 est
1603 2289 1867 2364 cogitare
1896 2287 1969 2346 dc
2006 2287 2261 2362 homino,
2304 2291 2501 2346 minus

391 2386 468 2446 dc
503 2386 790 2446 Domino:
847 2395 907 2446 et
942 2389 1084 2465 quia
1119 2387 1257 2448 talis
1311 2389 1450 2447 idea
1496 2393 1779 2464 separata
1814 2390 1971 2447 inest
2008 2389 2355 2464 cogitationi
2390 2405 2501 2447 co-

391 2505 554 2562 rum,
593 2486 730 2547 ideo
766 2495 979 2565 rogant.
1003 2489 1246 2547 Patrem
1285 2495 1353 2547 ut
1387 2491 1745 2548 misercatur
1777 2493 2026 2564 propter
2060 2489 2308 2564 Filium3
2366 2505 2503 2548 cum

391 2595 596 2648 tamen
647 2589 946 2665 rogandus
991 2595 1085 2648 est
1128 2589 1270 2666 Ipse
1323 2590 1619 2649 Dominus
1671 2595 1739 2648 ut
1776 2591 2162 2660 miscreatur,
2230 2592 2291 2648 in
2344 2587 2499 2665 Qun,

391 2688 717 2751 socundum
769 2690 1122 2776 Doctrinam
1185 2689 1987 2763 univorsalcm‘Ecclesiao,
2066 2690 2353 2749 Divinum
2408 2697 2505 2748 ost

390 2788 568 2865 qualo
596 2794 688 2848 est
719 2789 918 2850 Patris
947 2838 960 2862 ,
1023 2808 1160 2848 nam
1198 2789 1303 2850 illa·
1349 2792 1525 2850 docet
1563 2789 1809 2866 „Quod
1842 2789 2011 2852 siout
2044 2789 2264 2865 Pater,
2305 2789 2505 2850 etiam

389 2884 650 2958 Filius,
711 2895 806 2949 est
839 2889 1202 2964 IncreatuS,
1251 2889 1596 2972 Infinitm,
1660 2889 1974 2951 Aetam-as
1992 2936 2011 2961 ,
2070 2889 2501 2970 Omnipotens,

389 2986 608 3064 Deus,
645 2987 1020 3062 Dominum
1075 2995 1135 3048 et
1165 3010 1342 3050 nemo
1379 2991 1631 3052 Eorum
1657 2991 1915 3069 primus
1949 2997 2008 3050 et
2042 2988 2341 3066 ultimus,
2392 3009 2508 3050 neo

392 3088 724 3150 maximus
775 3096 890 3151 aut
937 3090 1244 3150 minimus
1259 3094 1336 3162 ;“
1415 3111 1489 3152 ox
1523 3091 1841 3157 Athanasii
1878 3091 2193 3168 Symbolo3
2250 3099 2311 3151 ct
2346 3109 2522 3168 quo--

393 3207 509 3265 quc
547 3197 640 3248 est
675 3192 1004 3250 secuudum
1025 3175 1397 3250 'Docti-inam
1446 3192 1523 3251 ab
1562 3193 1706 3268 Ipso
1743 3193 1999 3251 Domino
2048 3193 2282 3266 datam,
2342 3209 2503 3269 quac

394 3295 486 3348 cst
539 3289 786 3372 „Quod
818 3284 970 3370 Ipso
1016 3296 1077 3350 et
1119 3290 1322 3352 Pater
1372 3313 1571 3353 unum
1616 3292 1787 3365 sint,·
1846 3297 1906 3351 εὐ
1956 3291 2123 3373 quod
2170 3291 2283 3372 qui
2330 3289 2507 3352 videt

393 3388 620 3470 Ipsum
654 3391 871 3451 videa-t
923 3390 1216 3467 Patrem,
1291 3393 1445 3470 quia
1502 3392 1652 3472 Ipse
1700 3393 1771 3453 in
1822 3392 2025 3454 Patre
2070 3398 2130 3452 et
2177 3391 2381 3451 Pater
2432 3391 2511 3452 in

293 3477 298 3482 ’
390 3489 580 3570 Ipso:
651 3496 711 3551 et
752 3488 920 3570 quod
979 3490 1128 3570 Ipse
1175 3491 1266 3552 sit
1328 3492 1463 3568 via,
1530 3493 1799 3566 veritas,
1862 3499 1923 3554 et
1984 3492 2121 3554 vita
2132 3513 2161 3564 ‚·
2230 3497 2291 3550 et
2336 3491 2511 3570 quod

389 3610 566 3652 nemo
622 3587 835 3651 veniat
889 3590 978 3652 ad
1028 3591 1322 3662 Patrem,
1383 3593 1520 3654 nisi
1558 3595 1679 3673 μὲν
1723 3592 1951 3673 Ipsum
1972 3597 2041 3654 .·“
2112 3593 2253 3652 inde
2310 3600 2503 3668 patet,

394 3699 680 3769 quantum
722 3692 1044 3752 deflectunt
1079 3711 1117 3751 a
1149 3695 1248 3752 via
1291 3702 1351 3752 et
1388 3713 1425 3752 a
1459 3697 1745 3770 veritate,
1790 3685 1901 3771 *qui
1936 3700 2251 3754 transeunt
2284 3693 2503 3752 Domi-

391 3809 566 3862 num,
615 3798 676 3850 ct
717 3791 940 3852 adeunt
971 3795 1232 3853 Patrem.
1311 3795 1435 3855 Sed
1470 3797 1614 3878 quia
1648 3795 1826 3871 plura
1863 3795 1936 3854 de
1972 3795 2085 3854 hac
2122 3813 2188 3852 rc
2216 3795 2506 3870 loquutus

231 3906 354 3972 [21]
395 3907 527 3951 sum
575 3909 711 3951 cum
755 3893 1034 3970 Angelis,
1093 3900 1153 3953 ot
1201 3912 1441 3971 quoquc
1493 3913 1625 3954 cum
1678 3895 2053 3982 SpiritibuS,
2096 3897 2196 3972 qui
2242 3894 2503 3972 fuerunt,

394 4008 530 4051 cum
563 3994 836 4052 vixerunt
868 3994 1138 4054 hominos
1175 3996 1236 4052 in
1277 3995 1529 4068 mundo,
1577 3996 1651 4054 ab
1694 3997 1973 4057 Ecclesia
2008 3995 2387 4065 Rosci-mata,
2442 3999 2507 4051 ct

395 4107 468 4150 cx
501 4091 813 4170 Religione
839 4095 1184 4170 Pontificia,
1242 4096 1425 4155 velim
1461 4099 1519 4155 in
1566 4098 1956 4173 sequentibus
1993 4096 2097 4155 illa
2134 4111 2499 4169 memoram3

393 4209 466 4252 cx
504 4193 721 4271 quibus
761 4195 1106 4273 apparebit,
1162 4197 1221 4254 in
1262 4196 1423 4273 quali
1459 4197 1595 4256 lucc
1634 4204 1797 4256 essct
1832 4198 2106 4259 Ecclesia
2143 4197 2217 4256 de
2252 4196 2497 4269 Divino,
