2700 4792
459 302 532 354 60
802 287 1291 344 APOCALYPSIS
1345 286 1785 346 EXPLICATA.
1868 287 1913 354 §.
1960 295 2216 350 55-59,

458 447 849 508 revelandum
897 453 1027 506 erat
1073 464 1273 506 coram
1325 444 1557 522 populo
1604 438 1970 515 Israeliticm
2039 461 2235 504 voces
2300 446 2542 507 Tubae
2587 466 2619 506 0

463 553 667 606 11101110
695 546 860 606 Sinai
896 546 1136 616 auditae
1163 552 1322 620 sunt,
1360 545 1569 603 Exod:
1608 544 1803 603 XIX:
1850 548 1877 602 1
1899 547 1958 603 6.
2014 545 2091 603 Ε1
2113 544 2269 604 ideo
2316 547 2622 624 clangere

468 647 647 707 Tuba
681 647 842 723 apud
877 647 1012 706 illos
1049 647 1634 723 repraesentativum
1669 645 1894 704 factum
1931 653 2052 719 est,
2092 663 2238 704 cum
2284 663 2619 706 convoca-

465 753 696 821 rentur,
737 764 990 823 cumque
1022 747 1571 823 proficiscerentur,
1626 752 1686 804 et
1720 762 1958 820 quoque
1993 748 2052 805 in
2088 744 2620 820 solennitatibuS,

465 850 530 906 in
575 849 882 923 principiis
928 850 1253 915 mensium,
1313 845 1393 904 ad
1431 845 1787 903 holocausta
1838 852 1899 903 et
1942 845 2250 904 sacrificia
2309 847 2619 906 euchari·-

466 949 648 1021 stica,
697 946 882 1006 Num:
919 947 1017 1006 X:
1066 950 1093 1004 1
1132 947 1208 1005 ad
1245 948 1367 1004 10:
1399 930 1485 1003 'et
1512 961 1749 1020 quoque
1788 945 1977 1004 Tubis
2012 945 2438 1017 clamer-unt,
2480 965 2621 1006 cum

460 1046 751 1124 praelium
804 1053 1123 1124 gesserunt
1166 1052 1377 1106 contra
1419 1044 1796 1114 Midianitas‚
1854 1045 2043 1105 Num:
2082 1046 2365 1106 XXXI:
2419 1051 2499 1106 6:
2560 1052 2619 1105 et

462 1165 600 1207 cum
651 1154 942 1223 ceperunt
992 1147 1203 1205 urbem
1257 1144 1537 1219 Jericho,
1602 1144 1834 1205 Josuae
1887 1145 2005 1204 VI:
2048 1149 2087 1204 4
2118 1146 2196 1204 ad
2232 1149 2391 1222 203
2448 1146 2619 1205 bella

465 1249 618 1306 enim
656 1253 717 1307 et
747 1248 984 1323 praelia
1030 1245 1447 1323 significabant
1491 1261 1727 1321 pugnas
1781 1245 2153 1321 spirituales,
2222 1265 2409 1323 quae
2470 1253 2615 1306 sunt

461 1350 592 1406 veri
625 1353 833 1408 contra
867 1348 1116 1419 salsum,
1155 1353 1215 1405 et
1241 1345 1380 1404 falsi
1406 1351 1614 1404 contra
1648 1363 1876 1405 verum.

622 1449 732 1508 56.
801 1449 1105 1522 Dicentis,
1176 1447 1304 1522 Ego
1362 1461 1496 1503 sum
1544 1445 1748 1523 Alpha
1794 1453 1855 1505 et
1908 1444 2165 1523 Omega,
2222 1448 2497 1506 Prirnus
2553 1452 2609 1504 01

461 1548 747 1622 Ultimus,
788 1549 944 1624 quod
973 1547 1268 1624 significet
1295 1544 1417 1621 Qui
1450 1548 1649 1605 omnia
1675 1548 1830 1622 regit
1855 1564 1931 1605 ex
1967 1549 2173 1622 primis
2201 1565 2330 1622 per
2361 1548 2604 1617 ultima,

463 1655 527 1707 et
559 1651 646 1707 sic
683 1650 881 1706 omnia
916 1648 1086 1708 Coeli
1119 1650 1179 1705 in
1227 1652 1567 1720 aeternum,
1632 1653 1867 1705 constat
1918 1645 1992 1705 e'x
2028 1646 2147 1706 illis
2186 1665 2360 1722 quae
2412 1662 2603 1723 supra

463 1766 533 1806 n:
575 1749 659 1806 41
707 1745 867 1807 dicta
903 1756 964 1807 et
999 1755 1242 1806 ostensa
1276 1752 1433 1805 sunt.

305 1863 430 1925 [44]
631 1848 739 1906 57.
798 1847 974 1924 Quod
1008 1848 1210 1922 videS,
1249 1847 1445 1905 scribe
1481 1848 1541 1904 in
1565 1847 1744 1920 libro,
1784 1845 1943 1922 quod
1968 1846 2267 1923 significet
2297 1855 2374 1906 ut
2411 1862 2594 1908 reve-

462 1948 590 2007 lata
623 1949 742 2006 sint
774 1951 1142 2024 posteritati,
1181 1953 1350 2023 patet
1386 1946 1615 2022 absque
1652 1949 2068 2024 explicatione.

625 2049 734 2106 58.
788 2048 864 2106 Et
898 2051 1068 2107 mitte
1102 2047 1391 2106 Ecclesiis
1410 2091 1426 2122 ,
1481 2047 1599 2106 illis
1649 2051 1709 2106 in
1744 2049 1918 2122 Asia,
1987 2047 2147 2123 quod
2182 2048 2501 2124 significet
2536 2051 2590 2102 et

464 2155 606 2206 tunc
643 2148 916 2206 omnibus
954 2149 1072 2207 illis
1103 2150 1205 2224 qui
1239 2152 1301 2206 in
1329 2149 1465 2206 luce
1494 2149 1953 2224 intelligentiae,
1993 2154 2231 2208 constat
2270 2167 2357 2208 ex
2398 2147 2588 2223 signi-

464 2249 738 2309 ficatione
789 2255 1022 2326 septem
1058 2248 1463 2308 Ecclesiarum
1486 2293 1504 2319 ‚
1566 2249 1727 2325 quod
1764 2251 1882 2307 sint
1918 2266 2123 2308 omnes
2162 2251 2266 2323 qui
2302 2252 2375 2308 in
2429 2248 2583 2306 veris

469 2367 546 2408 ex
579 2349 734 2407 bono
781 2366 893 2408 seu
939 2352 1001 2409 in
1047 2349 1164 2409 fide
1201 2367 1276 2407 ex
1313 2349 1603 2408 charitate
1655 2355 1823 2424 sunt,
1885 2351 1971 2408 ita
2018 2350 2120 2425 qui
2162 2349 2239 2406 ab
2278 2348 2578 2416 Ecclesia,

465 2449 540 2510 de
581 2466 702 2526 qua
737 2465 924 2528 supra
969 2469 1038 2510 n:
1083 2452 1205 2525 203
1263 2456 1321 2508 et
1372 2467 1447 2507 ex
1501 2450 1929 2526 significatione
1984 2451 2199 2520 Asiae,
2258 2450 2435 2526 quod
2469 2448 2583 2506 sint

465 2553 662 2626 quiin
695 2550 831 2610 11100
869 2552 1334 2628 intelligentiae,
1375 2549 1450 2608 de
1488 2567 1607 2624 qua
1643 2552 1821 2610 etiam
1848 2566 2033 2626 supra
2066 2569 2134 2608 n:
2178 2551 2290 2608 21.

623 2653 732 2711 59.
784 2652 1131 2728 Ephesum,
1174 2659 1235 2710 et
1272 2650 1613 2726 Smyrnam,
1652 2657 1715 2709 et
1742 2651 2130 2726 Pergamum,
2174 2656 2234 2707 et
2261 2649 2579 2727 Thyatira,

467 2758 528 2811 et
563 2751 819 2822 SardeS‚
864 2758 924 2810 01
962 2751 1474 2828 Philadelphiam‚
1533 2758 1593 2810 01
1626 2750 2020 2822 Laodiceam,
2084 2749 2242 2825 quod
2278 2748 2578 2827 significet

461 2854 526 2911 in
561 2853 766 2927 specie
803 2852 1134 2910 secundum
1169 2852 1604 2928 receptionem,
1644 2857 1917 2910 constare
1953 2856 2156 2927 potest
2191 2867 2266 2908 ex
2304 2864 2573 2926 sequen-

465 2950 658 3024 tibus,
713 2949 817 3006 ubi
853 2951 926 3008 de
962 2952 1248 3024 Ecclesiis
1285 2952 1418 3012 ⁴illis
1445 2953 1507 3009 in
1541 2954 1746 3028 specie
1774 2954 1993 3027 agitur.
2074 2950 2314 3010 Dicitur
2350 2964 2570 3010 secun-

468 3050 610 3108 dum
653 3053 1092 3126 receptionem,
1150 3054 1291 3128 quia
1325 3052 1423 3110 lux
1457 3052 1889 3128 intelligentiae
1916 3069 2035 3110 non
2068 3052 2213 3110 facit
2234 3051 2575 3112 Ecclesiam

469 3150 632 3227 apud
660 3149 991 3225 hominem,
1037 3152 1146 3210 sed
1176 3153 1443 3228 receptio
1469 3152 1621 3216 lucis
1657 3156 1719 3211 in
1754 3153 1983 3226 calore,
2037 3152 2151 3209 hoc
2189 3159 2314 3227 est,
2353 3164 2567 3222 recep-

468 3251 552 3309 tio
585 3255 713 3312 veri
751 3254 813 3311 in
861 3253 1047 3311 bono:
1110 3254 1379 3327 receptio
1430 3251 1583 3312 lucis
1630 3255 1693 3310 in
1742 3253 1939 3310 calore
1988 3252 2236 3321 dicitur,
2292 3254 2440 3328 quia
2472 3247 2570 3305 lux

471 3353 797 3429 spiritualis
830 3358 924 3411 est
958 3353 1246 3411 Divinum
1275 3351 1529 3424 Verum,
1580 3359 1640 3411 01
1675 3352 1853 3410 Calor
1888 3352 2217 3428 spiritualis
2262 3360 2357 3412 est
2390 3347 2565 3409 Divi-²

468 3471 611 3511 1111111
649 3453 914 3527 Bonum3
973 3458 1033 3511 01
1066 3452 1171 3510 illa
1206 3451 1321 3510 duo
1360 3452 1422 3509 in
1459 3453 1682 3511 Mundo
1719 3452 2017 3528 spirituali
2052 3469 2121 3510 se
2154 3452 2383 3511 hab-ent
2418 3447 2567 3508 sicut

469 3553 601 3612 Lux
638 3560 698 3612 et
727 3551 908 3611 Calor
939 3553 1002 3610 in
1035 3552 1257 3611 Mundo
1292 3553 1554 3610 naturali
1564 3573 1581 3628 3
1622 3553 1780 3628 quod
1814 3544 2030 3628 nempe
2069 3559 2355 3628 quantum
2386 3546 2559 3608 Calo-

467 3655 550 3712 ris
583 3654 862 3712 vernisac
912 3654 1125 3711 aestivi
1161 3653 1393 3711 accedit
1428 3653 1611 3723 Luci,
1660 3659 1892 3710 tantum
1932 3659 2207 3711 crescant
2252 3659 2312 3712 et
2347 3645 2562 3728 gerini·-

429 3784 436 3790 -
467 3759 610 3811 nent
645 3751 871 3821 omnia,
909 3759 970 3810 at
1006 3760 1290 3829 quantum
1325 3753 1475 3812 Luci
1509 3771 1627 3811 non
1664 3753 1895 3813 accedit
1930 3751 2109 3811 Calor
2141 3752 2274 3827 ille,
2337 3753 2558 3809 tantum

467 3857 746 3928 torpeant
782 3856 842 3908 et
879 3855 1239 3912 emoriantur
1277 3837 1507 3912 omnia:
1571 3855 1730 3929 quod
1763 3853 1897 3911 Lux
1934 3853 1993 3909 in
2040 3853 2343 3928 spirituali
2387 3847 2556 3907 Mun-

467 3949 542 4009 do
595 3953 674 4009 sit
719 3951 1002 4012 Divinum
1041 3954 1300 4028 Verum,
1359 3959 1424 4012 et>
1473 3953 1651 4012 Calor
1703 3954 1786 4012 ibi
1841 3955 1919 4011 sit
1976 3953 2269 4015 Divinum
2315 3952 2552 4010 Bonum,

465 4067 536 4110 ac
585 4051 690 4111 illa
753 4069 819 4112 se
880 4054 1141 4115 habeant
1209 4044 1481 4113 similiter
1543 4072 1613 4113 ac
1662 4054 1795 4112 Lux
1849 4060 1911 4113 et
1970 4052 2149 4112 Calor
2207 4055 2267 4111 in
2312 4039 2554 4110 naturali
