2700 4792
317 363 580 420 CAPUT
623 360 989 429 QUARTUM.
1701 361 1915 418 VERS=
1959 351 2012 423 νἰ.
2192 371 2301 425 475

131 532 234 588 sit
275 543 368 586 ex
399 523 620 583 Divino
657 523 840 597 Vero,
880 521 1162 582 videatur
1195 524 1256 581 in
1291 519 1495 598 Opere
1544 521 1619 581 de
1658 521 1861 582 Coeno
1912 539 1991 580 m·
2026 523 2303 583 Immo

129 633 210 688 in
271 622 565 686 Articulo
613 623 688 682 de
741 624 1014 700 potentia
1065 621 1437 698 Angelorum
1486 619 1684 696 Coeli,
1733 639 1803 681 n:
1847 625 1985 681 228
2026 623 2104 682 ad
2142 625 2303 683 233.

139 727 490 805 Quoniam
524 741 638 801 per
670 722 911 782 leonem
945 721 1317 799 significatur
1348 723 1656 798 potentia,
1710 722 1847 781 ideo
1896 725 1957 780 in
2010 722 2307 784 lamenta-

133 833 341 888 tione
400 823 650 882 Davidis
697 839 884 900 super
931 820 1114 882 Saule
1164 827 1226 880 et
1273 820 1651 891 Jonathane,
1702 821 1924 880 dicitur
1978 866 2013 896 „
2034 820 2200 883 Saul
2250 828 2311 883 et

137 921 517 990 Jonathan
577 919 885 983 amabiles
899 967 918 993 ‚
974 937 1138 1000 prae
1195 917 1438 1000 aquilis
1500 917 1733 981 veloces
1774 921 2048 1000 fumat
2061 965 2078 996 ‚
2146 941 2313 1001 prae

143 1023 472 1090 leonibus
509 1019 769 1083 validi“
831 1021 894 1080 Π
929 1021 1101 1082 Sam:
1137 1020 1202 1079 I:
1243 1023 1369 1096 233
1438 1037 1551 1098 per
1586 1020 1829 1080 Saulem
1874 1019 1959 1080 ibi
2004 1026 2071 1079 ut
2104 1039 2308 1099 regem

149 1136 238 1188 et
291 1141 418 1202 per
454 1123 857 1182 Jonathanem
893 1130 960 1180 ut
991 1121 1178 1180 filium
1213 1122 1410 1198 regis,
1461 1120 1812 1197 intelligitur
1843 1119 2070 1180 Verum
2106 1127 2309 1180 tutans

155 1225 553 1297 Ecclesiam,
597 1241 737 1281 nam
773 1223 970 1298 agitur
1002 1221 1088 1280 ibi
1121 1220 1196 1281 de
1231 1220 1523 1281 Doctrina
1546 1223 1677 1280 veri
1712 1226 1773 1280 et
1804 1221 1973 1295 boni,
2010 1223 2345 1298 inscripsit,

159 1328 351 1386 enim
383 1305 868 1382 lamentationem
903 1321 1068 1380 illam
1105 1321 1181 1380 ad
1217 1320 1551 1381 docendum
1586 1320 1739 1380 filios
1768 1320 2045 1381 Jehudae
2082 1337 2304 1396 arcum,

157 1427 384 1486 Vers:
433 1427 460 1481 1
481 1427 517 1483 8
555 1422 668 1496 ibi,
724 1440 836 1500 per
882 1439 1088 1482 arcum
1139 1421 1509 1498 significatur
1540 1421 1646 1481 illa
1680 1422 1970 1495 doctrina,
2032 1421 2309 1480 videatur

157 1546 251 1586 n:
301 1526 517 1583 2686.
561 1525 776 1584 2709.
833 1525 1044 1583 6422.
1133 1521 1429 1598 Quoniam
1490 1539 1603 1598 per
1659 1521 1863 1600 Reges
1900 1513 2193 1582 'Jehudae
2238 1529 2303 1581 et

163 1625 434 1687 Israelis
467 1622 1045 1707 repraesentabatur
1076 1622 1375 1682 Dominus
1414 1623 1609 1698 quoad
1643 1622 1926 1681 Divinum
1962 1621 2207 1697 Verum,
2248 1629 2309 1682 et

171 1743 300 1803 per
338 1725 644 1784 Thr-onum
691 1723 1262 1800 repraesentabatur
1305 1723 1613 1783 Judicium
1662 1723 1819 1798 quod
1864 1721 1929 1780 fit
1978 1740 2053 1782 ex
2088 1723 2304 1783 Divino

173 1827 382 1899 Vel-0,
444 1841 516 1885 ac
553 1841 667 1900 per
703 1823 938 1883 Leones
975 1822 1547 1900 repraesentabatur
1580 1826 1883 1900 potentia,
1939 1824 2215 1883 custodia
2248 1830 2311 1883 et

179 1925 380 1984 tutela
412 1932 620 1984 contra
670 1923 828 1982 falsa
861 1930 922 1982 et
955 1924 1146 1992 mala,
1196 1923 1332 1982 ideo
1360 1924 1541 1999 juxta
1576 1924 1725 1982 duas
1760 1941 1973 1984 manus
2011 1922 2237 1984 Throni
2271 1941 2309 1982 a

183 2024 509 2085 Salomone
539 2023 840 2084 aedificati
873 2029 1045 2082 erant
1069 2024 1186 2082 duo
1215 2023 1442 2097 leones,
1476 2029 1535 2080 et
1550 2023 1863 2082 duodecim
1891 2024 2099 2082 leones
2126 2041 2311 2099 super

181 2142 302 2184 sex
357 2125 640 2200 gradibus
685 2124 822 2182 hinc
862 2123 1033 2192 inde,
1095 2123 1158 2183 II
1201 2123 1364 2198 Reg:
1411 2121 1507 2180 X:
1565 2125 1673 2181 18.
1719 2124 1827 2180 19.
1868 2124 1977 2180 20.
2070 2123 2161 2182 Ex
2212 2123 2307 2182 his

177 2230 466 2283 constare
507 2231 740 2301 potest,
797 2224 939 2302 quid
973 2240 1086 2300 per
1119 2221 1375 2290 LeoneS,
1430 2237 1565 2278 cum
1601 2221 1675 2279 de
1710 2221 1988 2292 Domino,
2028 2221 2213 2282 Coelo
2250 2229 2311 2281 et

183 2321 468 2402 Ecclesia
511 2328 706 2400 agitur
748 2327 812 2382 in
856 2323 1089 2392 Verbo,
1141 2319 1525 2398 significatur.
1603 2319 1723 2378 Per
1764 2320 1971 2380 leones
2032 2325 2213 2381 etiam
2245 2326 2309 2382 in

194 2417 407 2478 Verbo
441 2423 794 2497 significatur
823 2424 1090 2500 potentia
1123 2421 1262 2481 falsi
1293 2439 1368 2480 ex
1402 2420 1558 2479 malo
1577 2464 1592 2489 ‚
1643 2437 1753 2497 per
1788 2419 1947 2494 quod
1976 2421 2303 2481 destruitur

181 2524 257 2580 et
283 2525 556 2580 vastatur
579 2524 878 2599 Ecclesia3
917 2530 982 2582 ut
1007 2523 1169 2599 apud
1194 2522 1237 2581 J
1241 2523 1522 2582 eremiam
1560 2563 1599 2594 „
1609 2517 1845 2580 Contra
1868 2535 2011 2579 eam
2034 2519 2308 2598 myizmt

171 2617 434 2680 Leones
441 2619 722 2703 juvenes,
759 2623 953 2684 edunt
981 2640 1188 2682 vocem
1213 2639 1419 2697 swam,
1458 2619 1762 2700 rediyunt
1788 2623 2027 2680 terram
2050 2619 2121 2680 in
2148 2637 2300 2679 vas-

175 2721 489 2783 ritatem“
527 2725 622 2784 11:
660 2728 688 2782 l
710 2727 768 2784 5:
821 2731 881 2783 et
908 2723 1072 2800 apud
1097 2722 1342 2798 Esajam
1380 2719 1605 2796 „Gens
1631 2718 1811 2802 cujus
1838 2716 1965 2779 tela
1990 2723 2208 2794 acuta,
2246 2725 2309 2780 ct

170 2839 397 2883 omnes
442 2841 636 2884 arcus
674 2824 812 2906 qus
857 2822 1024 2884 tensi
1037 2867 1053 2892 ,
1095 2817 1379 2902 unyulae
1420 2838 1717 2901 equorum
1749 2819 1887 2902 qius
1926 2819 2093 2880 sieut
2114 2837 2308 2899 rupes

171 2926 566 3001 reputantur
575 2943 604 2996 ;
637 2924 901 3003 myitus
928 2920 1037 2984 illi
1061 2922 1232 2982 sicut
1257 2918 1477 2994 leonis,
1514 2919 1699 3001 ruyit
1724 2919 1891 2981 sicut
1920 2917 2012 2980 leo
2022 2918 2305 3002 juvenis,

175 3027 242 3080 et
253 3021 492 3101 fremit
517 3029 580 3082 et
597 3022 1010 3104 apprehendit
1026 3021 1391 3101 praedam“
1421 3021 1501 3080 V:
1535 3026 1571 3080 2
1588 3025 1647 3082 8.
1684 3024 1719 3079 2
1736 3023 1797 3079 9:
1834 3027 2075 3097 praeter
2101 3020 2308 3080 multis

175 3122 318 3180 aliis
354 3123 417 3178 in
441 3122 611 3198 lociS,
650 3131 716 3182 ut
749 3124 928 3199 Esaj:
957 3121 1070 3182 XI:
1109 3126 1168 3181 6.
1207 3121 1366 3197 Cap:
1396 3121 1663 3182 XXXV:
1701 3123 1761 3179 9.
1818 3120 2061 3182 Jerem:
2089 3121 2201 3190 IV:
2240 3127 2302 3181 7.

175 3221 351 3298 Cap:
381 3223 460 3282 V:
498 3225 557 3280 6.
615 3222 776 3299 Cap:
805 3211 960 3282 XII:
997 3225 1056 3281 8.
1113 3220 1271 3298 Cap:
1300 3221 1371 3280 L:
1410 3224 1519 3280 17.
1561 3221 1711 3298 Cap:
1740 3221 1854 3281 LI:
1894 3224 2003 3282 38.
2056 3222 2302 3282 Ezech:

175 3321 378 3381 XIX:
424 3325 486 3382 3.
533 3324 592 3382 5.
635 3327 697 3382 6.
769 3319 1010 3381 Hosch:
1047 3321 1233 3381 XIII:
1281 3325 1340 3379 7.
1387 3323 1448 3379 8.
1517 3321 1677 3381 Joel:
1720 3321 1781 3381 I:
1827 3325 1888 3380 6.
1936 3328 1995 3380 7.
2064 3322 2307 3382 Psalm:

176 3420 387 3481 XVII:
428 3426 456 3481 1
477 3425 539 3480 2.
573 3421 811 3480 Psalm:
840 3421 1046 3482 XXII.
1084 3425 1193 3479 14
1231 3420 1471 3480 Psalm·
1499 3421 1697 3480 LVII.
1734 3421 1793 3479 5.
1830 3419 2057 3480 Psalm:
2082 3421 2306 3482 LVIII.

185 3525 243 3578 7.
291 3523 350 3579 8.
423 3520 660 3580 Psalm:
704 3521 879 3580 XCI:
925 3522 1031 3580 13.

335 3623 499 3679 279.
552 3622 628 3678 Et
663 3621 991 3681 secundum
1027 3615 1264 3680 Animal
1301 3618 1495 3678 simile
1533 3618 1751 3693 vitulo,
1809 3618 1971 3694 quod
2006 3618 2307 3694 significet

179 3722 601 3797 apparentiam
635 3724 696 3779 in
731 3722 953 3780 ultimis
988 3719 1193 3781 Divini
1226 3716 1379 3775 Boni
1416 3717 1615 3792 quoad
1652 3716 1923 3788 tutelam,
1958 3724 2193 3778 constat
2230 3737 2306 3780 ex

181 3819 618 3895 significatione
677 3821 852 3880 vituli
911 3837 1018 3880 seu
1073 3819 1354 3897 juvenci,
1423 3816 1587 3892 quod
1634 3819 1714 3876 sit
1759 3816 1984 3876 bonum
2016 3818 2309 3878 naturalis

177 3917 434 3978 hominis
458 3965 474 3994 ,
531 3921 593 3978 in
640 3923 846 3998 speeie
898 3920 1120 3979 bonum
1167 3901 1545 3977 innocentiae
1596 3922 1657 3976 et
1692 3915 1999 3976 eharitatis
2034 3917 2166 3994 ejus
2176 3935 2194 3992 3
2248 3923 2313 3978 et

181 4020 327 4093 quia
365 4026 462 4080 est
493 4017 718 4080 bonum
752 4019 1042 4079 naturalis
1077 4020 1332 4079 hominis
1351 4063 1369 4093 ‚
1408 4019 1588 4077 etiam
1627 4024 1721 4077 est
1751 4016 1973 4077 bonum
2016 4015 2185 4078 Coeli
2210 4015 2311 4076 ul-

181 4120 344 4188 timi,
394 4119 512 4178 hoc
567 4123 723 4181 enim
761 4118 1010 4180 Coelum
1059 4125 1153 4177 est
1208 4119 1525 4194 spirituale
1576 4116 1886 4188 naturale,
1936 4119 2218 4179 videatur
2250 4118 2315 4177 in

181 4215 383 4294 Opere
431 4219 506 4279 de
557 4219 760 4281 Cento
804 4239 880 4279 ur
924 4218 1230 4292 lemano,
1291 4236 1358 4276 n:
1402 4221 1513 4277 29.
1570 4219 1681 4279 30.
1737 4220 1862 4292 313
1916 4226 1979 4278 et
2014 4221 2159 4297 quia
2192 4217 2307 4278 hoc
