2700 4792
423 339 534 396 288
807 327 1296 386 APOCALYPSIS
1337 325 1777 386 EXPLICATA.
1854 327 1905 396 §0
1948 335 2080 389 195.

427 487 1036 565 correspondentibus
1085 487 1327 563 dicitur,
1404 489 1547 565 quia
1604 489 1804 548 omnia
1864 493 1928 546 et
1972 485 2213 562 singula
2270 501 2409 561 quae
2456 487 2514 544 in

428 605 614 650 sensu
647 588 860 648 literae
887 587 1078 650 Verbi
1111 594 1252 648 sunt
1285 588 1851 665 correspondentiae
1876 592 2041 662 sunt,
2082 584 2517 662 correspondent

429 691 585 750 enim
621 691 782 748 veris
831 705 985 765 quae
1030 688 1193 765 apud
1236 687 1516 765 angelos:
1568 689 1937 765 cognitiones
1978 692 2186 746 autem
2220 701 2368 761 quae
2398 689 2521 743 sunt

428 807 508 850 ex
551 789 684 848 aliis
731 788 956 862 Libris,
1011 790 1116 866 qui
1160 788 1535 850 Doctrinalia
1582 789 1894 850 Ecclesiae
1958 787 2208 847 tradunt
2256 791 2315 844 et
2358 785 2519 846 variis

429 889 806 964 confirmant,
861 905 978 948 non
1021 890 1620 950 communicationem
1668 889 1896 948 faciunt
1948 906 2093 948 cum
2150 884 2356 959 Coelo,
2423 885 2521 944 nisi

429 1008 540 1070 per
587 991 956 1066 cognitiones
999 989 1083 1048 ibi
1131 1005 1207 1048 ex
1243 989 1478 1064 Verbo,
1532 989 1649 1050 hae
1697 990 2147 1050 communicant
2192 988 2245 1044 si
2278 1001 2413 1044 vere
2442 985 2522 1041 in-

429 1091 808 1167 telliguntur,
865 1095 925 1149 et
959 1106 1076 1148 non
1110 1088 1491 1166 applicantur
1536 1089 1651 1150 soli
1684 1088 1824 1148 fidei
1870 1089 1981 1148 sed
2018 1090 2220 1148 vitae:
2275 1083 2425 1162 quod
2452 1086 2522 1144 ita

429 1193 540 1266 sit,
573 1202 757 1250 ‘nemo
785 1206 904 1248 non
929 1191 1084 1249 scire
1117 1195 1320 1266 potest
1349 1207 1426 1249 ex
1454 1207 1547 1264 eo,
1586 1189 1747 1267 quod
1771 1188 2046 1249 Verbum
2080 1190 2148 1246 in
2172 1203 2241 1246 se
2266 1185 2522 1244 Divinum

429 1294 542 1363 sit,
593 1297 656 1376 et
702 1289 862 1366 quod
919 1290 980 1347 in
1031 1305 1098 1348 se
1146 1289 1431 1350 Divinum
1490 1296 1633 1359 est,·
1672 1289 1787 1349 hoc
1832 1289 1964 1350 fieri
2012 1293 2225 1366 potest
2268 1285 2519 1344 Divinum

431 1391 594 1468 apud
623 1391 922 1449 hominem
935 1433 952 1463 ,
1009 1391 1062 1450 si
1095 1389 1157 1448 id
1193 1391 1461 1468 applicat
1492 1392 1689 1450 vitae:
1744 1407 1855 1467 per
1898 1390 2198 1449 Divinum
2230 1387 2356 1448 fieri
2385 1381 2522 1460 apud

427 1491 727 1552 hominem
759 1490 1125 1567 intelligitur,
1165 1490 1324 1566 quod
1346 1491 1651 1551 Dominus
1688 1491 2063 1550 mansionem
2098 1488 2323 1548 habere
2354 1485 2518 1562 possit

430 1591 596 1669 apud
629 1591 828 1666 illum,
883 1589 1036 1650 Joh:
1074 1590 1246 1650 XIV:
1291 1594 1381 1650 24
1400 1635 1419 1662 ,
1465 1593 1551 1650 ita
1584 1591 1855 1650 habitare
1893 1590 2062 1667 apud
2096 1589 2271 1649 illum
2303 1588 2363 1644 in
2388 1583 2514 1656 Su03

429 1691 591 1769 quod
624 1691 916 1750 Dominus
949 1692 1011 1749 in
1047 1689 1170 1752 Suo
1219 1691 1383 1767 apud
1415 1692 1715 1752 hominem
1754 1697 1813 1750 et
1848 1691 2139 1768 angelum
2172 1688 2422 1756 habitet,
2466 1689 2513 1742 et

431 1808 552 1850 non
585 1794 644 1849 in
678 1792 921 1867 proprio
955 1789 1225 1866 illorum,
1281 1791 1558 1854 videatur
1607 1793 1669 1850 in
1707 1790 1907 1868 Opere
1956 1791 2035 1851 de
2088 1789 2291 1850 Conno
2326 1802 2397 1844 ιτ
2426 1783 2513 1841 Is-

429 1909 631 1950 rnnno
677 1909 750 1949 n:
793 1895 912 1966 123
967 1897 1030 1950 et
1060 1891 1355 1951 Dominus
1390 1895 1449 1950 in
1487 1890 1612 1952 Suo
1648 1891 1907 1966 habitat,
1965 1909 2107 1952 cum
2141 1892 2207 1952 in
2238 1888 2351 1948 illis
2381 1879 2514 1965 apud
2628 1889 2630 1940 ἱ

429 1991 728 2050 hominem
785 2008 940 2068 qnae
985 2009 1062 2052 ex
1101 1991 1303 2051 Verbo
1358 1997 1528 2067 sunt,
1584 2010 1725 2051 nam
1774 1993 2072 2052 Dominus
2121 1995 2217 2050 est
2262 1984 2509 2054 Verbum,
2628 1977 2630 1980 ⁴

433 2091 591 2152 Joh:
626 2090 689 2150 I:
735 2095 792 2150 1.
837 2095 898 2150 2.
941 2095 1056 2168 145
1093 2097 1154 2152 et
1196 2089 1411 2168 Verba,
1454 2111 1613 2171 quae
1634 2091 1785 2173 Ipse
1816 2089 2121 2170 loquutus
2146 2093 2261 2160 est,
2294 2086 2399 2146 hoc
2419 2086 2506 2152 cst,

437 2210 592 2269 quae
653 2195 712 2251 in
761 2192 966 2252 Verbo
1025 2199 1194 2268 sunt,
1251 2192 1591 2275 „spiritus
1640 2198 1700 2254 et
1746 2192 1885 2253 vita
1928 2195 2168 2266 suut,“
2234 2186 2380 2250 Johz
2420 2179 2508 2240 Vl:
2625 2202 2631 2299 1

437 2295 548 2354 63.
612 2295 722 2352 68.
795 2293 956 2370 Cap:
993 2293 1148 2354 XII:
1197 2295 1304 2354 50.
1388 2293 1565 2370 Quod
1614 2295 1990 2355 Vestimenta
2048 2290 2377 2371 significent
2426 2279 2508 2340 illa

431 2411 588 2470 quae
625 2400 765 2452 sunt
799 2396 860 2452 in
896 2395 1154 2454 naturali
1187 2395 1457 2469 homine,
1516 2412 1669 2471 quac
1706 2400 1847 2454 sunt
1882 2393 2221 2456 scientifica
2251 2402 2387 2448 vera
2426 2383 2508 2438 aut

431 2495 612 2569 falsa,
685 2511 796 2554 seu
841 2497 1240 2572 cognitiones,
1309 2500 1405 2555 est
1458 2513 1533 2555 ex
1584 2494 1803 2554 mundo
1862 2494 2194 2572 spirituali,
2260 2489 2339 2548 ibi
2382 2482 2507 2543 enim

365 2625 374 2636 ·
433 2612 640 2656 omnes
692 2602 1074 2673 quotcunque
1123 2602 1291 2670 sunt,
1355 2597 1559 2655 vestiti
1618 2600 1913 2671 apparent
1970 2591 2302 2654 secundum
2356 2585 2505 2643 vitam

431 2715 604 2757 suam
637 2696 950 2770 moralem,
1007 2712 1192 2772 quare
1226 2695 1316 2754 illi
1349 2696 1452 2772 qui
1488 2695 1777 2758 moralem
1810 2697 1997 2754 vitam
2034 2712 2115 2754 cx
2150 2691 2366 2766 origine
2396 2680 2501 2756 ⁸1³5-

429 2797 629 2857 rituali
665 2799 968 2870 vixerunt,
1007 2798 1214 2856 vestiti
1249 2803 1545 2872 apparent
1581 2798 1644 2854 in
1678 2795 1830 2854 albis
1866 2792 2347 2872 splendentibus,
2376 2781 2502 2842 sicut

436 2897 722 2972 byssinis3
775 2896 867 2954 illi
899 2902 1100 2956 autem
1137 2899 1238 2973 qui
1273 2896 1562 2956 moralem
1597 2898 1789 2955 vitam
1823 2913 1898 2954 ex
1932 2896 2065 2955 sola
2100 2894 2321 2971 origine
2352 2887 2499 2942 natu-

431 2995 545 3054 rali
603 3003 884 3071 egerunt,
962 2999 1164 3057 vestiti
1223 3004 1521 3074 apparent
1588 2996 1920 3056 secundum
1981 2995 2160 3072 quale
2214 2993 2364 3070 eju83
2420 2975 2499 3054 <1¹1¹

433 3095 777 3172 polluerunt
836 3095 1000 3156 illam
1059 3097 1234 3157 malis
1297 3103 1357 3157 et
1416 3097 1584 3157 falsis
1600 3141 1617 3172 ,
1672 3096 1759 3156 illi
1808 3102 2105 3174 apparent
2160 3097 2221 3152 in
2267 3080 2497 3148 vestibus

433 3195 738 3265 obscuris,
791 3194 1036 3274 vilibus,
1089 3197 1305 3257 laceris
1343 3204 1405 3257 et
1442 3198 1521 3258 ad
1554 3205 1867 3274 aspectum
1901 3199 2104 3271 tetriS,
2160 3195 2232 3254 de
2267 3180 2495 3248 vestibus

433 3312 666 3371 corum,
721 3296 998 3356 videatur
1046 3298 1108 3355 in
1144 3295 1344 3373 Opere
1382 3296 1455 3358 de
1494 3296 1695 3357 Coeno
1731 3315 1811 3357 m·
1845 3295 2124 3356 Ins-nuno
2168 3313 2239 3354 n:
2282 3287 2399 3348 177
2436 3270 2495 3332 ad

439 3402 470 3456 1
489 3399 601 3457 82.
681 3396 829 3457 Inde
877 3413 1031 3456 nunc
1079 3402 1203 3467 est,
1254 3396 1416 3472 quod
1450 3399 1813 3457 vestimenta
1860 3399 1923 3456 in
1958 3395 2163 3457 Verbo
2208 3376 2493 3466 gignfficent

430 3515 578 3559 vera
613 3516 688 3559 ex
719 3498 875 3557 bono
893 3540 910 3571 ,
967 3514 1038 3556 ac
1073 3499 1132 3555 in
1169 3499 1447 3574 opposito
1482 3487 1666 3556 slnsu
1699 3496 1856 3557 falsa
1890 3513 1966 3556 ex
2000 3496 2187 3567 malo,
2238 3495 2296 3550 et
2324 3481 2414 3544 illa
2440 3475 2489 3531 ⁰⁸

430 3599 583 3659 haec
619 3601 678 3656 in
713 3596 972 3657 naturali
1003 3597 1274 3667 homine,
1309 3599 1370 3656 in
1408 3614 1523 3673 quo
1561 3611 1708 3656 vera
1742 3602 1802 3654 et
1835 3595 1991 3655 falsa
2022 3603 2305 3656 vocantur
2329 3579 2487 3641 scien·

429 3699 590 3760 tifica
642 3706 702 3760 et
737 3699 1126 3774 cognitiones,
1210 3696 1387 3773 Quod
1423 3698 1799 3757 Vestimenta
1848 3697 1911 3754 in
1952 3696 2157 3756 Verbo
2205 3673 2486 3765 significent

434 3818 584 3862 vera
630 3807 738 3860 aut
779 3798 967 3874 falsa,
1021 3798 1335 3858 manifeste
1389 3803 1666 3857 constare
1710 3800 1913 3873 potest
1958 3812 1995 3853 a
2028 3787 2385 3873 sequentibus
2410 3771 2484 3830 ¹15⁸

429 3901 610 3977 locis;
663 3899 830 3978 apud
852 3899 1097 3978 Esajam
1135 3895 1525 3974 „Excitoere,
1564 3894 1847 3958 excitare
1861 3939 1875 3968 ‚
1918 3892 2114 3956 indue
2146 3891 2321 3956 robur
2342 3883 2485 3940 tuum

433 3996 632 4072 Zion,
673 3999 869 4060 indue
919 3997 1134 4062 Vestes
1168 3996 1413 4058 decoris
1452 3996 1553 4058 tui
1577 3993 2053 4076 Hierosolyma,
2088 3989 2361 4074 quoniam
2384 3981 2480 4034 mm
2622 3967 2624 4084 1

429 4093 717 4174 amplius
752 4098 954 4157 veniet
987 4097 1078 4159 ad
1115 4104 1174 4159 te
1200 4097 1657 4176 praeputiatus
1690 4101 1751 4156 et
1802 4093 2217 4158 ἱπιπηιηοῑίιεα
2266 4079 2387 4146 ῙιῙῙε
2423 4071 2479 4138 ¹3

433 4193 584 4250 Zion
631 4195 691 4268 in
725 4193 928 4252 Verbo
975 4197 1268 4272 significat
1301 4197 1577 4272 Regnum
1612 4195 1893 4258 Goeleste
1926 4196 2193 4272 Domini,
2245 4193 2315 4249 ita
2354 4183 2469 4252 ‘1¹¹⁰‘
