2700 4792
445 361 556 420 m
864 353 1357 410 ΛΡοοΑιΥΡειε
1396 353 1835 412 EXPLICATA.
1913 353 1962 423 9.
2002 363 2127 416 1⁹0.

605 518 634 574 1
655 515 766 574 90.
846 513 1148 573 Memento
1181 514 1365 590 igitur
1400 513 1697 589 quomodo
1732 513 2047 589 acceperis
2084 518 2145 572 et
2178 513 2442 586 audieris,
2472 522 2529 574 et

442 615 704 676 observa
727 658 743 688 ,
817 612 980 690 quod
1041 611 1338 690 significet
1406 611 1880 674 recordationem
1944 612 2093 688 quid
2150 613 2427 673 Dominus
2480 617 2535 672 in

441 713 650 776 Verbo
699 713 902 789 docet,
961 717 1022 773 et
1067 715 1485 788 attentionem,
1544 719 1823 772 constare
1868 719 2079 791 potest
2129 731 2203 774 ex
2246 731 2341 789 eo,
2396 715 2535 791 quod

325 875 331 880 ,
440 817 500 874 in
537 816 776 892 scriptis
815 813 893 872 ad
925 813 1223 891 Angelum
1265 812 1447 891 hujus
1484 813 1795 873 Ecclesiae
1832 819 2056 892 agatur
2100 813 2177 873 de
2209 813 2326 872 illis
2360 816 2453 890 qui
2482 817 2535 872 in

439 915 650 974 morali
683 916 810 974 vita
857 920 918 974 et
959 931 1078 972 non
1124 915 1186 972 in
1233 913 1529 990 spirituali
1580 921 1750 987 sunt,
1807 912 1881 974 de
1914 913 2015 973 his
2064 921 2265 974 autem
2301 931 2447 973 nunc
2476 923 2535 972 ut

441 1016 556 1076 sibi
591 1021 940 1091 comparent
971 1014 1342 1090 spiritualem
1377 1016 1563 1072 vitam
1597 1021 1665 1073 ut
1696 1013 2041 1074 vivificetur
2074 1014 2343 1088 moralis,
2394 1014 2533 1091 quod

441 1115 812 1194 significatur
860 1131 972 1192 per
1015 1132 1154 1172 mox
1195 1113 1628 1192 praecedentia
1672 1114 1865 1175 verba
1935 1159 1975 1190 ‚,
1994 1116 2147 1174 Esto
2197 1116 2440 1192 vigilans
2485 1121 2536 1174 et

440 1215 725 1276 confirma
756 1215 988 1298 reliqua
1021 1216 1385 1290 moritura;“
1438 1232 1512 1273 ex
1549 1215 1765 1291 quibus
1802 1221 2084 1275 constare
2121 1221 2349 1292 potest,
2398 1213 2535 1290 quod

439 1335 552 1396 per
601 1361 640 1391 „
661 1315 964 1375 Memento
1009 1315 1192 1391 igitur
1235 1315 1533 1390 quomodo
1581 1317 1891 1392 acceperis
1928 1323 1991 1374 et
2030 1315 2299 1376 audieris
2346 1321 2402 1374 et
2443 1315 2535 1372 ob-

437 1421 658 1477 serva“
708 1415 1076 1494 significetur
1121 1414 1457 1474 recordatio
1512 1415 1655 1491 quid
1700 1416 1997 1474 Dominus
2032 1419 2097 1475 in
2134 1416 2339 1476 Verbo
2382 1414 2535 1474 docet

441 1525 505 1578 ct
549 1517 817 1576 attentio.
895 1515 1015 1575 Per
1065 1513 1391 1574 observare
1436 1514 1808 1592 significatur
1857 1519 2149 1592 attentio,
2223 1515 2408 1593 qualis
2455 1522 2533 1573 est

437 1617 560 1678 illis
597 1619 699 1694 qui
732 1618 795 1676 in
831 1616 1144 1675 affectione
1177 1617 1308 1674 veri
1341 1615 1641 1692 spirituali
1676 1622 1842 1689 sunt,
1880 1616 1945 1676 hi
1982 1619 2147 1676 enim
2184 1633 2320 1676 cum
2349 1615 2533 1691 legunt

439 1717 735 1791 Verbum,
797 1733 914 1793 non
960 1714 1167 1774 vident
1225 1715 1377 1776 illud
1426 1733 1500 1774 ex
1564 1716 1837 1776 doctrina
1888 1715 2213 1792 Ecclesiae
2266 1715 2365 1776 ubi
2410 1716 2531 1782 nati.

439 1816 552 1876 sed
584 1816 789 1875 vident
820 1815 971 1875 illud
1005 1819 1182 1892 quasi
1215 1818 1483 1894 separati
1518 1816 1595 1874 ab
1630 1816 1765 1891 illa,
1822 1834 1959 1874 nam
1996 1817 2215 1877 volunt
2250 1814 2527 1885 illustrari,

443 1923 506 1976 et
536 1918 698 1975 intus
744 1919 806 1974 in
841 1933 908 1975 se
943 1916 1150 1976 videre
1197 1934 1375 1992 vera,
1432 1924 1492 1975 et
1526 1934 1645 1976 non
1696 1917 1773 1976 ab
1811 1917 1975 1991 aliis;
2034 1921 2144 1994 qui
2189 1919 2249 1975 in
2288 1933 2357 1976 eo
2388 1919 2526 1973 statu

439 2023 609 2086 sunt,
657 2016 746 2075 illi
776 2015 1151 2075 illustrantur
1185 2034 1224 2075 a
1254 2017 1538 2091 Domino,
1596 2023 1657 2076 et
1692 2017 1867 2076 datur
1912 2017 2033 2076 illis
2074 2017 2399 2078 doctrinam
2430 2012 2526 2071 sibi

437 2117 640 2175 facere
691 2133 760 2176 ex
799 2116 988 2192 veris,
1042 2133 1198 2193 quae
1231 2119 1351 2195 ipsi
1384 2116 1619 2190 vident,
1675 2133 1831 2193 quae
1881 2119 2063 2178 etiam
2113 2119 2383 2178 doctrina
2422 2113 2521 2173 illis

439 2215 859 2294 implantatur,
909 2223 973 2276 ct
1005 2223 1208 2276 manet
1255 2220 1318 2276 in
1354 2219 1571 2294 spiritu
1606 2234 1814 2276 eorum
1846 2221 1909 2277 in
1944 2225 2295 2280 aeternum:
2350 2221 2406 2273 at
2436 2214 2521 2289 qui

439 2335 518 2376 ex
555 2316 848 2388 doctrina,
905 2335 1060 2396 quae
1099 2335 1176 2377 ex
1209 2317 1344 2376 aliis
1362 2363 1379 2392 ,
1434 2317 1644 2394 legunt
1676 2317 1977 2389 Verbum,
2016 2319 2109 2379 illi
2145 2337 2266 2378 non
2298 2317 2523 2396 possunt
2634 2351 2636 2368 2

233 2431 392 2495 [137]
429 2417 635 2478 videre
680 2433 826 2478 vera
891 2436 968 2478 ex
1007 2418 1146 2478 luce
1204 2419 1301 2476 sui
1345 2419 1593 2495 spiritus
1612 2461 1631 2487 ‚
1682 2420 1769 2477 ita
1826 2437 1945 2478 non
1990 2421 2159 2480 intus
2208 2422 2269 2479 in
2314 2433 2379 2476 se
2430 2411 2521 2472 sed

431 2525 602 2580 extra
637 2535 736 2590 se,
791 2521 1054 2596 cogitant
1089 2521 1247 2579 enim
1283 2519 1443 2595 quod
1478 2533 1689 2602 rerum
1724 2520 1803 2578 sit
1837 2521 1981 2597 quia
2012 2520 2120 2579 alii
2155 2520 2219 2581 id
2254 2518 2521 2581 viderunt,

431 2625 495 2681 ct
525 2619 662 2680 ideo
697 2619 888 2680 solum
924 2619 1002 2678 ad
1037 2618 1447 2680 confirmantia
1480 2619 1819 2694 attendunt,
1858 2626 2105 2701 caetera
2138 2622 2247 2686 vel
2272 2621 2516 2697 praeter-

430 2727 576 2781 eunt
627 2723 786 2781 sicut
831 2737 947 2780 non
984 2719 1257 2795 videant,
1312 2720 1415 2778 vel
1452 2718 1697 2778 trahunt
1746 2722 1808 2778 in
1841 2729 2076 2797 partem
2112 2721 2352 2782 illorum
2388 2729 2519 2792 quae

430 2820 618 2879 dictat
651 2821 974 2895 Doctrina3
1029 2821 1190 2896 quod
1224 2821 1283 2880 hi
1319 2819 1611 2878 illustrari
1644 2829 1977 2897 nequeant,
2035 2824 2293 2898 quisque
2340 2816 2517 2876 videre

427 2925 658 2996 potest,
711 2920 886 2980 modo
947 2924 1102 2980 enim
1155 2927 1456 2998 reponunt
1504 2920 1916 2980 confirmantia
1954 2923 2015 2980 in
2050 2923 2339 2982 memoria
2384 2929 2517 2993 quae
2630 2965 2632 3004 ἐ

429 3025 525 3078 est
557 3019 848 3081 naturalis
895 3023 990 3080 sui
1033 3022 1318 3097 hominis,
1376 3038 1452 3080 ex
1488 3037 1609 3096 qua
1658 3020 1796 3080 dein
1842 3020 2205 3100 loquuntur3
2257 3021 2389 3080 inde
2422 3019 2513 3085 est,

431 3118 590 3195 quod
639 3119 703 3178 hi
745 3127 1026 3180 maneant
1066 3123 1374 3182 naturales
1429 3123 1587 3180 sicut
1630 3123 1829 3198 priua,
1882 3128 1947 3182 et
1990 3140 2109 3182 non
2160 3123 2309 3184 fiant
2352 3116 2508 3196 spiri·

426 3219 652 3296 tuales;
701 3237 837 3280 nam
875 3222 1203 3299 spiritualis
1237 3222 1369 3282 fieri
1398 3227 1492 3282 est
1525 3221 1795 3281 imbuere
1829 3224 2029 3298 ipsum
2063 3240 2241 3282 suum
2268 3221 2511 3298 spiritum

427 3323 590 3380 veris
651 3337 726 3381 ex
782 3322 1018 3397 Verb03
1091 3329 1153 3381 et
1199 3324 1446 3399 spiritus
1492 3337 1611 3380 non
1654 3321 1939 3382 imbuitur
1984 3322 2190 3398 aliter,
2250 3337 2417 3398 quam
2456 3320 2511 3370 ut
2628 3321 2630 3325 ’

427 3421 731 3482 desideret
767 3425 922 3481 scire
958 3439 1168 3480 verum
1203 3423 1545 3500 ubicunque
1598 3429 1695 3482 est
1726 3423 1789 3480 in
1823 3422 2059 3497 Verbo,
2100 3440 2173 3482 ac
2210 3422 2509 3483 delectetur

427 3539 500 3583 eo
550 3540 690 3583 cum
739 3522 904 3583 videt
933 3523 1018 3594 'id
1067 3528 1127 3581 et
1176 3539 1311 3582 cum
1358 3523 1617 3599 percipit
1663 3522 1754 3592 id,
1806 3522 1960 3584 haec
2008 3522 2241 3584 affectio
2306 3525 2393 3580 est
2430 3512 2506 3572 af-

422 3623 604 3684 fectio
641 3625 768 3683 veri
816 3622 1176 3700 spirit-dalis,
1233 3623 1309 3683 de
1361 3640 1480 3700 qua
1515 3624 1694 3682 toties
1738 3625 1905 3698 prius
1958 3623 2181 3684 dictum
2217 3629 2323 3684 est.
2394 3615 2503 3676 Hoc

421 3741 580 3784 nunc
633 3730 754 3801 est,
831 3722 991 3802 quod
1051 3725 1114 3782 iu
1176 3741 1361 3783 sensu
1416 3723 1713 3800 spirituali
1771 3723 2120 3800 intelligitur
2166 3742 2278 3802 per
2341 3714 2501 3795 „Me-

419 3832 622 3886 mento
677 3823 972 3902 quomodo
1021 3826 1330 3900 acceperis
1382 3829 1443 3884 et
1493 3822 1756 3884 audieris
1774 3868 1791 3898 ,
1848 3832 1910 3882 et
1961 3823 2281 3884 observa.“
2353 3808 2499 3894 Quod

421 3929 714 4000 sapientis
763 3929 844 3986 sit
893 3923 1100 3985 vIdere
1153 3931 1214 3984 et
1259 3926 1577 4001 percipere
1621 3941 1831 3984 verum
1878 3941 1955 3982 ex
2001 3924 2138 3986 luce
2188 3922 2357 3994 coeli,
2400 3927 2499 3974 110n

423 4030 626 4083 autem
662 4026 1010 4085 confirmare
1048 4024 1205 4103 quod
1241 4024 1318 4085 ab
1347 4023 1481 4083 aliis
1510 4021 1732 4082 dictum
1760 4030 1871 4098 est,
1908 4023 2185 4084 videatur
2218 4043 2283 4082 n:
2316 4015 2492 4078 101⁷·

425 4125 642 4178 4741.
719 4127 928 4183 7012.
1003 4127 1212 4185 7680.
1283 4125 1494 4184 7950.
1596 4123 1773 4199 Quod
1832 4123 2037 4184 videre
2102 4132 2164 4184 et
2221 4120 2493 4201 percipere

395 4233 632 4279 'verum
671 4236 745 4276 ex
777 4220 917 4280 luce
949 4223 1104 4284 coeli
1137 4223 1334 4284 solum
1370 4224 1546 4283 detur
1582 4225 1743 4300 apud
1776 4224 1913 4284 illos
1950 4227 2052 4300 qui
2087 4229 2283 4284 amant
2316 4225 2489 4282 verum
