2700 4792
351 344 588 401 CAPUT
645 343 946 403 PRIMUM.
1382 363 1391 372 ·
1723 345 1940 402 VERS:
1986 355 2073 410 14.
2234 359 2305 412 73

165 506 378 586 Quod
416 506 634 582 Caput,
672 521 808 564 cum
845 503 920 564 de
941 504 1216 575 Domino,
1253 506 1332 564 sit
1356 505 1639 564 Divinum
1675 505 1737 562 in
1770 507 1993 582 primiS,
2034 513 2129 566 est
2164 509 2307 584 quia

163 609 400 687 Caput
439 613 534 667 est
570 621 917 681 supremum
949 604 1224 679 hominis,
1267 611 1327 662 et
1360 607 1421 664 in
1458 622 1529 664 eo
1566 613 1707 664 sunt
1738 608 1933 682 prima
1960 605 2107 682 ejuS,
2148 623 2305 684 quae

157 716 494 772 vocantur
544 707 875 783 principia,
939 722 1014 764 ex
1051 704 1268 781 quibus
1326 705 1671 764 derivantur
1714 706 1820 764 illa
1872 723 2029 784 quae
2064 707 2213 766 fiunt
2244 709 2307 766 in

162 827 449 889 corpore
466 828 482 885 ;
528 814 667 866 sunt
701 807 860 864 enim
891 806 954 863 in
995 805 1206 881 Capite
1241 805 1594 866 Intellectus
1632 813 1691 865 et
1726 806 2053 882 Voluntas,
2094 824 2131 864 a
2166 809 2303 884 qui-

166 916 314 974 bus
351 916 420 970 ut
454 925 492 966 a
525 909 653 966 suis
689 907 898 982 primis
936 921 1046 964 seu
1091 906 1399 982 principiis
1434 907 1625 964 fluunt
1658 906 1916 983 reliqua,
1978 923 2131 983 quae
2168 913 2308 966 sunt

163 1018 362 1074 vitae
399 1009 702 1068 ulterioris
732 1005 1022 1074 hominis,
1067 1012 1246 1082 prout
1276 1005 1523 1081 loquela
1558 1012 1621 1064 et
1646 1023 1851 1066 omnes
1888 1013 2079 1065 actuS.
2130 1006 2310 1083 Quod

171 1122 402 1174 autem
437 1107 690 1185 Capilli,
730 1123 863 1164 eum
899 1105 974 1166 de
1000 1105 1283 1180 Domino,
1340 1109 1461 1164 sint
1493 1105 1781 1164 Divinum
1821 1108 1883 1164 in
1920 1107 2172 1182 ultimis,
2214 1113 2307 1166 est

173 1217 342 1293 quia
377 1208 582 1287 capilli
617 1213 759 1266 sunt
805 1205 1046 1280 ultima,
1101 1205 1188 1264 illi
1241 1207 1400 1264 enim
1446 1213 1726 1266 crescunt
1776 1227 1849 1266 ex
1885 1206 2108 1267 ultimis
2146 1207 2308 1283 apud

167 1316 526 1379 hominem,
569 1315 630 1368 et
661 1309 722 1366 in
749 1305 882 1366 illos
913 1306 1192 1364 desinunt
1227 1309 1449 1383 prima,
1488 1315 1860 1383 quapropter
1896 1325 2033 1367 cum
2071 1307 2302 1380 dicitur,

179 1420 390 1490 caput
447 1417 510 1470 et
553 1407 783 1484 capilli,
844 1407 1262 1482 intelliguntur
1317 1410 1515 1482 prima
1562 1414 1623 1466 et
1670 1407 1903 1466 ultima.
2001 1407 2120 1483 Qui
2172 1409 2303 1482 scit,

191 1513 367 1591 quod
401 1511 592 1586 Caput
625 1507 921 1584 significet
967 1509 1164 1582 prima
1203 1514 1264 1565 et
1300 1506 1517 1582 Capilli
1562 1507 1771 1566 ultima
1816 1509 1993 1568 etiam
2028 1510 2091 1565 in
2124 1509 2306 1584 spiri-

189 1613 496 1688 tualibus,
541 1615 600 1668 et
635 1607 798 1684 quod
831 1609 1025 1684 prima
1061 1613 1121 1665 et
1154 1606 1365 1664 ultima
1398 1607 1733 1682 significent
1768 1610 1990 1682 omnia,
2030 1615 2307 1683 utsupra

178 1733 268 1773 n:
314 1717 396 1772 41
461 1717 770 1771 ostensum
811 1714 934 1776 est,
987 1709 1143 1766 scire
1197 1713 1405 1782 potest
1455 1706 1632 1784 plura
1677 1725 1897 1767 arcana
1942 1724 2155 1768 sensus
2210 1711 2306 1766 in-

169 1816 374 1887 terni,
413 1811 516 1871 ubi
549 1809 658 1868 illa
689 1811 1111 1882 nominantur3
1147 1814 1333 1883 prout
1362 1808 1525 1883 quod
1560 1807 1893 1868 Naziraeus
1926 1827 2045 1868 non
2071 1808 2313 1869 raderet

175 1931 426 1975 comam
461 1911 676 1988 capitis
713 1910 834 1983 sui,
875 1912 1018 1984 quia
1043 1907 1178 1976 illa,
1217 1913 1285 1965 ut
1319 1906 1564 1982 dieitur,
1606 1915 1735 1966 erat
1759 1908 2157 1968 Naziraeatus
2193 1909 2311 1969 Dei

175 2032 380 2091 super
429 2013 628 2087 capite
669 2011 832 2088 eJUS,
897 2015 958 2067 et
993 2007 1154 2084 quod
1195 2007 1490 2067 absolutis
1528 2008 1740 2068 diebus
1778 2008 2095 2068 abraderet
2126 2007 2309 2078 illam;

183 2122 258 2174 et
311 2093 722 2184 consecraret,
792 2108 985 2168 Num:
1043 2107 1162 2166 VI:
1221 2111 1248 2165 1
1305 2108 1384 2166 ad
1432 2111 1545 2167 21.
1638 2109 1791 2167 Tum
1840 2107 2000 2184 quod
2050 2108 2311 2169 Simsoni

177 2221 360 2275 esset
398 2212 586 2271 robur
620 2211 683 2268 in
727 2208 994 2286 capillis,
1065 2214 1124 2266 et
1159 2209 1321 2284 quod
1356 2208 1475 2267 illis
1514 2208 1745 2269 abrasis
1780 2211 1977 2268 sactus
2018 2212 2097 2268 sit
2138 2210 2305 2268 infir·
2348 2215 2471 2276 [53]

173 2330 356 2389 mus,
417 2319 478 2372 et
511 2311 630 2370 illis
671 2308 1197 2369 succrescentibus
1234 2310 1467 2368 veniret
1498 2310 1560 2368 in
1595 2309 1805 2385 robur,
1837 2308 2075 2369 ‘Judicz
2120 2310 2304 2370 XVI:

183 2417 222 2472 1
245 2416 284 2474 3
326 2413 404 2471 ad
436 2412 552 2470 fin:
637 2410 792 2471 'llum
829 2409 991 2486 quod
1027 2409 1425 2486 quadraginta
1460 2410 1577 2468 duo
1630 2413 1805 2485 pueri
1848 2411 2133 2486 discerpti
2167 2411 2305 2470 fue-

176 2515 314 2570 rint
349 2511 426 2568 ab
461 2511 648 2583 ursis,
701 2511 842 2584 quia
876 2509 1206 2568 illuserunt
1229 2508 1471 2570 Elisaeo
1510 2517 1795 2569 vocantes
1832 2509 1999 2568 illum
2037 2509 2307 2579 Calvum,

174 2611 257 2670 ΙΙ
287 2610 453 2687 Reg:
492 2609 586 2669 11:
631 2610 742 2667 23.
791 2610 902 2666 24.
990 2609 1070 2670 Ut
1109 2615 1170 2668 et
1206 2610 1367 2686 quod
1409 2607 1573 2668 Elias
1610 2609 1853 2668 indutus
1890 2609 2088 2668 suerit’
2103 2611 2307 2668 tunica

176 2711 416 2788 pilosa,
465 2709 532 2769 H
556 2709 721 2786 Reg:
759 2709 820 2767 1:
865 2709 942 2782 83
999 2715 1058 2766 et
1093 2708 1406 2769 Johannes
1440 2710 1723 2786 Baptista·
1751 2708 1891 2786 pilis
1918 2708 2299 2784 camelorum,

179 2812 387 2871 Mare:
437 2811 499 2870 1:
559 2813 619 2869 6.
689 2809 768 2866 Et
817 2815 1162 2884 praeterea,
1222 2811 1368 2886 quid
1403 2810 1739 2885 significant
1782 2809 2004 2886 Caput,
2066 2806 2299 2884 Capilli,

179 2911 418 2986 Barba,
461 2917 524 2971 et
551 2910 904 2982 Calvitium,
945 2907 1048 2968 ubi
1083 2911 1465 2969 nominantur
1487 2912 1549 2968 in
1577 2909 1799 2969 Verbo·
1860 2909 2059 2985 Quod
2088 2907 2297 2970 Nazi-

177 3029 378 3071 raeua
409 3028 534 3070 non
568 3009 823 3070 raderet
857 3026 1136 3091 coptam,
1171 3009 1325 3088 quia
1360 3007 1513 3080 illa,
1562 3015 1636 3072 ut
1672 3007 1941 3086 dicitur,
1980 3015 2127 3073 erac·
2150 3009 2297 3071 Na-

182 3109 514 3170 ziraeatus
555 3109 696 3169 Dei
727 3127 920 3188 super
955 3108 1164 3186 capite
1195 3108 1333 3191 ejus
1347 3129 1377 3182 ;
1426 3116 1487 3172 et
1524 3109 1691 3189 quod
1724 3109 2041 3172 absolutis
2076 3109 2299 3172 diebus
2374 3175 2379 3179 ,

185 3207 522 3268 abraderet
555 3206 767 3285 illam,
808 3213 869 3269 et
905 3214 1314 3280 consecraret,
1351 3217 1480 3270 erat
1515 3214 1655 3286 quia
1681 3211 2013 3271 Naziraeus
2048 3229 2299 3289 reprae-

187 3307 476 3368 sentabat
507 3309 828 3369 Dominum
863 3311 925 3366 in
953 3311 1160 3385 primis
1201 3317 1262 3369 et
1287 3312 1345 3368 in
1375 3311 1625 3381 ultimis,
1674 3328 1747 3370 ac
1776 3313 2061 3371 Divinum
2096 3311 2299 3387 Ipsius

181 3410 250 3466 in
286 3409 512 3473 ultimis
553 3416 684 3468 erat
716 3411 1062 3470 Humanum
1103 3409 1306 3484 Ipsius
1319 3455 1334 3484 ,
1404 3411 1562 3486 quod
1596 3410 1881 3469 Divinum
1929 3411 2071 3470 fecit
2104 3427 2300 3486 usque

185 3508 264 3568 ad
291 3526 530 3568 carnem
569 3518 630 3569 et
665 3527 836 3585 ossa,
875 3526 1032 3586 quae
1061 3515 1200 3568 sunt
1229 3509 1443 3570 ultima
1454 3528 1471 3584 3
1513 3508 1674 3586 quod
1710 3527 1901 3586 usque
1938 3510 2015 3567 ad
2052 3525 2297 3567 carnem

184 3614 246 3667 et
291 3625 465 3683 ossa,
519 3616 690 3686 patet
725 3627 802 3669 ex
837 3627 944 3680 eo,
997 3607 1156 3685 quod
1196 3610 1342 3668 nihil
1391 3613 1452 3668 in
1494 3610 1817 3687 sepulchro
1852 3607 2193 3684 reliquerit,
2238 3614 2301 3666 et

181 3708 345 3784 quod
378 3709 520 3785 Ipse
569 3709 648 3768 ad
683 3709 1010 3786 discipulos
1049 3709 1295 3782 dixerit,
1349 3708 1518 3789 quod
1545 3706 1813 3768 earnem
1855 3713 1915 3766 et
1966 3706 2137 3768 Ossa
2180 3705 2300 3768 ha·-

183 3806 375 3883 beret,
429 3827 587 3887 quae
632 3829 757 3869 non
805 3808 1106 3888 spiritus,
1173 3809 1332 3868 Luc:
1400 3809 1648 3869 XXIV:
1720 3811 1830 3869 39.
1877 3808 2001 3866 4οε
2059 3813 2119 3866 et
2162 3825 2300 3868 cum

182 3904 392 3981 Ipsum
428 3909 722 3970 Divinum
759 3911 938 3968 etiam
973 3911 1035 3966 in
1069 3909 1291 3968 ultimis
1329 3917 1425 3970 est
1452 3910 1761 3984 Divinum,
1804 3917 1943 3968 tunc
1982 3926 2057 3969 ex
2091 3911 2297 3986 primis

184 4021 294 4078 per
328 4006 539 4066 ultima
573 4012 730 4086 regit
765 4011 980 4082 omnia,
1019 4014 1087 4066 ut
1114 4017 1393 4070 constare
1428 4015 1630 4086 potest
1658 4028 1733 4068 ex
1768 4009 1887 4068 illis
1916 4027 2073 4086 quae
2105 4025 2297 4088 supra

182 4120 251 4160 n:
311 4108 395 4166 41
445 4107 606 4168 dicta
641 4117 702 4168 et
750 4115 998 4170 ostensa
1043 4117 1217 4184 sunt,
1275 4110 1566 4186 imprimis
1606 4125 1680 4168 ex
1715 4109 1835 4167 illis
1874 4127 2029 4185 quae
2066 4111 2125 4167 in
2162 4110 2294 4168 An-

190 4219 360 4264 came
400 4205 818 4270 Geumi-mus
856 4209 1040 4269 allata
1068 4217 1235 4283 sunt3
1275 4209 1435 4284 quod
1470 4224 1685 4283 nempe
1718 4209 2015 4267 Interiora
2042 4224 2295 4266 succes·-
