2700 4792
275 373 503 429 CAPUT
543 371 884 430 TERTIUM.
1642 373 1824 428 VERS
1843 393 1857 426 ε
1904 382 1956 435 5.
2168 386 2279 438 803

191 537 342 594 etiam
375 535 556 606 haec,
623 535 766 608 quis
799 549 908 608 per
943 530 1185 592 Patrem
1231 533 1294 591 in
1328 549 1517 592 sensu
1548 535 1782 594 interno
1818 551 1931 594 seu
1978 537 2280 611 spirituali

188 635 505 710 intelligitur
553 632 834 693 Divinum
879 631 1112 692 Bonum
1134 675 1150 701 ,
1202 637 1264 692 et
1307 650 1419 709 per
1452 633 1666 694 Filium
1704 635 1990 694 Divinum
2026 635 2274 713 Verum,

187 743 478 811 utrumque
513 736 575 792 in
601 734 859 792 Domino
897 741 958 792 et
993 750 1028 792 a
1050 733 1340 809 Domin03
1378 734 1646 793 Verbum
1682 739 1839 795 enim
1875 740 2281 814 conscriptum

185 843 266 896 est
295 853 399 912 per
434 834 1044 910 correspondentias,
1091 835 1178 893 ita
1225 841 1348 892 tam
1391 853 1501 911 pro
1546 835 1885 896 hominibus
1934 855 2114 913 quam
2165 856 2277 914 pro

187 937 407 1012 Angelis
426 979 448 1010 ,.
499 935 636 994 ideo
667 935 852 994 Pater
887 934 1134 1004 dicitur,
1183 941 1252 992 ut
1302 933 1587 994 Divinum
1636 935 1873 995 Bonum
1907 937 2149 996 Domini
2200 938 2299 997 ab.

181 1037 406 1114 Angelis
459 1037 564 1112 qui
607 1037 668 1094 in
719 1051 904 1094 sensu
953 1033 1251 1110 spirituali
1295 1035 1481 1094 Verbi
1530 1042 1695 1109 sunt,
1735 1038 2133 1112 percipiatur,
2206 1053 2278 1097 ac

179 1139 302 1196 ideo
331 1136 517 1196 Filius
545 1137 664 1195 Dei
701 1143 762 1194 et
797 1135 986 1194 Filius
1022 1134 1276 1194 hominis
1315 1135 1530 1197 dicitur
1549 1179 1565 1208 ,
1602 1143 1673 1194 ut
1705 1137 1992 1198 Divinum
2016 1137 2276 1198 Ver-um:

180 1245 239 1296 ut
279 1243 546 1300 constare
607 1243 810 1312 potest
863 1253 938 1296 ex
995 1234 1120 1306 hie,
1195 1253 1349 1312 quae
1410 1239 1471 1294 in
1520 1237 1799 1296 Ancmts
1855 1237 2275 1300 Connnsrmus

177 1344 402 1397 ostensa
435 1343 614 1406 sunt,
663 1353 908 1412 nempe,
951 1335 1127 1413 Quod
1159 1336 1342 1397 Pater
1374 1339 1436 1396 in
1464 1336 1665 1396 Verbo
1702 1339 1999 1414 significet
2031 1337 2273 1414 bonum,

173 1457 243 1498 n:
284 1441 490 1498 3703.
537 1439 744 1498 5902.
793 1438 1003 1496 6050.
1047 1438 1254 1496 7833.
1303 1438 1512 1496 7834.
1572 1438 1747 1514 Quod
1770 1439 1955 1498 Pater
1983 1439 2278 1517 significet

173 1539 494 1598 Ecclesiam
531 1537 728 1614 quoad
761 1537 1011 1607 bonum,
1063 1539 1148 1596 ita
1183 1537 1405 1596 bonum
1438 1538 1751 1598 Ecclesiae
1772 1583 1789 1614 ,
1830 1546 1889 1598 et
1924 1539 2119 1599 Mater
2152 1540 2274 1599 Ec·-

173 1639 405 1699 clesiam
443 1637 642 1716 quoad
667 1655 906 1710 verum,
947 1640 1032 1696 ita
1057 1655 1266 1696 verum
1293 1638 1639 1707 Ecclesiae,
1693 1658 1769 1698 n:
1804 1643 2017 1700 2691.
2062 1644 2193 1699 271
2216 1643 2273 1698 7.

179 1741 376 1798 3703.
439 1741 652 1798 5581.
709 1740 920 1798 8897.
991 1737 1168 1814 Quod
1216 1739 1511 1798 Dominus
1574 1739 1932 1814 apellaverit
1992 1739 2276 1800 Divinum

173 1840 392 1899 Bonum
429 1839 592 1916 quod
625 1841 685 1896 in
723 1837 802 1898 Se
839 1857 875 1896 a
909 1841 1330 1915 concept-ione,
1388 1845 1449 1897 et
1484 1839 1645 1917 qued
1680 1848 1809 1900 erat
1842 1841 1995 1900 Esse
2044 1843 2203 1900 vitae
2240 1859 2279 1900 a

171 1959 279 2017 qno
305 1941 645 2000 Humanum
673 1955 888 2008 suum,.
913 1939 1172 2013 Patrem,
1209 1958 1278 1998 n:
1315 1941 1529 2000 2803.
1567 1943 1775 2000 3704.
1816 1943 2024 2000 7499.
2062 1930 2271 2002 8328.

178 2043 376 2100 8897.
459 2040 636 2115 Quod
671 2040 962 2098 Dominus
1010 2056 1118 2115 pro
1155 2039 1332 2099 Patre
1370 2048 1733 2116 agnoscatur
1765 2044 1827 2100 in
1864 2041 2077 2116 Coelo,
2132 2045 2277 2118 quia

173 2157 340 2200 unum
377 2150 547 2212 sunt,
596 2157 672 2197 n:
723 2143 827 2198 15.
877 2143 904 2198 l
927 2142 1083 2198 729.
1132 2141 1342 2200 3690.
1426 2140 1602 2216 Quod
1638 2143 1811 2200 etiam
1848 2143 2141 2202 Dominus
2178 2143 2273 2202 di-

173 2249 330 2301 catur
379 2243 566 2300 Pater
607 2243 667 2300 in
703 2240 935 2314 Verbo,
987 2259 1053 2299 n:
1112 2241 1321 2301 2005.
1402 2241 1579 2316 Quod
1632 2243 1810 2300 etiam
1854 2241 2150 2302 Dominus
2198 2245 2277 2302 sit

170 2343 340 2402 Pater
373 2343 494 2402 illis
543 2344 642 2416 qui
679 2347 1133 2417 regenerantur,
1192 2345 1472 2417 quoniam
1528 2359 1743 2400 novam
1780 2345 1963 2402 vitam
2000 2343 2076 2401 ab
2110 2343 2275 2419 Ipso,

169 2460 238 2500 ac
271 2444 452 2502 vitam
483 2443 684 2520 Ipsius
732 2443 1064 2518 accipiunt,
1119 2460 1186 2500 n:
1243 2443 1455 2502 2293.
1516 2442 1723 2500 3690.
1794 2443 2004 2501 6492.
2100 2441 2277 2519 Quod

173 2542 357 2600 Filius
389 2543 504 2601 Dei
541 2549 601 2600 et
627 2543 816 2602 Filius
853 2541 1108 2601 hominis
1145 2545 1225 2602 sit
1256 2543 1552 2602 Dominus
1590 2541 1789 2618 quoad
1822 2541 2109 2600 Divinum
2136 2542 2272 2601 Hu-

171 2658 403 2700 manum
451 2651 507 2701 et
545 2642 743 2719 quoad
777 2643 1110 2718 procedens
1145 2642 1433 2701 Divinum
1473 2643 1723 2715 Verum,
1778 2641 2055 2700 videatur
2089 2657 2277 2718 supra

167 2761 234 2802 n:
277 2745 382 2804 63.
430 2746 585 2802 151.
641 2746 798 2802 166.
870 2743 1044 2802 Nunc
1093 2745 1234 2819 quia
1283 2761 1489 2802 omnes
1538 2745 1735 2819 quiin
1770 2741 2001 2802 coelum
2037 2744 2273 2801 venturi
2314 2753 2474 2818 [003]

169 2851 328 2915 sunt,
382 2847 446 2904 in
495 2850 772 2920 utroque,
799 2842 1124 2902 tam‘bono
1176 2860 1355 2919 quam
1402 2861 1544 2904 vero
1596 2842 1817 2903 debent
1861 2857 2030 2917 esse,
2095 2859 2271 2902 nemo

171 2947 313 3003 enim
352 2948 416 3004 in
454 2961 572 3002 nno
607 2951 810 3020 potest
847 2959 982 3004 esse
1017 2946 1134 3002 nisi
1168 2945 1344 3003 simul
1379 2946 1441 3002 in
1476 2944 1696 3017 altero,
1742 2961 1881 3002 nam
1918 2942 2142 3002 bonum
2182 2951 2275 3004 est

172 3061 296 3104 esse
333 3047 496 3118 veri,
554 3054 614 3104 et
649 3061 855 3104 verum
907 3049 1005 3104 est·
1051 3046 1310 3104 existere
1346 3045 1517 3118 boni,
1577 3053 1637 3104 et
1672 3046 1814 3121 quia
1857 3043 2039 3103 Pater
2086 3045 2273 3122 signi-

170 3144 297 3204 ficat
329 3147 616 3204 Divinum
652 3145 919 3214 Bonum,
975 3161 1044 3203 ac
1080 3145 1299 3220 Angeli
1337 3145 1674 3220 significant
1706 3141 1993 3204 Divinum
2027 3145 2275 3218 Verum,

171 3253 480 3321 utrumque
531 3264 568 3304 a
615 3247 902 3314 Domino,
965 3245 1100 3304 ideo
1155 3245 1371 3304 dicitur
1421 3290 1459 3320 „
1485 3245 1827 3306 Confitebor
1878 3263 2095 3307 nomen
2146 3247 2277 3324 ejus

173 3361 368 3403 eoram
400 3347 578 3404 Patre
619 3353 680 3406 et
713 3363 915 3406 coram
949 3345 1200 3422 Angelis
1237 3346 1465 3422 Εῇιιειςα
1500 3346 1775 3407 similiter
1810 3348 1971 3422 apud
1997 3348 2279 3423 Evange-

171 3443 334 3504 listas
364 3435 636 3521 „Omnis
655 3445 769 3526 qui
785 3444 1297 3526 confitebiturMe
1313 3465 1527 3507 coram
1545 3445 1920 3519 hominibus,
1951 3445 2279 3525 confitebor

167 3543 306 3626 Eyo
359 3565 575 3608 coram
609 3545 811 3608 Patre
859 3563 990 3608 meo
1046 3545 1158 3624 qui
1190 3553 1284 3608 eet
1319 3547 1391 3608 in
1432 3543 1639 3608 Coeles
1662 3550 1698 3582 ί(
1762 3545 1992 3606 Matth:
2029 3544 2117 3602 X:
2160 3545 2271 3604 32.

171 3645 442 3718 „Omnis
479 3647 590 3726 qui
630 3649 958 3728 confessus
981 3646 1194 3725 fuerit
1229 3645 1338 3707 lise
1390 3665 1603 3708 coram
1639 3643 1997 3706 hominibus
2010 3687 2025 3718 ,
2080 3641 2277 3704 etiam

165 3742 382 3810 Filius
443 3747 720 3808 hominis
775 3746 1166 3828 confitebitur
1219 3745 1411 3808 illum
1472 3764 1685 3807 coram
1744 3739 2015 3821 Anyelis
2068 3741 2210 3802 Dei
2234 3745 2270 3778 “

169 3843 310 3908 Luc:
351 3849 510 3910 X11=
555 3851 616 3910 8.
673 3849 830 3924 Quia
863 3848 1369 3926 Pater-significat
1403 3847 1687 3906 Divinum
1722 3844 1985 3917 Bonum,
2032 3849 2105 3901 'et
2140 3841 2272 3900 An-

169 3948 278 4020 geli
319 3950 612 4013 Divinum
651 3950 906 4024 Verum,
985 3947 1120 4010 ideo
1169 3951 1348 4008 etiam
1398 3945 1688 4006 Dominus
1738 3944 1880 4004 dicit
1935 3987 1972 4018 „
1998 3940 2273 4020 Quando

169 4044 384 4112 Filius
421 4049 700 4112 hominis
739 4048 976 4112 venerit
1010 4049 1081 4112 in
1112 4045 1332 4128 ,qloria
1360 4065 1489 4108 sua
1503 4091 1517 4119 ,
1559 4043 1793 4106 Patris
1826 4049 1887 4105 et
1912 4048 2276 4106 sanctorum

169 4148 602 4230 Anqelomm“
657 4151 816 4210 Luc:
853 4150 966 4210 IX:
1012 4153 1123 4209 26.
1176 4148 1405 4209 Matth:
1442 4147 1629 4207 XVI-z
1674 4151 1793 4222 273
1846 4146 1945 4207 hic
1978 4147 2277 4208 Dominus
2336 4217 2340 4222 ,

169 4259 332 4312 vocat
372 4253 621 4330 gloriam
659 4270 860 4328 suam,
903 4251 1152 4328 gloriam
1186 4251 1385 4310 Patris
1426 4255 1485 4309 et
1520 4248 1917 4326 Angelorum,
1956 4267 2095 4308 nam
2134 4249 2280 4308 dicit

1095 4382 1348 4566 f

1093 4553 1117 4578 ,γ’
1169 4545 1219 4576 9,)
1253 4556 1280 4578 “,“
1410 4567 1413 4570 ’

1171 4573 1260 4596 ztir·

1109 4607 1116 4631 l

1119 4649 1128 4666 ἱ

1133 4679 1144 4693 Χ

1748 4664 1759 4686 a

1568 4743 1616 4753 ,.,
1690 4690 1769 4754 ff
