2700 4792
337 371 576 434 CAPUT
611 376 910 432 PRIMUM.
1708 375 1921 430 VERS:
1964 385 2059 438 13.
2218 390 2287 440 67

166 539 402 602 υθηίὲ(ί
439 537 587 598 VII:
634 541 663 595 1
683 539 742 597 3..
801 535 960 612 Quia
995 552 1168 595 omne
1194 535 1490 612 judicium
1521 534 1589 594 fit
1632 551 1709 596 ex
1744 533 1925 612 Vero,
1960 535 2099 596 ideo
2134 537 2291 600 dici-

167 651 296 716 tur,
351 635 570 718 „quod
602 636 834 698 datum
863 634 958 696 eit
1007 633 1294 696 Domino
1327 633 1661 716 judicium
1682 635 1927 714 facere,
1980 636 2136 715 quia
2166 636 2292 700 Fi·-

165 739 316 802 lius
351 737 628 799 hominio
675 739 838 796 est“·
868 736 1022 796 Joh:
1061 735 1150 794 V:
1193 739 1302 794 27.
1356 733 1455 794 Et
1510 733 1721 814 „quod
1754 733 1978 798 Filius
2011 736 2291 801 hominio

167 839 404 903 reddet
445 837 784 916 unicuique
825 834 1168 896 secundum
1203 835 1395 914 sacta
1441 836 1610 895 suast
1660 835 1881 896 Matth:
1936 837 2118 898 XVI:
2174 842 2211 898 2
2228 845 2260 898 7
2273 885 2288 898 .

169 941 278 1002 Et
327 957 521 1014 „cum
564 942 864 998 venturae
923 933 1148 996 Filius
1193 931 1473 1001 hominio
1487 981 1500 1004 ,
1558 933 1794 996 sedebit
1838 955 2029 1016 super
2070 936 2291 998 throno

170 1039 432 1122 ylariae
483 1057 662 1112 cuae,
735 1043 794 1096 ct
825 1035 1296 1118 judicaturu⁸“
1350 1035 1573 1094 Matth:
1630 1034 1848 1096 XXV:
1904 1040 2021 1098 31.
2110 1038 2295 1115 Apud

173 1140 557 1202 Matthaeum
593 1182 632 1213 „
645 1137 782 1213 Qui
807 1135 1078 1196 seminat
1101 1134 1327 1196 bonum
1354 1153 1587 1206 semen,
1623 1141 1718 1194 eat
1742 1133 1963 1198 Filius
1996 1135 2293 1212 hominis,

175 1260 344 1320 ayer
394 1243 490 1298 eet
541 1235 820 1298 mundus
832 1282 850 1312 ,
922 1255 1130 1296 semen
1179 1240 1330 1296 sunt
1374 1231 1515 1316 filii
1562 1235 1775 1316 requi,
1834 1237 2095 1298 zizania
2144 1243 2296 1300 eunt

166 1339 319 1423 filii
342 1336 551 1399 mali“
590 1337 778 1396 XIII:
824 1339 907 1397 37
922 1383 934 1395 .
972 1339 1092 1412 383
1129 1335 1355 1394 bonum
1380 1353 1587 1396 semen
1616 1343 1707 1396 est
1734 1336 1959 1396 Verum
1986 1339 2304 1418 Divinum,

184 1442 332 1500 ideo
369 1439 586 1498 dicitur
621 1437 780 1515 quod
814 1437 1002 1497 Filius
1051 1437 1306 1496 hominis
1355 1435 1417 1494 id
1461 1439 1745 1513 seminet,
1808 1437 1913 1498 filii
1947 1441 2117 1515 regni
2156 1446 2295 1498 sunt

191 1557 346 1600 vera
376 1538 594 1597 Divina
619 1541 681 1597 in
719 1537 902 1598 Coelo
940 1544 1000 1596 et
1033 1535 1340 1612 Ecclesia3
1394 1537 1553 1595 filius
1590 1539 1745 1596 enim
1782 1546 1876 1596 est
1920 1555 2159 1615 verum,
2218 1557 2291 1598 n:

189 1641 360 1699 489.
399 1641 560 1698 491.
598 1639 760 1699 533.
807 1624 1016 1697 1147.
1062 1639 1272 1712 2623,
1315 1639 1483 1696 acin
1520 1640 1795 1713 opposito
1836 1655 2022 1698 sensu
2056 1641 2293 1714 falsum,

183 1738 352 1826 quod
393 1740 574 1799 etiam
612 1745 706 1798 est
747 1737 906 1796 filius
945 1737 1106 1796 mali.
1187 1729 1367 1814 Apud
1400 1736 1673 1796 Eundem
1713 1735 1983 1813 „Filius
2014 1738 2297 1801 hominio

181 1859 314 1901 non
346 1839 530 1899 habet
562 1839 674 1898 ubi
695 1843 886 1916 caput
922 1835 1230 1898 inclinet“
1268 1837 1421 1897 VIII
1440 1857 1453 1896 :
1498 1841 1586 1897 20
1603 1857 1619 1912 3
1665 1855 1775 1914 pro
1812 1839 1971 1920 quod
2005 1840 2295 1900 Divinum

181 1942 418 2001 Verum
456 1957 575 1998 non
609 1938 861 1999 haberet
893 1939 1090 1998 locum
1127 1937 1312 2012 ullibi,
1344 1953 1455 1998 seu
1492 1937 1655 2015 apud
1680 1938 1867 1998 ullum
1895 1939 2192 2000 hominem
2222 1957 2293 2000 eo

181 2051 478 2118 tempore.
558 2083 598 2114 „
612 2037 804 2114 Quod
846 2036 1070 2099 Filius
1103 2037 1383 2098 hominio
1406 2053 1731 2116 paoem-tte
1766 2044 1928 2098 esset
1961 2043 2021 2098 et
2054 2039 2295 2100 occide-

179 2143 416 2203 retur“
477 2139 704 2199 Matth:
756 2139 969 2200 XVII:
1027 2142 1137 2197 12.
1194 2143 1307 2198 22.
1401 2137 1555 2214 Cap:
1606 2138 1852 2198 XXVI:
1897 2144 1957 2198 2.
2018 2144 2129 2200 24.
2176 2142 2291 2200 45.

182 2243 384 2302 Maro:
435 2239 614 2299 VIII:
673 2242 785 2300 31.
867 2239 1022 2318 Cap:
1060 2239 1187 2298 IX:
1233 2242 1342 2298 12.
1388 2241 1467 2302 31
1497 2283 1513 2310 ‚
1565 2239 1940 2314 significabat
1999 2242 2159 2318 quod
2208 2243 2297 2300 ita

182 2361 328 2404 eum
362 2341 582 2399 Divino
618 2340 782 2399 Vero
819 2342 1014 2400 acturi
1063 2346 1296 2409 essent,
1353 2341 1603 2416 proinde
1656 2357 1790 2398 cum
1834 2340 2123 2415 Domino,
2170 2341 2297 2417 Qui

185 2448 328 2502 erat
369 2440 586 2516 Ipsum·
627 2441 910 2498 Divinum
960 2440 1186 2500 Verum
1204 2460 1220 2516 3
1282 2440 1443 2518 >quod
1490 2443 1671 2499 etiam
1718 2439 1859 2515 Ipse
1906 2441 2081 2500 docet
2132 2441 2295 2516 apud

185 2542 424 2600 Lucam
477 2535 730 2611 „Prius
775 2544 1011 2616 oportet
1049 2537 1305 2611 Filium
1343 2539 1621 2600 hominis
1665 2539 1835 2617 pati,
1880 2545 1939 2600 et
1972 2539 2299 2618 reprobam·

187 2660 236 2701 a
269 2637 690 2700 Generatim
720 2637 884 2699 Μαί(
919 2639 1128 2700 XVII:
1171 2643 1280 2700 25.
1363 2640 1543 2716 Apud
1578 2639 1905 2698 Jeremiam
1944 2638 2139 2714 „Non
2180 2637 2299 2700 ha-

187 2738 422 2802 bitabit
446 2737 540 2799 ibi
563 2737 682 2813 vir,
719 2757 828 2800 nec
852 2741 1336 2802 commorabitur
1361 2739 1454 2800 iba·
1476 2736 1668 2820 filius
1700 2737 2023 2798 homini8“
2052 2737 2294 2800 XLIX:

197 2844 310 2901 18.
356 2841 480 2902 33:
551 2846 612 2899 et
647 2840 808 2916 apud
854 2840 1123 2900 Eundem
1178 2840 1308 2916 „In
1354 2839 1611 2902 urbibus
1660 2857 1786 2899 non
1834 2837 2145 2901 habitabit
2196 2838 2299 2902 vir
2338 2840 2459 2905 [49]

192 2938 390 3011 ullu-9,
422 2957 615 3018 neque
650 2940 953 3002 transibit
978 2959 1102 3019 per·
1138 2959 1249 3002 cao
1272 2940 1466 3022 filiu-9
1499 2937 1825 3000 hominist
1861 2939 1970 3000 LI:
2012 2943 2139 3017 433
2196 2943 2301 3019 qul

189 3059 314 3101 non
357 3044 472 3100 seit
516 3040 708 3101 Verbi
753 3057 995 3100 sensum
1048 3043 1453 3118 spiritualem,
1520 3042 1733 3102 credet
1759 3042 1919 3118 quod
1960 3060 2072 3120 per
2117 3042 2297 3103 urbes

193 3141 296 3200 hic
331 3141 741 3217 intelligantur
776 3141 986 3215 urbest,
1041 3148 1102 3199 et
1143 3159 1256 3219 per
1303 3142 1499 3201 virum
1549 3141 1777 3219 perque
1822 3140 2009 3202 filium
2042 3143 2299 3204 hominis

193 3243 291 3300 vir
341 3247 401 3300 et
432 3239 616 3309 illiue,
665 3259 736 3302 ac
773 3241 934 3318 quod
968 3241 1152 3302 urbes
1199 3245 1288 3302 sic
1321 3243 1771 3318 desolarentur,
1810 3250 1893 3314 ,ut
1938 3244 2138 3304 nullus
2180 3243 2299 3318 ibi3

193 3339 304 3402 sed
343 3347 436 3400 est
477 3347 666 3400 status
701 3342 1015 3402 Ecclesiae
1067 3342 1266 3419 quoad
1299 3342 1630 3402 doctrinam
1674 3345 1833 3418 veri,
1889 3347 1993 3421 qui
2038 3362 2149 3421 per
2194 3343 2301 3403 illa

191 3441 586 3515 describitur:
639 3442 822 3502 urbes
869 3445 1025 3501 enim
1061 3448 1203 3501 sunt
1241 3441 1594 3503 doctrinalia
1640 3442 1979 3515 Ecclesiae,
2023 3444 2301 3502 videatur

191 3561 262 3601 n:
315 3543 756 3602 4022449.
819 3543 1032 3601 3216.
1091 3545 1306 3602 4492.
1368 3544 1595 3618 44933
1648 3545 1741 3602 vir
1792 3549 1885 3602 est
1930 3545 2130 3619 ipsum
2166 3541 2301 3618 ejus

189 3659 402 3706 verum
437 3643 821 3720 conjunctum
852 3642 1030 3717 bono,
1088 3660 1162 3701 n:
1224 3645 1436 3704 3134.
1491 3645 1699 3703 7716.
1746 3645 1969 3717 90075
2022 3643 2109 3700 ita
2140 3639 2299 3700 filius

189 3741 446 3802 hominis
477 3749 572 3800 est
606 3759 834 3804 verum.
902 3741 1196 3818 Quoniam
1232 3761 1344 3821 per
1370 3741 1587 3804 Filium
1621 3743 1879 3803 hominis
1914 3739 2299 3818 significaba-

187 3848 289 3902 tur
319 3843 610 3905 Divinum
645 3842 874 3902 Verum
907 3843 1242 3920 procedens
1285 3861 1324 3902 a
1357 3844 1645 3914 Domino,
1694 3844 1829 3904 ideo
1866 3859 2107 3920 quoque
2142 3841 2300 3902 Pro·-

185 3943 439 4018 phetae,
476 3959 588 4018 per
624 3960 774 4019 quos
811 3942 1215 4016 revelabatur,
1255 3944 1627 4004 vocabantur
1674 3939 1849 4004 Filii
1882 3941 2189 4016 hominis,
2234 3951 2303 4004 ut

189 4041 440 4116 Daniel,
497 4041 665 4118 Cap:
719 4042 905 4102 VIII:
965 4046 1072 4103 1⁷.
1111 4051 1172 4104 et
1203 4045 1518 4119 Ezechiel,
1585 4042 1747 4120 Cap:
1784 4043 1874 4104 II:
1921 4048 1979 4104 1.
2028 4047 2089 4105 3.
2136 4047 2195 4104 6.
2236 4047 2298 4103 8.

193 4140 528 4218 eap2111:
591 4146 650 4202 1.
706 4145 766 4203 3.
821 4146 885 4202 4.
948 4146 1052 4202 10.
1111 4149 1218 4205 17.
1280 4145 1392 4204 25.
1462 4142 1621 4220 Cap:
1672 4143 1795 4204 IV:
1856 4147 1916 4204 l.
1966 4147 2075 4204 16.
2134 4143 2300 4220 Cap:

195 4240 370 4316 VIII:
426 4243 482 4302 5.
521 4246 576 4301 6.
631 4245 691 4302 8.
735 4247 842 4301 12.
898 4244 1006 4302 15.
1081 4243 1242 4322 Cap:
1281 4243 1437 4304 XII:
1498 4247 1561 4303 2.
1622 4246 1682 4304 3.
1742 4247 1799 4304 9.
1864 4247 1973 4304 18.
2018 4248 2130 4302 22.
2186 4245 2296 4300 27.

1804 4365 1835 4401 D
