2700 4792
435 355 542 410 382
783 346 1270 402 APOCALYPSIS
1311 347 1745 406 EXPLICATA.
1790 348 1841 417 §0
1894 355 2030 408 238.
2074 357 2210 410 239.

429 509 558 581 vie,
615 505 894 564 videatur
953 505 1014 562 in
1059 504 1338 564 Aaoms
1379 502 1797 564 coaternus
1848 523 1917 564 n:
1966 506 2138 565 683.
2186 505 2351 563 793.
2394 508 2547 565 801.

438 608 650 666 2516.
704 608 916 663 2712.
977 605 1190 664 3004.
1249 605 1462 664 3005.
1520 606 1734 664 3009.
1789 606 2011 666 4138.
2076 605 2296 664 5138.
2350 606 2551 666 5194.

440 707 651 766 5502.
697 706 909 764 6343.
948 707 1157 764 7022.
1196 687 1408 764 7945.
1441 706 1652 764 8339.
1690 707 1902 766 9263.
1940 707 2177 780 93143
2216 705 2357 764 inde
2386 706 2555 763 etiam

336 792 350 804 ”
435 813 530 866 est
565 807 724 884 quod
757 813 1073 882 sequatur,
1121 803 1222 866 Et
1261 801 1501 866 Gaeoua
1541 809 1603 864 et
1642 803 1915 878 Nudus,
1965 823 2085 881 per
2124 821 2377 864 caecum
2412 807 2557 864 enim

233 911 394 973 [253]
435 907 788 983 intelligitur
835 909 940 981 qui
973 909 1033 964 in
1068 905 1232 965 nullo
1265 904 1578 966 intellectu
1614 908 1773 977 veri,
1830 913 1891 965 et
1935 923 2055 982 per
2091 905 2323 964 nudum
2372 908 2469 981 qui
2498 907 2553 962 in

431 1008 598 1068 nullo
659 1007 964 1066 intellectu
1017 1013 1080 1065 et
1131 1007 1443 1068 voluntate
1492 1006 1668 1065 boni:
1723 1011 1847 1066 tum
1901 1009 1967 1064 in
2003 1007 2218 1065 Versu
2254 1010 2549 1080 sequente,

432 1107 686 1170 Suadeo
721 1104 839 1167 tibi
877 1125 1073 1168 emere
1105 1125 1150 1167 a
1185 1104 1296 1167 Me
1329 1124 1565 1167 aarum
1598 1103 2009 1184 exploratum
2048 1105 2207 1184 igme
2220 1149 2237 1178 ,
2286 1110 2348 1164 et
2377 1104 2552 1165 vesti·-

431 1214 640 1268 menta
683 1204 850 1268 alba·
875 1211 950 1267 ut
987 1205 1318 1281 induaris,
1374 1224 1485 1282 per
1518 1224 1732 1266 aurum
1779 1210 1935 1266 enim
1984 1207 2377 1282 exploratum
2427 1208 2548 1280 igne

429 1308 779 1384 intelligitur
804 1308 1026 1366 bonum
1062 1311 1310 1381 amoriS,
1370 1313 1431 1365 et
1476 1324 1587 1383 per
1624 1309 1985 1366 vestimenta
2022 1307 2171 1366 alba
2205 1323 2353 1365 vera
2384 1305 2545 1363 fidei:

431 1415 494 1468 ct
527 1409 738 1483 adhuc,
775 1427 851 1468 ne
892 1413 1200 1487 appareat
1226 1406 1445 1486 pudor
1468 1407 1788 1468 nuditatis
1829 1383 2007 1483 tuae,
2052 1411 2117 1466 et
2158 1403 2423 1486 collyrio
2454 1403 2545 1463 in-

429 1527 596 1588 unye
631 1506 846 1570 oculos
881 1513 1024 1570 tuoe
1062 1515 1136 1570 ut
1175 1506 1428 1586 videas,
1466 1525 1577 1583 per
1614 1525 1769 1584 quae
1806 1508 2171 1586 intelligitur
2206 1524 2285 1566 ne
2312 1505 2543 1564 videan-

431 1616 529 1668 tur
564 1610 724 1669 mala
758 1617 818 1668 et
852 1609 1037 1668 falsa:
1090 1613 1174 1669 ita
1210 1625 1449 1684 quoque
1488 1608 1663 1667 alibi:
1718 1610 1827 1668 sed
1858 1610 2022 1685 quod
2059 1607 2202 1668 tale-
2224 1607 2541 1684 conjugium

431 1712 512 1768 sit
543 1712 604 1769 in
640 1711 890 1786 singulis
927 1709 1142 1785 Verbi,
1195 1726 1316 1768 non
1348 1707 1555 1768 videre
1591 1716 1845 1784 possunt
1878 1711 1981 1768 alii
2020 1726 2212 1786 quam
2240 1709 2343 1784 qni
2366 1707 2541 1764 sciunt

437 1826 679 1870 sensum
719 1813 1010 1870 internum
1049 1812 1197 1888 eJuS.

590 1914 624 1968 2
641 1912 676 1968 3
691 1912 750 1968 9.
800 1911 876 1968 Et
901 1927 1118 1970 caecus
1147 1919 1210 1970 et
1233 1911 1447 1984 nudus,
1488 1911 1651 1987 quod
1674 1910 1966 1987 significet
1992 1912 2163 1988 quod
2188 1914 2308 1970 sint
2330 1907 2537 1980 absque

428 2011 735 2070 intellectu
769 2013 928 2083 veri,
969 2019 1030 2070 et
1065 2013 1294 2088 absque
1329 2013 1637 2072 intellectu
1678 2019 1739 2072 et
1764 2011 2075 2071 voluntate
2110 2013 2287 2082 boni,
2322 2009 2533 2069 constat

431 2129 504 2173 ex
539 2111 966 2187 significatione
1003 2114 1199 2182 caeci,
1260 2113 1420 2187 quod
1456 2115 1577 2171 sint
1620 2115 1721 2188 qui
1775 2113 2004 2188 absque
2056 2113 2371 2172 intellectu
2404 2104 2531 2171 veri,

430 2212 504 2271 de
543 2229 660 2288 qua
720 2213 1020 2288 sequitur3
1093 2219 1159 2282 et
1217 2229 1291 2272 ex
1335 2213 1766 2290 significatione
1826 2213 1998 2286 nudi,
2060 2213 2226 2290 quod
2286 2212 2399 2269 sint
2442 2204 2528 2280 qui

431 2314 662 2389 absque
696 2312 1002 2370 voluntate
1039 2312 1207 2384 boni,
1263 2315 1348 2372 ita
1385 2331 1623 2390 quoque
1662 2313 1893 2389 absque
1929 2315 2249 2373 intellectu
2288 2311 2429 2388 ejuS‚
2462 2304 2525 2362 de

429 2433 550 2492 qua
585 2415 762 2472 etiam
797 2415 1082 2488 sequitur.
1136 2413 1311 2489 Quod
1343 2414 1435 2474 illi
1468 2417 1570 2490 qui
1604 2416 1662 2472 in
1698 2414 1989 2473 Doctrina
2044 2414 2121 2474 de
2160 2412 2291 2472 sola
2324 2409 2429 2468 fide
2470 2407 2521 2461 et

429 2517 503 2576 de
531 2501 966 2593 justificatione
1012 2531 1124 2590 per
1170 2513 1333 2572 illam
1385 2522 1550 2587 sunt,
1608 2515 1835 2590 absque
1896 2515 2210 2575 intellectu
2246 2512 2367 2570 veri
2406 2508 2519 2575 sint,

431 2624 708 2676 constare
743 2621 948 2691 potest
983 2632 1058 2673 ex
1093 2631 1195 2688 eo,
1253 2615 1416 2692 quod
1448 2615 1581 2674 sola
1614 2614 1762 2674 fides
1800 2632 1911 2674 seu
1946 2615 2099 2676 fides
2137 2615 2365 2690 absque
2390 2606 2518 2666 cha-

427 2719 603 2776 ritate
663 2733 780 2774 non
817 2715 960 2774 alibi
1017 2715 1282 2775 resideat
1343 2733 1523 2792 quam
1574 2718 1637 2774 in
1670 2719 1985 2789 memoria,
2046 2735 2121 2777 ac
2172 2731 2290 2774 non
2322 2703 2521 2783 aliquid

429 2818 562 2894 ejus
609 2819 672 2874 in
705 2814 1050 2890 intellectu,
1108 2824 1476 2893 quapropter
1524 2820 1703 2876 etiam
1749 2823 2059 2876 removent
2107 2814 2457 2876 intellectum
2488 2820 2519 2860 a

427 2916 610 2975 rebus
645 2914 813 2988 fidei,
870 2916 1134 2976 dicentes
1172 2918 1332 2994 quod
1368 2917 1666 2978 credenda
1701 2919 1848 2992 sint,
1906 2924 1967 2977 et
2002 2918 2167 2993 quod
2216 2903 2515 2973 intellectui

429 3014 578 3076 nihil
611 3016 698 3074 rei
733 3005 810 3072 sit
847 3032 978 3074 cum
1019 3018 1198 3076 rebus
1235 3017 1413 3094 fidei3
1467 3021 1553 3076 ita
1589 3018 1787 3078 dicere
1822 3024 2079 3096 possunt
2118 3011 2389 3095 quicquid
2418 3021 2509 3066 vo-

427 3115 589 3188 lunt,
645 3115 776 3172 sive
809 3116 962 3175 foret
996 3121 1253 3178 maxime
1287 3118 1535 3192 salsum,
1576 3117 1750 3176 modo
1787 3122 1978 3179 sciant
2012 3118 2248 3178 adferre
2284 3113 2355 3174 ad
2388 3122 2510 3169 con-

429 3201 822 3274 firmationem
868 3216 1093 3294 aliquid
1157 3237 1232 3278 ex
1282 3235 1467 3278 sensu
1514 3218 1725 3277 literae
1777 3219 1994 3290 Verbi,
2066 3220 2235 3296 cujus
2296 3219 2509 3273 sensum

425 3314 805 3394 spiritualem
839 3319 1143 3393 ignorant3
1181 3322 1243 3377 in
1279 3336 1395 3395 quo
1432 3318 1581 3378 latet
1608 3318 1835 3396 aliquid
1860 3320 2051 3378 simile
2078 3321 2301 3378 statuto
2324 3307 2504 3372 Ponti-

427 3417 723 3490 ficiorum,
781 3418 941 3494 quod
989 3425 1081 3476 est
1129 3427 1196 3477 ut
1245 3437 1449 3478 omnes
1500 3419 1802 3495 pendeant
1852 3437 1929 3478 ex
1964 3437 2067 3478 ore
2084 3425 2334 3489 'eorum,
2384 3421 2503 3486 per·

427 3518 754 3580 suadentes
815 3521 903 3578 sic
963 3519 1123 3595 quod
1167 3519 1256 3578 illi
1293 3523 1487 3579 sciant
1536 3527 1596 3579 et
1643 3519 1911 3592 videant,
1970 3536 2104 3578 cum
2152 3525 2342 3578 tamen
2382 3499 2501 3568 nihil

428 3621 664 3692 vident3
721 3623 820 3695 qui
853 3621 1056 3695 itaque
1105 3635 1224 3678 non
1259 3620 1492 3693 vident,
1547 3620 1661 3680 hoc
1698 3626 1823 3692 est,
1874 3619 2211 3695 intelligunt
2240 3617 2337 3676 illa
2368 3617 2497 3684 quae

426 3720 704 3794 credent,
745 3721 830 3779 illi
867 3722 1029 3780 caeci
1067 3729 1232 3779 sunt:
1287 3721 1424 3780 inde
1464 3738 1701 3796 quoque
1740 3728 1848 3796 est,
1906 3720 2065 3796 quod
2100 3737 2208 3796 per
2241 3716 2337 3776 illa
2368 3716 2496 3785 (11180

428 3821 570 3881 fidei
605 3828 804 3895 erunt,
867 3838 987 3880 non
1034 3823 1268 3897 possint
1312 3821 1605 3897 perficere
1642 3821 1858 3899 vitam3
1924 3838 2063 3879 nam
2096 3823 2195 3878 via
2242 3815 2311 3876 ad
2340 3810 2495 3868 vitam

428 3921 682 3982 hominis
744 3928 837 3980 est
881 3918 1252 3994 intellectus,
1309 3934 1427 3980 non
1474 3938 1584 3998 per
1618 3922 1819 3982 aliam·
1832 3924 1991 3980 viam
2044 3921 2219 3980 homo
2249 3917 2309 3978 fit
2340 3908 2491 3986 spffl‘

429 4021 647 4078 tualis:
701 4039 908 4081 omnes
957 4025 1058 4098 qui
1107 4023 1168 4078 in
1207 4021 1391 4082 Coelo
1430 4030 1600 4097 sunt,
1655 4023 1861 4082 vident
1894 4039 2040 4080 vera
2074 4021 2387 4082 intellectu,
2440 4001 2491 4058 0¹²

433 4131 518 4183 sic
552 4119 847 4189 recipiunt
877 4121 1013 4194 illa,
1069 4139 1226 4197 quae
1261 4128 1465 4180 autem
1500 4140 1618 4180 non
1654 4123 1859 4182 vident
1892 4122 2227 4197 intellectu,
2276 4127 2375 4174 non
2402 4117 2485 4160 te·

434 4211 660 4282 cipiunt
671 4231 688 4284 3
745 4221 802 4269 et
835 4221 974 4274 tunc
1011 4222 1062 4275 si
1099 4221 1230 4295 quis
1269 4221 1346 4278 ad
1379 4221 1514 4282 illos
1552 4223 1720 4296 dicit,
1778 4223 1937 4301 quod
1970 4223 2121 4281 fides
2156 4209 2399 4282 habenda
2418 4198 2483 4258 ⁵5¹
