2700 4792
399 385 469 435 10
841 368 1333 425 APOCALYPffls
1374 367 1808 426 EXPLIGATA.
1867 369 1912 438 §.
1958 377 2009 428 9.
2306 379 2339 404 ·

395 539 666 606 tempore
707 527 1054 602 Ecclesiae,
1110 533 1171 587 et
1207 527 1401 604 qualis
1438 525 1639 584 futura
1674 525 1913 599 ultimo,
1964 528 2225 602 primum
2262 533 2539 604 tempus

395 630 712 690 Ecclesiae
747 628 1101 705 intelligitur
1132 646 1244 704 per
1279 645 1415 686 cum
1454 643 1621 686 esses
1650 627 1883 703 junior,
1940 632 2000 685 et
2033 627 2311 688 ultimum
2350 635 2535 688 tem-

397 747 515 810 pus
551 747 662 806 per
699 745 842 788 cum·
872 731 1173 804 senueris,
1217 729 1377 804 quod
1404 745 1540 787 cum
1570 733 1735 786 esset
1760 727 1993 803 junior,
2039 729 2310 805 cingeret
2336 732 2531 804 seip-

400 849 566 901 sum,
619 836 680 890 et
726 829 1061 889 ambularet
1109 845 1224 904 quo
1272 828 1487 902 vellet,
1545 827 1837 903 significat
1890 828 2051 903 quod
2096 831 2289 904 primo
2346 837 2525 888 tem-

395 950 542 1008 pore
570 930 880 990 Ecclesiae
915 930 1223 988 haurirent
1256 946 1405 988 vera
1442 947 1515 988 ex
1550 929 1707 988 bono
1744 927 2085 1002 charitatiS,
2126 936 2188 988 et
2228 929 2399 1004 quod
2440 949 2527 988 ex

393 1032 582 1092 libero
620 1037 896 1107 agerent,
935 1047 1074 1088 nam
1102 1047 1180 1088 ex
1212 1029 1405 1088 libero
1442 1046 1623 1104 agere
1666 1035 1760 1087 est
1797 1046 1871 1086 ex
1902 1028 2213 1089 affectione
2248 1031 2387 1089 veri
2436 1048 2521 1089 ex

391 1132 576 1208 bon03
634 1131 868 1206 quando
918 1132 1222 1206 senueris,
1285 1129 1573 1189 extendes
1628 1145 1838 1187 manus
1894 1135 2063 1203 tuas,
2130 1137 2190 1188 et
2238 1130 2399 1188 alius
2452 1138 2521 1188 te

395 1233 592 1309 cinget
637 1238 698 1290 et
741 1231 920 1290 ducet
956 1247 1072 1306 quo
1107 1247 1226 1287 non
1269 1233 1394 1300 vis,
1458 1229 1753 1306 significat
1789 1230 1949 1304 quod
1983 1230 2189 1290 ultimo
2226 1237 2517 1306 tempore

393 1332 705 1393 Ecclesiae
741 1349 859 1389 non
896 1329 1154 1406 amplius
1191 1347 1264 1388 ex
1301 1331 1457 1388 bono
1494 1330 1801 1388 charitatis
1838 1329 2146 1389 haurirent
2178 1347 2363 1403 vera,
2420 1332 2517 1388 ita

394 1451 512 1493 non
547 1434 770 1493 scirent
811 1431 1051 1489 aliunde
1094 1448 1272 1505 quam
1309 1433 1452 1505 quia
1490 1430 1767 1490 dicuntur
1803 1431 1878 1488 ab
1916 1429 2064 1504 alio,
2118 1439 2179 1489 et
2213 1434 2301 1489 sic
2342 1433 2515 1506 quod

392 1537 454 1593 in
491 1539 654 1592 statu
690 1549 866 1591 servo
904 1537 1111 1601 erunt,
1164 1517 1302 1588 nam
1341 1536 1537 1589 status
1574 1547 1785 1590 servus
1822 1530 1919 1603 fit,
1958 1531 2193 1606 quando
2230 1549 2349 1589 non
2386 1532 2511 1590 bo-

395 1652 538 1693 num
588 1633 784 1690 ducit:
852 1631 1011 1707 quod
1059 1632 1421 1690 vestimenta
1476 1631 1811 1707 significent
1856 1649 2033 1704 vera,
2107 1631 2385 1690 videatur
2438 1651 2505 1691 n:

402 1735 611 1793 1073.
655 1734 866 1791 2576.
911 1733 1117 1791 5319.
1169 1732 1377 1790 5954.
1425 1733 1634 1790 9212.
1682 1734 1891 1790 9216.
1950 1733 2159 1792 9952.
2223 1735 2501 1807 105363

397 1842 458 1894 et
493 1833 652 1910 quod
687 1833 823 1893 ideo
861 1834 1100 1909 cingere
1138 1850 1205 1891 se
1241 1833 1322 1890 sit
1366 1832 1605 1890 haurire
1645 1839 1703 1892 et
1750 1835 2145 1909 appel-cipere
2181 1851 2357 1906 vera,
2416 1851 2498 1891 n:

403 1935 627 2009 99523
682 1935 844 2009 quod
879 1933 1188 1992 ambulare
1236 1934 1314 1990 sit
1360 1949 1541 2009 agere
1580 1939 1641 1992 ct
1674 1936 1906 1992 vivere:
1964 1933 2123 2008 quod
2178 1951 2252 1992 ex
2305 1933 2499 1992 libero

396 2051 597 2111 agere,
641 2037 721 2092 sit
757 2052 832 2093 ex
869 2051 1070 2094 amore
1099 2051 1208 2092 seu
1244 2033 1578 2104 affectione,
1625 2037 1903 2109 quoniam
1942 2033 2101 2109 quod
2135 2033 2311 2092 homo
2338 2041 2503 2092 amat

391 2135 506 2206 hoc
532 2134 722 2194 libere
749 2135 908 2209 facit,
940 2152 997 2193 n:
1035 2137 1246 2194 2870.
1279 2135 1490 2194 3158.
1528 2136 1739 2193 8987.
1782 2135 1994 2193 8990.
2034 2135 2245 2193 9585.
2281 2135 2491 2193 9591.

396 2235 576 2312 Quod
611 2239 800 2294 omnis
834 2235 1110 2294 Ecclesia
1142 2237 1392 2312 incipiat
1427 2253 1463 2292 a
1500 2235 1824 2304 charitate,
1873 2235 1981 2294 sed
2019 2235 2177 2310 quod
2214 2237 2495 2311 temporis

395 2352 687 2396 successu
723 2336 1000 2395 deflectat
1049 2336 1126 2395 ad
1160 2335 1373 2410 fidem,
1439 2342 1500 2395 et
1544 2334 1783 2394 tandem
1838 2335 1915 2392 ad
1950 2335 2138 2393 solam
2174 2335 2376 2410 fidem,
2432 2353 2489 2393 n:

404 2439 615 2497 1834.
665 2437 870 2496 1835.
916 2438 1127 2496 2231.
1171 2438 1387 2495 4683.
1433 2438 1643 2495 8094.
1715 2435 1875 2512 Quia
1908 2434 2059 2494 fides
2096 2436 2303 2494 ultimo
2340 2444 2489 2494 tem-

392 2555 540 2615 pore
575 2537 888 2596 Ecclesiae
924 2535 1060 2595 talis
1097 2537 1192 2612 fit,
1235 2542 1304 2594 ut
1336 2537 1573 2613 rejiciat
1606 2536 1825 2594 bonum
1862 2536 2198 2606 charitatiS,
2246 2535 2489 2596 dicendo

395 2639 555 2716 quod
589 2638 721 2697 sola
751 2637 901 2698 fides
937 2639 1120 2697 faciat
1153 2638 1493 2696 Ecclesiam
1532 2643 1591 2695 et
1628 2638 1852 2712 salvet,
1906 2643 1967 2694 et
1999 2655 2116 2695 non
2142 2637 2363 2695 bonum
2394 2639 2487 2694 vi-

391 2745 491 2798 tae
529 2739 688 2814 quod
723 2745 818 2796 est
851 2739 1145 2812 charitas,
1183 2738 1319 2797 ideo
1349 2737 1535 2796 Jesus
1575 2737 1723 2794 dixit
1756 2737 1834 2794 ad
1856 2737 2133 2807 Petrum,
2168 2755 2281 2813 per
2318 2753 2489 2812 quem

390 2839 476 2898 ibi
509 2839 658 2898 fides
701 2838 833 2896 talis
874 2838 1255 2914 intelligitur,
1317 2854 1573 2913 sequere
1614 2837 1747 2910 Me,
1805 2843 1865 2895 et
1904 2854 2231 2896 conversus
2278 2839 2487 2896 Petrus

392 2938 558 3001 videt
593 2938 988 3012 discipulum,
1025 2955 1200 3012 quem
1239 2937 1529 3015 diligebat
1564 2937 1783 3007 JeSUS,
1819 2943 2189 3014 sequentem,
2232 2945 2293 2997 et
2326 2938 2485 3018 dicit,

392 3037 678 3109 Domine,
733 3037 873 3113 quid
907 3038 1036 3110 hic,
1095 3055 1204 3114 per
1241 3056 1395 3114 quae
1445 3038 1842 3115 significatur,
1908 3040 2070 3116 quod
2102 3039 2251 3097 fides
2289 3039 2487 3097 ultimo

397 3146 668 3214 tempore
722 3137 1033 3198 Ecclesiae
1085 3144 1390 3210 averteret
1436 3157 1503 3198 se
1550 3157 1587 3198 a
1621 3139 1907 3210 Domine,
1959 3158 2097 3197 nam
2147 3139 2359 3199 dicitur
2410 3139 2483 3199 de

393 3239 608 3307 Petro,
643 3255 754 3314 per
788 3255 964 3314 quem
1001 3239 1369 3315 significatur
1402 3238 1509 3298 illa
1544 3240 1723 3315 fideS,
1766 3241 1925 3317 quod
1960 3258 2295 3300 conversus
2318 3240 2485 3298 vide·
2574 3227 2578 3229 ⁵

393 3342 500 3409 rit,
555 3346 614 3398 et
659 3356 895 3414 quoquc
945 3339 1159 3398 dixerit
1208 3341 1282 3399 de
1330 3341 1661 3417 discipule,
1726 3359 1903 3416 quem
1954 3341 2140 3399 Jesus
2192 3339 2487 3416 diligebat,

392 3457 503 3499 seu
553 3439 627 3498 de
684 3438 993 3512 Johanne,
1054 3458 1165 3516 per
1222 3459 1399 3517 quem
1462 3441 1831 3517 significatur
1888 3440 2109 3499 bonum
2166 3442 2480 3515 charitatiS,

391 3540 532 3618 quid
569 3540 697 3611 hic,
741 3540 856 3599 hoc
895 3547 1019 3612 est,
1079 3541 1236 3617 quod
1285 3559 1405 3600 non
1456 3544 1535 3600 sit
1588 3539 1845 3616 aliquid:
1908 3542 2016 3600 sed
2066 3541 2212 3599 dixit
2247 3540 2322 3599 ad
2355 3558 2485 3600 eum

389 3641 608 3716 Jesus,
663 3643 718 3699 si
769 3640 906 3699 volo
946 3658 1080 3699 eum
1119 3659 1365 3700 manere
1403 3642 1591 3700 donec
1636 3643 1902 3715 veniam,
1960 3642 2105 3718 quid
2140 3642 2217 3699 ad
2255 3641 2367 3716 Το,
2416 3647 2479 3700 tu

391 3759 646 3818 sequere
687 3742 820 3810 Me,
880 3759 992 3818 per
1033 3759 1188 3818 quae
1242 3742 1639 3818 significatur,
1712 3741 1872 3815 quod
1918 3742 2141 3800 bonum
2188 3742 2483 3802 charitatis

391 3848 786 3918 sequuturum
833 3844 910 3900 sit
959 3842 1312 3915 Dominum,
1393 3847 1453 3899 et
1494 3841 1704 3917 Ipsum
1748 3845 2118 3918 agniturum,
2179 3859 2365 3917 usque
2408 3843 2483 3900 ad

389 3941 664 3999 ultimum
710 3948 950 4017 tempus
1005 3941 1316 4000 Ecclesiae
1368 3944 1590 4000 veteris
1643 3947 1701 4002 et
1734 3945 1989 4017 primum
2043 3960 2269 4002 novae:
2334 3943 2479 4017 quod

390 4040 664 4099 ultimum
703 4047 940 4118 tempus
977 4042 1289 4101 Ecclesiae
1334 4045 1559 4100 veteris
1603 4042 1835 4101 dicatur
1872 4042 2314 4103 Consummatio
2348 4059 2479 4101 sae-

392 4140 543 4213 culi,
597 4148 656 4200 et
705 4144 1063 4219 principium
1114 4159 1310 4201 novae
1347 4142 1579 4200 dicatur
1616 4142 1931 4202 Adventus
1967 4144 2236 4220 Domini,
2283 4143 2474 4202 videa-

389 4247 487 4299 tur
521 4260 559 4299 n
586 4264 610 4302 ι
643 4243 854 4302 4535.
897 4245 1153 4302 10622.
1229 4243 1524 4318 Quartum
1560 4244 1893 4314 Arcanum,
1932 4245 2091 4321 quod
2128 4245 2315 4306 videri
2346 4241 2470 4322 pot-
