2700 4792
402 329 640 404 CAPUT
679 329 982 393 PRIMUM.
1722 329 1903 386 VERS
1928 350 1940 382 ι
1998 342 2089 394 19.
2246 342 2355 396 103

239 494 536 570 cogitatio
575 496 636 550 et
669 491 950 550 voluntas
985 490 1270 566 homini83
1321 489 1499 548 homo
1518 531 1535 560 ,
1584 491 1687 566 qui
1722 489 1911 550 credit
1942 490 2101 568 quod
2136 493 2359 569 cogitet

239 601 306 654 et
341 592 498 652 velit
533 609 610 651 ex
645 608 742 664 se,
798 591 914 650 hoc
963 592 1188 665 nescit,
1245 590 1357 649 sed
1394 606 1746 648 asseverare
1790 607 2039 666 possum
2092 609 2163 652 ex
2198 595 2359 652 omni

239 694 626 771 experientia
675 691 748 750 de
794 691 910 750 hac
927 707 1052 764 we,
1113 689 1274 766 quod
1321 692 1547 762 omnia,
1604 707 1758 766 quae
1806 691 1981 750 homo
2027 695 2251 768 cogitat
2296 698 2358 752 et

237 795 413 869 vult,
455 793 534 856 ab
569 811 688 851 uno
727 799 832 850 aut.
867 791 944 850 ab
980 791 1170 850 altero
1207 792 1355 866 sint;
1409 791 1559 850 haec
1598 792 1777 849 etiam
1814 808 1999 850 causa
2034 798 2159 862 est,
2194 792 2357 868 quod

235 895 462 964 homo,
525 895 628 969 qui
679 894 904 968 cogitat
951 897 1011 949 et
1044 891 1174 949 vult
1217 890 1465 963 malum,
1528 890 1841 950 actualiter
1883 894 1943 948 in
1990 893 2219 950 inferno
2256 894 2353 965 sit,

241 1001 310 1055 et
331 994 440 1052 ubi
461 992 782 1052 actualiter
813 997 908 1051 est
935 1009 1073 1049 cum
1089 993 1238 1049 vivit
1261 992 1322 1049 in
1348 989 1589 1063 mundo,
1617 990 1761 1050 illuc
1782 994 1961 1050 etiam
1989 993 2193 1050 veniat
2216 1001 2356 1068 post

239 1101 502 1154 mortem
520 1113 536 1168 3
573 1110 690 1152 non
728 1097 932 1167 potest
965 1090 1084 1150 alio
1111 1092 1338 1164 venire,
1373 1093 1514 1166 quia
1541 1092 1787 1166 spiritus
1818 1092 1949 1167 ejus
1980 1092 2269 1150 formatur
2298 1097 2359 1150 et

243 1196 630 1270 componitur
667 1210 743 1252 ex
779 1191 900 1250 illis
938 1207 1094 1266 quae
1127 1191 1304 1249 homo
1331 1193 1555 1266 cogitat
1592 1196 1651 1248 et
1685 1190 1831 1264 vult,
1871 1208 2055 1266 quare
2085 1207 2221 1250 cum
2248 1209 2353 1250 co-
2412 1233 2427 1246 .

245 1297 403 1372 gitat
432 1299 494 1352 et
517 1293 650 1351 vult
677 1292 895 1350 malum
913 1335 930 1360 ,
994 1295 1154 1349 totus
1189 1289 1284 1348 est
1311 1291 1601 1350 formatus
1634 1297 1694 1347 et
1722 1293 2086 1366 compositus
2115 1309 2151 1348 a
2178 1292 2353 1366 malo,

249 1397 344 1454 sic
374 1400 442 1452 ut
477 1395 554 1451 sit
579 1409 754 1452 suum
781 1391 1004 1450 malum
1033 1393 1094 1448 in
1127 1390 1340 1465 forma3
1377 1391 1513 1449 inde
1552 1397 1661 1467 est,
1702 1389 1860 1466 quod
1896 1393 2139 1466 spiritus
2166 1392 2353 1450 infer-

253 1493 432 1552 nales
478 1509 720 1568 prorsus
769 1493 888 1550 sint
931 1493 1224 1566 imagines
1263 1492 1359 1549 sui
1400 1491 1567 1564 mali,
1628 1497 1689 1548 et
1722 1498 1987 1550 monstra
2028 1492 2356 1550 secundum
2447 1516 2457 1527 ·

255 1592 408 1665 mali
439 1595 696 1668 speciem
725 1592 1056 1665 horrenda3
1105 1592 1306 1650 facere
1349 1597 1549 1650 autem
1585 1596 1651 1649 ut
1688 1593 1935 1665 spiritus
1974 1591 2262 1650 formetur
2296 1599 2357 1654 et

249 1701 644 1769 componatur
679 1692 756 1750 ad
791 1691 1044 1765 coelum,
1087 1697 1179 1749 est
1205 1693 1446 1749 unicum
1473 1690 1733 1749 medium
1761 1697 1828 1748 ut
1866 1694 2117 1766 recipiat
2140 1693 2352 1751 Domi-

244 1812 396 1851 num
432 1792 548 1851 fide
587 1798 648 1850 et
684 1809 916 1860 amore,
951 1809 1086 1850 nam
1126 1790 1419 1849 Dominus
1456 1791 1642 1864 solus,
1684 1792 1827 1866 quia
1852 1808 2143 1866 praesens
2172 1799 2263 1849 est
2298 1793 2358 1849 in

243 1892 368 1952 fide
405 1901 468 1950 et
503 1909 704 1951 amore
751 1891 920 1968 apud
947 1891 1280 1964 hominem,
1335 1897 1607 1950 removet
1651 1890 1843 1961 mala,
1907 1897 1967 1950 et
2010 1891 2153 1950 facit
2187 1891 2355 1950 illum

245 1996 310 2052 in
355 1995 676 2068 imaginem
717 1992 902 2066 coeli,
955 2009 1112 2072 quae
1170 1996 1262 2048 est
1299 1992 1581 2067 angelus:
1645 2008 1723 2051 ex
1768 1990 1861 2050 his
1908 1999 2182 2050 constare
2218 1999 2357 2067 pot-—

247 2100 374 2169 est,
441 2091 585 2170 quid
637 2091 1006 2170 significatur
1051 2109 1163 2168 per
1208 2091 1433 2154 habere
1487 2091 1688 2150 claves
1750 2093 1963 2150 inferni
2012 2099 2073 2150 et
2126 2095 2354 2150 mortis,

247 2194 430 2270 Quod
467 2193 741 2252 dicantur
777 2192 1011 2264 claveS‚
1083 2198 1175 2250 est
1227 2186 1368 2266 q'uia
1404 2194 1602 2250 omnia
1648 2188 1881 2253 inferna
1916 2192 2160 2252 occlusa
2198 2199 2353 2266 sunt,

245 2300 314 2354 et
363 2294 542 2354 modo
598 2300 806 2368 aperta
847 2310 981 2352 cum
1015 2291 1156 2349 mali
1194 2294 1439 2366 ‚spiritus
1486 2291 1629 2354 illuc
1676 2291 2042 2368 injiciuntur,
2110 2299 2168 2350 et
2220 2310 2357 2351 cum

247 2394 443 2470 aliqui
495 2391 632 2451 inde
684 2394 1052 2461 eximuntur,
1103 2392 1262 2470 quod
1309 2391 1377 2449 fit
1428 2409 1561 2450 cum
1608 2393 1948 2450 increscunt
1992 2391 2152 2450 mala
2196 2391 2360 2469 apud

248 2493 530 2551 homiues
549 2536 564 2564 ,
633 2499 946 2566 aperturae
994 2492 1166 2559 illae,
1225 2481 1379 2568 qua'e
1434 2499 1605 2566 tunc,
1670 2491 1947 2550 dicuntur
1996 2492 2242 2561 Portae,
2298 2497 2359 2549 et

251 2594 404 2669 quia
439 2591 714 2655 dicuntur
749 2591 996 2667 Portae,
1062 2593 1198 2651 ideo
1249 2593 1526 2651 dicuntur
1580 2591 1815 2661 clach,
1868 2608 1979 2665 per
2018 2607 2169 2671 quas
2220 2590 2358 2648 ideo

243 2692 628 2769 significatur
661 2694 931 2766 potentia
969 2693 1281 2768 aperiendi
1317 2698 1379 2750 et
1414 2690 1762 2761 claudendi,
1818 2693 2069 2766 aperitio
2107 2692 2261 2748 enim
2298 2697 2359 2748 ct

241 2793 518 2853 occlusio
581 2797 886 2868 portarum
945 2793 1012 2850 fit
1068 2810 1181 2869 per
1245 2794 1472 2852 claves„
1565 2791 1769 2852 Simile
1824 2789 1983 2866 quod
2033 2790 2130 2849 hic
2180 2793 2357 2848 etiam

243 2894 618 2970 significatur
663 2909 776 2966 per
824 2892 1028 2952 claves
1078 2893 1260 2952 Petro
1309 2893 1515 2962 datas,
1566 2891 1795 2950 Matth:
1842 2891 2026 2952 XVI:
2092 2893 2201 2950 18.
2246 2893 2355 2964 19,

247 2993 530 3068 quoniam
580 3011 692 3069 per
733 2992 980 3052 Petrum
1027 2993 1111 3052 ibi
1149 2993 1519 3069 significatur
1556 3010 1763 3052 verum
1814 3010 1889 3052 ex
1922 2991 2079 3052 bono
2128 2992 2286 3069 quod
2322 3011 2361 3051 a

248 3092 542 3168 Domino,
591 3096 677 3152 ita
725 3092 884 3168 quod
921 3092 1179 3151 Domino
1217 3093 1359 3165 soli,
1414 3111 1451 3150 a
1486 3094 1621 3168 Quo
1658 3111 1829 3151 omne
1883 3111 2092 3153 verum
2125 3093 2265 3152 fidei
2301 3099 2362 3152 et

255 3191 481 3250 bonum
529 3197 772 3266 amoris,
853 3193 930 3250 sit
981 3192 1088 3250 illa
1133 3201 1438 3269 potestaS‚
1502 3194 1777 3252 videatur
1814 3197 1877 3252 in
1924 3193 2233 3270 Opusculo
2284 3193 2360 3252 de

250 3290 497 3351 Ummo
533 3292 778 3352 Jumcro
827 3311 898 3350 n:
946 3293 1052 3351 57.

409 3396 519 3452 87.
559 3391 770 3452 Scribe
797 3409 954 3468 quae
995 3388 1217 3464 vidisti,
1265 3398 1326 3450 et
1351 3410 1505 3468 quae
1537 3400 1675 3452 sunt
1710 3399 1770 3451 et
1800 3411 1955 3468 quac
1995 3395 2197 3452 futura
2222 3399 2362 3449 sunt

241 3493 380 3551 fieri
414 3493 698 3568 posthac,
773 3492 933 3569 quod
985 3493 1283 3568 significet
1321 3499 1389 3552 ut
1434 3495 1631 3552 omnia
1678 3494 2019 3570 posteritati
2068 3493 2185 3555 sint
2222 3491 2363 3565 quia

241 3592 508 3662 Divina,
556 3598 795 3652 constat
841 3610 916 3652 ex
952 3591 1385 3668 significatione
1426 3591 1721 3665 scribere,
1780 3591 1941 3667 quod
1976 3593 2055 3648 sit
2090 3589 2249 3664 quod
2284 3589 2363 3648 ad

239 3694 784 3769 reminiscentiam,
843 3693 918 3751 de
956 3710 1076 3767 qua
1123 3711 1194 3752 n:
1253 3695 1481 3762 8620,
1522 3695 1611 3752 ita
1645 3692 1806 3774 quod
1840 3693 1959 3750 sint
1992 3691 2360 3766 posteritati3

245 3797 310 3850 et
345 3809 424 3850 ex
465 3792 900 3867 significatione
937 3809 1096 3868 quae
1141 3788 1348 3853 vidisti
1384 3799 1445 3852 et
1480 3810 1635 3870 quae
1688 3797 1827 3852 sunt
1872 3798 1932 3850 et
1971 3807 2126 3867 quae
2164 3789 2366 3864 futura

241 3891 538 3968 posthac,
589 3893 750 3970 qnod
789 3897 910 3952 sint
942 3893 1176 3963 omnia,
1231 3911 1373 3956 nam
1408 3895 1527 3952 tria
1560 3899 1835 3969 tempora
1868 3909 2081 3968 nempe
2117 3896 2363 3966 praqte-

241 3993 456 4065 ritum,
509 4009 826 4069 -Praesens
879 3998 940 4052 et
987 3992 1252 4054 futurum
1297 3981 1635 4071 Significant
1686 3993 1913 4068 omnia3
1970 3999 2031 4052 et
2082 3994 2223 4067 quia
2255 3991 2363 4053 illa

243 4107 408 4166 quae
447 4092 740 4153 scriberet
777 4111 814 4152 a
839 4092 1097 4152 Domino
1135 4101 1334 4170 eraut,
1390 4093 1527 4154 ideo
1556 4092 1893 4170 significant
1926 4093 2185 4166 Divina,
2227 4107 2365 4148 nam

239 4207 280 4248 a
331 4191 590 4252 Domino
640 4193 787 4254 nihil
828 4194 946 4255 nisi
981 4209 1158 4270 quam
1205 4196 1493 4262 Divinum
1547 4192 1847 4268 procedit:
1902 4192 2142 4268 singula
2188 4192 2367 4248 etiam
