2700 4792
412 332 523 386 406
845 319 1333 376 APOCALYPSIS
1376 318 1815 380 EXPLICATA.
1884 319 1936 390 §0
1984 327 2119 384 242.

405 485 718 559 argentum
751 497 870 539 non
904 480 1308 540 aestimabunt
1343 495 1455 539 nec
1492 495 1639 538 auro
1676 477 2177 549 delectabuntur,
2232 483 2542 554 argentum

405 588 500 642 est
530 597 742 640 verum
776 579 1115 649 Ecclesiae,
1151 587 1212 640 et
1246 597 1457 640 aurum
1496 585 1591 638 est
1621 579 1851 638 bonum
1890 578 2065 655 ejus3
2124 594 2305 638 arcus
2342 593 2544 636 eorum

404 679 742 759 significant
799 679 1148 738 doctrinalia
1207 680 1347 740 falsi
1404 681 1726 756 pugnantis
1782 685 2009 738 contra
2071 695 2225 738 vera
2274 683 2337 738 et
2367 677 2540 750 bona,

403 800 478 841 n:
521 781 734 839 2686.
789 783 1013 853 27093
1071 780 1332 856 juvenes
1383 795 1531 855 quos
1578 779 1854 853 allident,
1916 779 2273 854 significant
2320 776 2539 835 intelli-

402 885 614 958 gentes
669 896 745 938 ex
791 881 984 955 veris,
1035 898 1108 938 n:
1153 883 1375 955 76683
1427 879 1533 938 filii
1568 879 1785 955 quibus
1835 897 1963 937 non
2013 884 2302 954 parcent,
2355 878 2537 952 signi-

401 981 583 1040 ficant
607 981 743 1056 ipsa
764 997 926 1037 vera.
983 980 1162 1056 Apud
1179 981 1450 1040 Eundem
1490 1023 1529 1054 „
1545 977 1789 1039 Turma
1811 975 2240 1039 Camelomm
2266 977 2539 1054 obteyent

403 1085 490 1157 te,
556 1096 767 1138 omnes
804 1095 838 1136 e
879 1076 1112 1139 Scheba
1149 1081 1392 1140 venient
1397 1123 1423 1165 ὃ
1474 1097 1709 1140 aarum
1748 1084 1821 1151 ,et
1862 1077 2023 1138 thus
2050 1077 2441 1157 portabunt,
2480 1079 2535 1133 et

402 1177 630 1240 laudea
654 1175 929 1239 Jehovae
962 1180 1445 1249 annuntiabunt,
1497 1177 1669 1238 Mihi
1703 1176 1967 1240 insulae
2010 1175 2363 1258 confident,
2416 1192 2530 1234 na·

407 1297 629 1359 vesque
657 1276 1085 1340 marso-hisch
1121 1279 1212 1341 ad
1245 1277 1690 1340 adducendum
1704 1276 1897 1360 filios
1928 1284 2083 1338 tuoe
2110 1297 2145 1336 e
2172 1275 2532 1355 lonqinquoe

398 1384 737 1460 argentum
789 1395 1002 1440 eorum
1038 1383 1098 1438 et
1137 1399 1370 1442 aurum
1421 1396 1636 1439 eoram
1690 1397 1833 1440 cum
1876 1376 2028 1438 illie
2051 1381 2091 1412 ‘⁶‘
2148 1377 2301 1436 LX:
2352 1379 2407 1435 6.
2458 1375 2491 1431 9
2507 1392 2524 1447 3

401 1482 600 1558 agitur
633 1479 714 1537 ibi
762 1478 836 1537 de
872 1480 1132 1540 adventu
1163 1481 1436 1550 Domini,
1490 1486 1551 1538 et
1584 1496 1695 1556 per
1729 1485 1994 1538 turmam
2036 1476 2404 1536 camelorum
2438 1475 2525 1530 in-

400 1581 748 1656 telliguntur
812 1596 1016 1638 omnes
1077 1583 1181 1661 qui
1240 1583 1299 1639 in
1363 1579 1797 1656 cognitionibus
1860 1581 2003 1638 veri
2068 1584 2130 1636 et
2181 1575 2321 1634 boni
2370 1577 2518 1640 sunt,

396 1697 469 1738 ιιι
513 1680 721 1738 3048.
767 1679 974 1738 3071.
1021 1682 1498 1755 3143.·3145;
1534 1697 1646 1755 per
1681 1678 1989 1740 Schebam
2030 1696 2063 1736 e
2104 1693 2225 1753 qua
2262 1674 2511 1742 venient,

395 1778 806 1854 intelliguntur
840 1779 940 1837 ubi
975 1781 1146 1856 ipsae
1171 1779 1313 1838 illae
1342 1782 1729 1856 cognitioneS‚
1767 1798 1835 1838 n:
1887 1783 1919 1838 l
1941 1783 1971 1837 1
1995 1781 2108 1837 71.
2156 1776 2347 1838 3240
2358 1792 2376 1848 3
2410 1787 2515 1847 per

399 1896 610 1936 aurum
652 1883 712 1935 et
745 1877 882 1936 thus
920 1897 1074 1954 quae
1108 1867 1458 1955 portabunt,
1502 1879 1920 1955 intelliguntur
1956 1878 2121 1937 bona
2158 1891 2229 1934 ac
2267 1888 2411 1932 vera
2442 1886 2510 1928 ex

397 1977 554 2036 bono
592 1995 746 2052 quae
781 1977 919 2037 inde
954 1986 1144 2054 grata,
1200 1997 1313 2056 per
1347 1998 1559 2038 aurum
1592 1980 1751 2039 bona
1788 1986 1849 2038 et
1884 1997 2002 2056 per
2041 1976 2181 2036 thus
2216 1974 2320 2032 illa
2356 1986 2502 2041 vera,

397 2095 468 2136 n:
513 2079 728 2136 9993.
777 2080 1036 2137 10177.
1084 2082 1353 2155 102963
1406 2097 1519 2156 per
1552 2080 1783 2138 insulas
1836 2097 1999 2161 quae
2038 2075 2367 2144 confident,
2418 2072 2502 2127 in-

395 2175 748 2252 telliguntur
780 2184 992 2254 gentes
1050 2196 1202 2255 quae
1240 2181 1299 2237 in
1336 2178 1505 2238 cultu
1539 2179 1758 2238 Divino
1796 2187 1942 2237 sunt
1978 2176 2091 2238 sed
2126 2173 2433 2234 remotiore
2466 2183 2499 2223 a

397 2279 558 2335 veris
580 2276 910 2348 Ecclesiae,
939 2297 1008 2336 n:
1047 2279 1075 2336 1
1097 2281 1125 2336 1
1149 2280 1268 2354 583
1304 2297 1418 2355 per
1443 2295 1631 2337 naves
1665 2278 2077 2339 Tharschisch
2104 2272 2499 2346 intelliguntur

397 2378 763 2452 cognitiones
820 2394 1164 2437 communes
1213 2381 1343 2437 veri
1396 2385 1457 2437 et
1508 2379 1647 2438 boni
1698 2379 1913 2456 quibus
1967 2381 2173 2438 insunt
2204 2371 2406 2449 plures
2436 2368 2491 2422 in

391 2475 770 2554 particulari,
829 2495 899 2540 n:
956 2480 985 2535 1
1007 2480 1166 2537 977.
1224 2480 1411 2538 6385
1431 2498 1448 2553 3
1528 2496 1641 2555 per
1700 2478 1855 2538 filios
1922 2495 2078 2557 quos
2134 2473 2421 2532 adducent
2465 2481 2493 2523 e

389 2576 714 2654 longinquo
747 2577 1159 2664 intelliguntur
1183 2595 1332 2637 vera
1354 2581 1694 2650 remotiora,
1728 2579 1835 2638 filii
1868 2586 2015 2638 sunt
2039 2592 2185 2636 vera
2220 2578 2491 2642 utsupra,

396 2683 458 2736 et
507 2695 540 2736 e
574 2676 894 2755 longinquo
941 2684 1081 2736 sunt
1127 2695 1282 2754 quae
1332 2682 1679 2754 remotiora,
1732 2698 1802 2738 n:
1849 2679 2063 2738 1613.
2112 2674 2329 2743 9487;
2387 2679 2487 2741 per

394 2781 715 2852 argentum‘
771 2796 974 2836 eorum
1039 2785 1099 2836 et
1156 2793 1366 2836 aurum
1415 2796 1618 2836 eorum
1684 2796 1813 2837 cum
1870 2778 2023 2852 illis,
2104 2769 2485 2849 significantur

393 2878 761 2950 cognitiones
811 2879 942 2936 veri
988 2884 1048 2936 et
1079 2878 1219 2937 boni
1280 2879 1443 2954 apud
1486 2877 1642 2938 illos,
1724 2877 1930 2938 Simile
1980 2874 2343 2953 significatur
2384 2877 2485 2941 per

392 2973 550 3049 ‘1¹10d
612 3017 652 3048 η
673 2973 1006 3054 Sapientes
1064 2976 1176 3055 qui
1222 2984 1519 3038 ‘emunt
1567 2979 1646 3038 ab
1700 2977 1955 3038 Oriente
2000 2974 2094 3038 ad
2142 2971 2339 3032 locum
2383 2957 2481 3023 ubi

391 3069 690 3132 Christus
727 3080 922 3136 natus
931 3121 947 3150 ,
986 3075 1324 3138 obtulerint
1349 3077 1535 3149 dona,
1570 3097 1821 3160 aurum,
1868 3077 2019 3139 thus
2044 3079 2105 3134 et
2128 3060 2479 3151 myrrham“

389 3169 609 3230 Matth:
645 3172 708 3231 H
725 3193 738 3233 ι
787 3179 814 3232 1
837 3179 864 3232 1
889 3194 907 3250 3
963 3175 1304 3237 obtulerunt
1335 3178 1443 3236 illa
1472 3181 1611 3255 quia
1636 3178 2052 3254 significabant
2085 3175 2239 3233 bona
2267 3173 2324 3225 et
2345 3174 2474 3222 vera

391 3272 677 3331 interiora
722 3281 780 3332 et
835 3278 1167 3346 exteriora,
1221 3295 1377 3352 quae
1422 3285 1560 3337 sunt
1596 3295 1844 3337 munera
1876 3281 2012 3340 Deo
2049 3279 2235 3354 grata.
2310 3256 2470 3339 Apud

385 3371 680 3433 Davidem
757 3417 796 3449 „
818 3372 1247 3436 Incurvabunt
1303 3395 1371 3436 se
1424 3375 1550 3438 Illi
1599 3397 1811 3438 omnes
1866 3378 2107 3458 Re923‚
2173 3375 2231 3430 et
2280 3372 2469 3425 omne-⁹

388 3469 622 3532 aemes
661 3474 930 3535 servient
967 3472 1128 3536 Illi:
1181 3476 1439 3536 animae
1464 3497 1824 3557 pauperum
1851 3474 2142 3542 servabit,
2174 3474 2231 3529 et
2265 3459 2461 3528 vivent,

385 3576 447 3632 et
492 3569 674 3635 dabit
725 3572 866 3635 illis
913 3595 993 3638 θα·
1044 3595 1202 3636 auro
1244 3575 1573 3637 Schebae“
1638 3577 1871 3636 Psalm:
1910 3572 2174 3636 LXXIIx
2225 3568 2324 3626 11.
2365 3556 2455 3615 13·

393 3673 478 3732 15
499 3693 517 3748 3
574 3677 753 3733 etiam
787 3674 868 3734 ibi
919 3679 1114 3752 agitur
1162 3677 1235 3735 de
1273 3677 1535 3735 adventu
1570 3677 1839 3752 Domini3
1892 3694 2004 3754 per
2037 3686 2207 3749 reges
2252 3662 2343 3739 qui
2374 3657 2455 3712 in·

386 3772 718 3833 curvabunt
755 3792 821 3834 se
856 3774 1009 3852 Ipsi,
1068 3783 1129 3836 et
1167 3793 1279 3852 per
1314 3785 1524 3852 gentes
1563 3793 1719 3853 quae
1758 3781 2025 3850 servient
2058 3773 2207 3849 Ipsi,
2255 3753 2451 3861 intollit

382 3879 604 3949 guntur
639 3892 844 3935 omnes
881 3878 981 3952 qui
995 3877 1076 3934 *ln
1110 3875 1288 3935 Veris
1328 3884 1469 3934 sunt
1505 3894 1581 3936 ex
1615 3875 1814 3952 Bono,
1857 3877 2017 3954 quod
2050 3889 2156 3951 per
2188 3875 2348 3938 reges
2378 3848 2449 3960 fflf

382 3973 485 4047 qui
523 3974 584 4028 in
619 3977 810 4047 veria,
867 3976 1142 4035 videatur
1177 3993 1365 4053 supra
1400 3995 1467 4034 n:
1512 3978 1621 4051 31,
1680 3982 1740 4035 et
1777 3978 1937 4052 quod
1990 3991 2096 4053 per
2146 3969 2336 4045 gentes
2374 3946 2447 4008 illl

384 4069 488 4140 (1¹1i
521 4068 579 4122 in
615 4068 813 4144 bonis,
855 4076 1032 4132 etiam
1069 4093 1254 4152 supra
1289 4095 1362 4134 n:
1401 4080 1428 4133 1
1449 4077 1567 4151 753
1604 4093 1717 4152 per
1749 4093 2051 4154 pauperes
2086 4081 2225 4148 quos
2258 4065 2441 4117 serva·

380 4161 497 4235 bit,
552 4163 962 4241 intelliguntur
1017 4173 1104 4231 illi
1163 4177 1264 4250 qui
1309 4193 1428 4233 non
1473 4176 1535 4233 in
1584 4177 2019 4252 cognitionibus
2064 4170 2181 4232 veri
2236 4165 2290 4220 ct
2319 4142 2437 4210 b0¹¹i
