2700 4792
313 363 558 422 cAPuT
611 361 952 421 mmmm.
1189 407 1196 414 .
1253 355 1258 360 ·
1708 363 1915 418 vuus2
1959 374 2051 426 20.
2208 376 2318 430 423

193 527 546 587 ficationem
594 541 668 584 ex
720 538 882 598 pane
931 527 994 580 et
1025 522 1167 582 vino
1179 565 1196 596 ,
1253 537 1411 598 quac
1460 519 1801 600 significant
1846 520 2067 582 bonum
2104 527 2321 584 amoris

197 627 489 686 coelestis
527 630 590 685 ct
621 621 984 700 spiritualis,
1039 629 1100 682 et
1135 639 1212 682 ex
1249 623 1597 693 comedere,
1630 623 1793 699 quod
1826 623 2125 700 significat
2154 641 2321 686 com-

191 727 664 786 municationem
721 727 785 782 et
837 724 1411 800 appropriationem5
1477 723 1629 784 haec
1692 722 2141 800 significaverat
2187 726 2324 786 olim

195 827 410 888 Coena
441 823 788 898 Paschalis,
845 828 908 883 et
936 821 1090 884 haec
1123 822 1302 898 hodie
1337 822 1637 902 significat
1672 821 1897 884 Sancta
1932 823 2167 899 Coena,
2222 829 2318 886 vi-

193 928 422 988 deatur
455 942 646 1003 supra
680 941 748 982 n:
794 926 969 998 1463
1025 929 1088 982 et
1131 925 1194 982 ln
1227 923 1554 984 Dona-anu
1586 922 1801 984 Novas
1832 922 2321 986 Hmnosonmn

191 1046 230 1086 n
251 1049 270 1087 t
317 1029 467 1086 210
514 1025 593 1086 ad
642 1027 805 1084 222.
887 1021 1065 1100 Quod
1101 1021 1373 1086 coenare
1434 1025 1693 1098 dicatur,
1748 1030 1843 1082 est
1884 1024 2026 1098 quia
2074 1027 2319 1101 nuptiae

191 1127 426 1188 flebant
461 1124 700 1204 quando
752 1123 982 1198 Coena,
1039 1130 1102 1184 et
1145 1141 1258 1200 por
1297 1127 1541 1202 nuptias
1576 1122 1944 1200 significatur
1980 1124 2319 1201 conjunctio

189 1228 340 1288 boni
375 1233 440 1286 et
472 1228 602 1286 veri
619 1269 636 1300 ,
693 1231 754 1284 et
787 1232 928 1284 tunc
965 1225 1417 1284 communicatio
1444 1225 1874 1302 ,iucundorum
1929 1222 2067 1282 inde
2103 1223 2318 1284 dicitur

191 1332 256 1387 in
292 1326 676 1404 Apocalypsi
728 1321 976 1400 „Beati
1001 1323 1115 1404 qui
1153 1322 1244 1384 ad
1282 1322 1557 1386 Coenam
1586 1321 1963 1402 nuptiarum
1987 1321 2168 1402 Aym‘
2206 1343 2314 1384 vo-

195 1426 332 1488 cati
371 1428 570 1488 sunt“
637 1425 814 1486 XIX:
859 1427 931 1485 9:
983 1431 1044 1484 et
1077 1424 1216 1484 dein
1277 1467 1314 1500 ,‚
1339 1423 1555 1488 Venite
1592 1430 1652 1486 et
1701 1422 2177 1502 oonqreyamini
2227 1424 2319 1486 ad

197 1525 478 1588 Coenam
516 1524 756 1604 Maym‘
802 1524 944 1586 Dea·
965 1527 1005 1559 “
1057 1523 1246 1584 Vers:
1294 1529 1322 1583 1
1343 1531 1403 1586 7.
1480 1524 1637 1602 Quia
1682 1524 1921 1584 Coenac
1980 1524 2317 1600 significant

199 1628 678 1690 consociationes
713 1643 824 1702 per
859 1642 1152 1699 amorem,
1193 1631 1254 1685 et
1287 1630 1431 1685 tunc
1470 1626 2061 1684 communicationem
2089 1626 2314 1702 jucun-

201 1728 432 1797 dorum,
465 1727 604 1788 ideo
631 1725 926 1786 Dominus
953 1728 1321 1800 comparavit
1345 1726 1681 1786 Ecclesiam
1712 1731 1773 1784 et
1800 1723 2049 1784 Coelum
2078 1725 2317 1786 Coenae

201 1835 260 1888 et
287 1844 529 1906 quoque
555 1827 813 1902 Nuptiis,
845 1825 1084 1886 Coenae
1113 1826 1275 1902 apud
1301 1825 1529 1886 Lucam
1558 1825 1802 1901 „Quod
1817 1823 2319 1907 Paterfamilias

188 1928 418 2009 fecerit
455 1944 762 2006 maynam
789 1924 1060 1988 Coenam
1096 1930 1156 1986 et
1189 1925 1501 1987 vocaverit
1543 1923 1779 1988 multos
1792 1971 1810 1997 ,
1854 1926 1969 1986 sed
2008 1927 2175 2006 quod
2199 1946 2314 1989 ex-

197 2027 560 2092 cusaverint
595 2046 666 2086 se
690 2045 903 2087 omnes
939 2027 1054 2105 qui
1078 2027 1313 2097 vocati,
1351 2045 1549 2106 quare
1584 2025 1969 2107 indignatus
1990 2025 2207 2108 jussit
2243 2033 2318 2090 ut

197 2128 666 2190 ina-educerem
699 2145 1040 2207 pauperes,
1080 2145 1369 2197 mancos,
1404 2123 1687 2198 claudos,
1726 2146 1937 2188 caecos
1952 2146 1982 2198 ‚·
2034 2126 2115 2188 de
2130 2127 2314 2208 prio·-

197 2231 378 2292 ribus
419 2227 714 2303 dicendo,
767 2227 936 2308 quod
968 2245 1144 2288 nemo
1183 2247 1401 2290 eorum
1442 2233 1828 2308 yustaturus
1866 2227 1957 2288 sit
1996 2226 2267 2291 Coenam
2275 2231 2313 2263 “

196 2331 376 2392 XIV:
423 2333 506 2389 16
549 2329 626 2388 ad
669 2331 796 2402 24;
851 2346 1048 2405 paene
1085 2329 1359 2390 similiter
1394 2329 1468 2389 de
1504 2331 1725 2406 nuptiis
1774 2329 1853 2389 ad
1886 2346 2039 2407 quas
2082 2329 2317 2390 invitati

203 2436 384 2502 sunt,
431 2430 655 2489 Matth:
701 2429 923 2490 XXII:
986 2433 1014 2488 l
1071 2430 1150 2489 ad
1195 2434 1221 2488 1
1243 2431 1316 2506 53
1378 2447 1489 2506 per
1526 2428 1788 2490 Coenam
1834 2431 1919 2490 ibi
1964 2429 2316 2507 intelligitur

207 2527 488 2588 Ecclesia
523 2536 580 2588 et
602 2528 884 2605 Coelum3
923 2547 1036 2606 per
1067 2533 1350 2590 invitatos
1388 2532 1491 2606 qui
1518 2547 1587 2590 se
1616 2537 2055 2590 excusaverunt
2087 2528 2312 2590 intelli-

195 2635 432 2708 guntur
463 2627 674 2689 Judaei
719 2630 881 2708 apud
935 2647 1088 2706 quos
1122 2631 1398 2692 Ecclesia
1441 2637 1583 2690 tunc
1634 2637 1794 2704 erat,
1847 2629 2119 2688 Ecclesia
2154 2631 2313 2688 enim

194 2734 256 2792 in
291 2732 498 2806 specie
535 2738 626 2789 est
661 2731 766 2789 ubi
794 2731 1060 2790 Verbum
1099 2737 1160 2790 et
1193 2749 1304 2808 per
1331 2730 1600 2790 Verbum
1635 2732 1927 2790 Dominus
1956 2734 2161 2802 notus3
2199 2746 2313 2804 per

195 2846 534 2910 pauperes,
586 2847 861 2901 mancoS‚
920 2831 1202 2903 claudOS,
1239 2848 1455 2890 caecos
1470 2875 1486 2905 ,
1542 2827 1949 2905 intelliguntur
2001 2827 2105 2903 qui
2154 2829 2309 2888 tales

159 2981 164 2986 ,
195 2931 591 3010 spiritualiter
623 2938 793 3001 sunt,
831 2938 890 2990 et
925 2934 1026 3008 qui
1060 2939 1200 2991 tunc
1239 2938 1411 2992 extra
1444 2930 1817 3005 Ecclesiam3
1874 2929 2035 3006 quod
2060 2927 2311 2990 Coelum

199 3040 256 3092 et
275 3030 562 3092 Ecclesia
601 3032 964 3090 assimiletur
997 3032 1080 3092 ibi
1109 3031 1348 3092 Coenae
1387 3038 1448 3090 et
1476 3031 1735 3108 Nuptiis,
1772 3037 1866 3090 est
1892 3033 2035 3109 quia
2060 3029 2309 3092 Coelum

199 3140 288 3194 est
319 3132 664 3208 conjunctio
707 3132 1054 3208 angelorum
1091 3150 1228 3192 cum
1263 3131 1523 3190 Domino
1562 3149 1675 3210 per
1710 3149 2011 3208 amorem,
2067 3139 2129 3192 et
2163 3149 2307 3192 con-

197 3235 444 3293 sociatio
479 3231 718 3291 illorum
753 3234 906 3292 inter
941 3248 1008 3292 se
1044 3250 1156 3309 per
1185 3233 1554 3302 charitatem,
1591 3239 1651 3292 et
1688 3233 1825 3292 inde
1854 3235 2311 3294 communicatio

199 3335 454 3392 omnium
483 3333 886 3408 jucundorum
940 3338 1000 3391 et
1045 3332 1399 3392 felicitatum
1409 3352 1425 3407 3
1480 3332 1751 3394 similiter
1795 3335 2098 3410 Ecclesia,
2172 3336 2311 3409 quia

197 3433 469 3494 Ecclesia
505 3437 600 3490 est
633 3431 882 3492 Coelum
915 3433 1158 3492 Domini
1189 3435 1252 3492 in
1285 3434 1465 3492 terris
1482 3452 1497 3509 ;
1554 3434 1714 3510 quod
1749 3433 1999 3494 Coelum
2048 3436 2129 3493 sit
2162 3450 2308 3494 con-

191 3533 416 3611 junctio
453 3533 802 3608 angelorum
837 3550 974 3594 cum
1006 3533 1266 3593 Domino
1299 3549 1413 3610 per
1446 3551 1741 3605 amorem,
1795 3540 1854 3592 et
1886 3549 2125 3614 quoque
2162 3547 2311 3590 con-

196 3635 444 3695 sociatio
475 3631 714 3692 illorum
750 3640 959 3693 mutua
989 3650 1102 3710 per
1143 3634 1493 3694 charitatem
1510 3678 1527 3708 ,
1582 3633 1857 3692 videatur
1889 3634 1953 3689 in
1992 3629 2193 3708 Opere
2230 3631 2308 3692 de

197 3733 398 3795 coam
426 3751 507 3792 ιιι·
531 3732 810 3794 manno
845 3752 906 3792 n:
943 3737 971 3792 1
989 3735 1027 3794 3
1059 3734 1136 3793 ad
1162 3738 1190 3794 1
1211 3736 1272 3805 9,
1304 3739 1372 3794 -et
1402 3733 1539 3792 inde
1564 3721 2019 3794 communicatio
2046 3733 2310 3792 omnium

190 3833 587 3911 jucundorum
625 3841 686 3894 et
719 3834 1087 3908 felicitatum,
1125 3853 1201 3894 n:
1245 3835 1383 3894 396
1416 3833 1495 3892 ad
1525 3833 1689 3893 400.
1742 3832 1814 3892 In
1841 3831 2045 3891 Verbo
2078 3833 2308 3908 passim

90 3917 94 3923 ⁴
199 3934 425 4008 dicitur,
483 3935 646 4012 quod
692 3937 1014 3996 comesturi
1059 3937 1180 3994 sint
1228 3937 1292 3994 in
1327 3933 1531 4008 Coele,
1584 3937 1645 3993 et
1677 3949 1788 4012 per
1818 3931 1972 3991 illud
2014 3933 2076 3992 in
2120 3947 2310 3991 sensu

198 4035 490 4112 spirituali
513 4035 884 4112 intelligitur,
923 4035 1085 4113 quod
1110 4036 1342 4096 fruituri
1368 4037 1487 4095 sint
1509 4033 1877 4095 beatitudine
1914 4040 1975 4094 et
2000 4033 2304 4110 felicitate3

199 4136 282 4194 ita
311 4135 508 4196 simile
545 4132 916 4212 significatur
949 4154 1060 4213 per
1095 4136 1411 4197 comedere
1458 4135 1541 4196 ibi
1575 4136 1735 4214 quod
1768 4153 1879 4214 per
1915 4137 2185 4211 coenari,
2241 4141 2311 4194 ut

201 4237 352 4311 apud
386 4236 615 4296 Lucam
674 4283 708 4312 „
733 4235 992 4299 Venient
1029 4236 1108 4299 ab
1139 4234 1393 4300 Oriente
1429 4243 1490 4301 et
1518 4235 1848 4301 Occidente
1882 4244 1943 4300 et
1979 4257 2021 4300 a
2046 4236 2305 4318 Septen-
