2700 4792
431 379 543 431 326
875 365 1366 422 APOCALYPSIS
1406 367 1843 425 EXPLICATA.
1920 367 1969 436 §.
2010 375 2140 430 20⁹.

431 543 552 604 qua
585 541 770 602 supra
803 541 873 584 n:
921 526 1078 584 135.
1139 523 1460 584 Sciendum
1504 530 1626 599 est,
1684 524 1845 600 quod
1878 523 1995 582 duo
2030 524 2374 601 principalia
2401 525 2509 585 Ee-

429 626 653 686 elesiae
691 627 844 697 sint,
891 642 1106 701 nempe
1156 624 1485 700 agnoseere
1530 624 1817 683 Divinum
1860 624 2103 683 Domini
2156 627 2215 682 in
2260 625 2513 684 Humano

426 726 656 804 Ipsius,
709 741 780 784 ae
834 741 980 784 vera
1027 741 1100 784 ex
1143 723 1346 784 Verbo
1382 725 1581 784 facere
1619 741 1767 783 suae
1801 726 1989 798 vitae,
2040 742 2215 784 nemo
2262 727 2430 783 etiam
2464 728 2515 783 in

431 843 550 886 uno
585 831 788 902 potest
825 841 990 900 esse,
1040 826 1157 883 nisi
1205 824 1385 884 simul
1432 828 1489 882 in
1526 824 1747 896 altem,
1799 841 1938 882 nam
1974 827 2175 882 omnia
2206 842 2349 884 vera
2379 841 2515 906 quae

431 926 582 984 fiunt
613 928 808 1000 vitae,
865 931 1004 983 sunt
1039 941 1078 991 a,
1110 925 1399 999 Domino,
1448 931 1509 983 et
1542 924 1656 983 hoe
1704 925 1865 1001 apud
1898 922 2039 982 illos
2077 928 2181 1000 qui
2214 927 2517 1000 agnoscunt

427 1025 710 1086 Divinum
743 1026 806 1081 in
830 1024 1108 1084 Humano
1134 1023 1366 1101 Ipsius3
1403 1025 1695 1083 Dominus
1730 1027 1885 1082 enim
1920 1024 2115 1082 influit
2148 1025 2309 1102 apud
2338 1039 2517 1081 omnes

427 1133 550 1187 tam
587 1127 646 1182 in
683 1123 868 1183 coelis
907 1141 1082 1201 quam
1130 1127 1190 1182 in
1225 1127 1403 1184 terris
1452 1142 1525 1182 ex
1560 1125 1783 1182 Divino
1818 1123 2099 1184 Humano
2138 1142 2277 1195 suo,
2332 1131 2387 1183 et
2419 1141 2517 1180 non

427 1239 503 1285 ex
535 1224 755 1285 Divino
790 1230 1098 1300 separato,
1135 1241 1248 1284 nee
1285 1243 1361 1284 ex
1394 1225 1671 1284 Humano
1709 1231 2007 1300 separato,
2044 1230 2407 1302 quapropter
2432 1225 2519 1298 qui

428 1328 491 1384 in
519 1326 874 1402 cogitatione
903 1341 1016 1383 sua
1041 1331 1328 1401 separant
1351 1324 1635 1384 Divinum
1654 1323 1895 1384 Domini
1922 1324 1999 1382 ab
2016 1326 2299 1384 Humano
2323 1324 2517 1401 IpsiuS,

427 1437 490 1486 et
535 1431 812 1502 spectant
843 1423 1040 1483 Patris
1089 1425 1375 1484 Divinum
1440 1441 1557 1482 non
1604 1427 1665 1482 in
1717 1424 1819 1482 illo
1869 1425 1979 1483 sed
2018 1425 2198 1502 juxta
2243 1425 2385 1482 illud
2429 1429 2517 1480 aut

423 1543 612 1602 supra
657 1524 806 1583 illud
816 1569 832 1598 ‚
887 1527 974 1583 ita
1017 1531 1397 1601 separatum,
1466 1523 1551 1582 illi
1602 1541 1719 1583 non
1782 1527 2079 1600 recipiunt
2128 1526 2383 1602 aliquem
2436 1526 2516 1581 in-

421 1626 646 1685 fluxum
685 1643 722 1683 a
754 1625 1041 1695 Domino,
1091 1627 1176 1693 ita
1211 1642 1322 1682 nee
1362 1643 1395 1683 e
1432 1624 1649 1698 Coe10‚
1688 1642 1824 1682 nam
1863 1641 2071 1684 omnes
2110 1629 2215 1703 qui
2250 1629 2309 1684 in
2344 1622 2516 1682 Coelis

428 1729 588 1793 sunt,
631 1731 963 1800 agnoscunt
997 1724 1282 1782 Divinum
1317 1724 1951 1794 HumanumDomini,
1992 1726 2065 1784 de
2108 1745 2228 1802 qua
2260 1743 2325 1783 re
2361 1724 2513 1782 etiam

421 1823 700 1882 videatur
733 1827 793 1882 in
822 1823 1020 1901 Opere
1059 1825 1132 1882 de
1163 1823 1367 1884 Coeno
1394 1843 1475 1883 m*
1500 1823 1775 1884 Inmane
1828 1842 1899 1883 n:
1942 1830 1978 1884 2
2022 1827 2101 1884 ad
2146 1829 2207 1885 6.
2254 1831 2284 1882 ⁷
2318 1824 2391 1882 ad
2422 1825 2512 1879 12.

435 1924 520 1984 59
563 1923 640 1981 ad
683 1926 794 1982 67.
859 1925 944 1983 68
999 1924 1078 1981 ad
1119 1928 1230 1982 72.
1296 1927 1381 1983 78
1442 1925 1518 1983 ad
1560 1926 1645 1982 86
1688 1941 1825 2000 seq:
1894 1929 2069 1992 2123
2130 1945 2207 1985 ex
2240 1925 2332 1984 his
2368 1929 2511 1999 patet

433 2023 593 2100 quod
639 2026 840 2082 omnia
885 2040 1032 2082 vera
1063 2041 1236 2099 quae
1281 2023 1429 2084 fiunt
1474 2025 1637 2083 vitae
1682 2027 1801 2083 sint
1838 2042 1875 2082 a
1908 2025 2169 2086 Domino
2209 2023 2364 2101 apud
2395 2020 2514 2080 illos

429 2125 530 2200 qui
567 2130 900 2200 agnoscunt
930 2123 1214 2182 Divinum
1249 2126 1310 2182 in
1344 2124 1623 2183 Humano
1659 2125 1891 2200 IpsiuS,
1926 2125 2039 2183 hoe
2078 2133 2207 2200 est,
2258 2125 2510 2182 Divinum
2624 2145 2626 2182 ;

425 2223 796 2284 Humanum=
823 2223 991 2282 Vera
1013 2223 1162 2282 fiunt
1172 2226 1349 2298 vitae,
1384 2225 1620 2301 quando
1647 2226 1824 2284 homo
1853 2233 2013 2284 amat
2034 2226 2167 2299 illa,
2192 2229 2277 2284 ita
2304 2219 2509 2299 quando

423 2323 556 2382 vult
587 2323 694 2382 illa
747 2330 808 2382 et
855 2324 998 2382 facit
1031 2323 1164 2394 illa,
1225 2341 1364 2382 nam
1414 2327 1515 2400 qui
1550 2332 1711 2385 amat
1754 2327 1807 2383 is
1842 2325 1973 2384 vult
2018 2333 2079 2385 et
2116 2327 2289 2400 facit3
2350 2320 2507 2381 verbo

419 2424 572 2484 fiunt
620 2425 784 2484 vitae
834 2424 1068 2501 quando
1116 2423 1294 2482 homo
1343 2443 1418 2483 ex
1467 2425 1777 2484 affectione
1830 2429 1981 2484 vivit
2026 2426 2355 2485 secundum
2395 2421 2505 2492 illa;

429 2524 587 2600 quod
637 2523 744 2583 illa
787 2542 934 2582 vera
991 2542 1027 2582 a
1061 2525 1320 2582 Domino
1370 2527 1517 2599 sint,
1566 2533 1660 2584 est
1712 2527 1856 2603 quia
1890 2526 2187 2585 Dominus
2241 2526 2418 2583 influit
2457 2522 2507 2575 in

421 2638 696 2684 amorem·
733 2625 895 2701 apud
931 2623 1258 2698 hominem,
1327 2631 1388 2682 et
1437 2643 1549 2700 per
1596 2625 1765 2684 illum
1814 2627 1875 2684 ln
1924 2644 2099 2701 vera,
2154 2633 2216 2685 et
2262 2628 2345 2683 sie
2386 2621 2505 2682 facit

419 2723 572 2784 haec
608 2726 786 2783 vitae.
856 2724 913 2784 N
917 2741 1030 2783 une
1067 2723 1292 2800 ahquid
1347 2725 1577 2784 dicetur
1612 2726 1685 2786 de
1720 2729 1991 2802 potentia
2026 2744 2183 2802 quae
2218 2726 2333 2784 illis
2368 2729 2449 2781 est
2476 2735 2505 2776 a
2620 2700 2622 2736 ²

418 2824 676 2884 Domino
715 2831 919 2883 contra
955 2823 1112 2883 mala
1149 2831 1210 2885 et
1241 2824 1423 2900 salsa3
1464 2828 1651 2884 omnis
1688 2830 1957 2902 potentia
1993 2845 2148 2902 quae
2189 2833 2279 2884 est
2306 2820 2502 2899 angelis

422 2930 486 2982 et
521 2940 758 2999 quoque
796 2941 950 3006 quae
989 2931 1082 2984 est
1115 2925 1452 2984 hominibus
1492 2933 1585 2984 est
1618 2945 1656 2984 a
1688 2926 1975 3002 Domino,
2021 2933 2093 2984 ‘et
2128 2932 2405 3002 quantum
2435 2919 2504 2978 illi

417 3025 716 3098 recipiunt
771 3023 1124 3099 Dominum,
1179 3031 1407 3084 tantum
1450 3029 1755 3102 potentiae
1814 3027 1934 3086 illis
1998 3033 2119 3102 θεῖς
2188 3029 2287 3103 qui
2342 3019 2501 3083 eredit

422 3121 584 3199 quod
617 3139 691 3181 ex
726 3125 968 3199 proprio
1000 3123 1257 3184 hominis
1292 3129 1565 3202 potentia
1602 3129 1681 3185 sit
1717 3134 1925 3185 contra
1957 3125 2088 3198 illa,
2128 3127 2373 3184 multum
2404 3119 2499 3179 fal-

415 3221 560 3281 litui·
571 3240 588 3297 3
643 3229 781 3281 sunt
817 3225 971 3282 enim
1005 3224 1148 3283 mali
1181 3229 1447 3300 spiritqu,
1488 3229 1590 3300 qui
1620 3227 1921 3303 conjuncti
1954 3233 2094 3285 sunt
2127 3227 2383 3296 infernis,
2416 3217 2497 3296 qui

416 3321 678 3381 inferunt
707 3323 868 3400 apud
891 3323 1166 3383 homines
1193 3326 1354 3384 mala
1392 3331 1453 3384 et
1476 3325 1613 3384 inde
1641 3325 1813 3400 falsa,
1854 3334 1915 3386 et
1936 3326 2023 3385 illi
2050 3330 2295 3403 spiritus
2320 3322 2495 3400 plures

418 3428 582 3496 sunt,
623 3427 684 3481 et
719 3426 970 3500 quisque
999 3425 1350 3502 conjunctus
1383 3425 1657 3501 pluribus
1682 3427 1929 3485 infernis
1945 3471 1963 3502 ‚
2000 3430 2061 3485 in
2090 3443 2334 3503 quorum
2366 3435 2491 3478 uno-

420 3525 634 3599 quovis
681 3527 860 3583 etiam
894 3524 1064 3583 multi
1101 3531 1270 3601 sunt,
1309 3512 1447 3584 illos
1486 3525 1561 3584 ab
1595 3526 1831 3585 homine
1870 3534 2143 3587 avertere
2180 3545 2293 3585 non
2326 3519 2491 3599 potest

419 3641 596 3701 quam
634 3624 798 3684 solus
833 3624 1159 3698 Dominus,
1216 3626 1382 3685 solus
1422 3629 1575 3684 enim
1612 3625 1904 3684 Dominus
1954 3633 2308 3703 potestatem
2340 3619 2488 3679 habet

417 3739 602 3800 super
647 3725 912 3800 inferna,
987 3731 1048 3782 et
1092 3742 1344 3801 prorsus
1394 3726 1618 3784 nullam
1662 3725 1839 3784 homo
1895 3743 1970 3784 ex
2008 3743 2075 3786 se
2128 3743 2236 3786 seu
2284 3741 2352 3783 ex
2400 3729 2487 3775 suo

413 3827 688 3903 propt-105
744 3831 1028 3902 quantum
1077 3826 1278 3902 itaque
1330 3826 1507 3885 homo
1564 3827 1915 3902 conjunctus
1970 3833 2062 3886 est
2114 3827 2357 3885 Domino
2398 3829 2484 3894 pel·

413 3941 697 3997 amorem,
731 3930 960 3986 tantum
987 3928 1290 4003 potentiae
1323 3929 1381 3984 ei
1406 3931 1531 3985 est:
1574 3934 1711 3984 sunt
1737 3925 1861 3984 bini
1888 3943 2120 3985 amores
2151 3929 2249 4003 qui
2272 3916 2483 3997 regnant

414 4025 478 4080 in
516 4025 732 4101 coelis,
774 4034 834 4086 et
869 4029 976 4103 qui
1010 4027 1234 4085 faciunt
1270 4026 1507 4098 coeloS‚
1560 4043 1778 4103 nempe
1820 4043 1986 4084 amor
2017 4029 2077 4085 in
2113 4025 2405 4085 Dominum
2434 4015 2481 4070 et

415 4135 586 4175 amor
623 4139 768 4197 erga
808 4128 1178 4204 proximum,
1233 4143 1401 4185 amor
1434 4128 1495 4184 in
1534 4125 1856 4185 Dominum
1890 4133 2141 4186 vocatur
2184 4141 2339 4184 amor
2366 4129 2479 4175 coe-

415 4213 588 4272 lestis
603 4259 622 4290 ,
662 4225 722 4275 et
757 4237 921 4280 amor
957 4240 1100 4299 erga
1133 4228 1466 4300 proximum
1498 4233 1755 4285 vocatur
1792 4245 1959 4285 amor
1994 4226 2339 4304 spirituali&
2384 4212 2477 4276 illis
