2700 4792
444 315 514 368 42
873 303 1367 360 APOCALYPSIS
1408 303 1840 363 EXPLICATA.
1923 303 1971 372 ς.
2016 311 2108 364 37.

445 467 549 542 qui
593 463 983 541 spiritualiter
1033 466 1283 540 cogitat,
1345 467 1399 523 is
1453 465 1609 523 scire
1644 468 1882 538 potest,
1952 462 2113 539 quod
2164 461 2448 523 Jehovah
2489 466 2556 524 in

445 582 556 624 suo
592 564 812 622 Divino
842 563 1002 623 Vero
1030 565 1136 637 sit,
1177 565 1291 624 hoc
1329 567 1484 624 enim
1512 564 1784 640 procedit
1820 562 1896 621 ab
1931 564 2110 640 Ipso,
2160 580 2549 640 consequen-

445 672 540 724 ter
592 664 756 740 quod
810 664 870 722 id
925 683 1036 740 per
1080 665 1271 724 nubes
1325 665 1409 724 ibi
1456 664 1859 741 intelligatur3
1912 665 2049 723 ideo
2097 665 2278 723 etiam
2332 664 2558 724 dicitur

447 765 607 842 quod
640 764 920 824 Jehovah
965 772 1151 841 ponat
1197 765 1389 825 nubes
1427 782 1661 824 currum
1700 781 1908 841 suum,
1971 782 2083 842 per
2118 783 2357 823 currum
2394 768 2558 824 enim

445 864 814 942 significatur
847 864 1115 924 doctrina
1148 868 1305 940 veri,
1364 867 1642 925 videatur
1689 884 1759 924 n:
1816 869 2027 925 2762.
2076 866 2285 924 5321.
2331 867 2554 925 8215.

447 965 731 1026 Similiter
787 967 851 1023 in
908 965 1002 1024 his
1065 967 1246 1042 locis3
1348 967 1513 1043 apud
1571 967 1813 1025 Esaiam
1895 961 2300 1040 „Destillate
2378 963 2561 1026 Coeli

443 1082 736 1145 eupme,
787 1070 846 1123 et
892 1066 1248 1144 superiores
1290 1065 1508 1128 Nubes
1542 1065 1930 1146 justitiam“
1999 1065 2199 1124 XLV:
2246 1067 2305 1125 8.
2368 1067 2562 1143 Apud

442 1166 682 1227 Nahum
743 1163 1067 1241 „Jehovae
1129 1166 1238 1226 via
1309 1185 1453 1227 cum
1495 1166 1680 1227 Nube
1725 1172 1785 1226 et
1828 1162 2125 1227 Procella
2137 1185 2165 1236 ;
2227 1169 2288 1224 et
2332 1165 2562 1227 Nubes·

433 1263 658 1346 pulvis
705 1263 945 1345 pedum
1003 1265 1277 1346 Ῑρθὶπιε(ί
1347 1266 1415 1326 I:
1473 1270 1533 1327 3.
1620 1267 1805 1357 Apud
1850 1267 2147 1326 Davidem
2210 1264 2564 1340 „Tm’lmite

441 1366 633 1428 robur
663 1364 839 1440 De0,
889 1365 1072 1448 cujus
1111 1364 1484 1452 eoecellenyia
1518 1372 1613 1426 est
1648 1386 1839 1447 super
1888 1363 2226 1439 Israelem,
2266 1372 2327 1426 et
2369 1367 2561 1450 cujus

441 1467 630 1528 robur
695 1465 768 1526 in
834 1465 1266 1544 supmoribus
1325 1466 1666 1529 Nubibue“
1747 1467 1981 1527 Psalm:
2054 1466 2352 1526 LXVIII:
2432 1471 2554 1527 35.

441 1568 626 1645 Apud
674 1567 887 1639 Mosen
948 1566 1144 1642 „Non
1196 1566 1365 1628 siout
1420 1568 1629 1628 Deus⁴
1666 1567 2056 1642 Jemhuwn,
2130 1567 2422 1645 equitans
2483 1568 2557 1628 in

445 1663 629 1726 Coelo
665 1666 735 1726 in
767 1664 1021 1728 auxilio
1055 1672 1194 1739 tuo,
1249 1674 1311 1729 et
1346 1667 1417 1728 in
1449 1668 1929 1749 maynificentz'a
1964 1673 2079 1729 tua
2114 1685 2306 1746 super
2338 1666 2565 1728 Nubi-

445 1767 603 1827 bu8“
637 1767 858 1826 Deutr:
897 1768 1215 1827 XXXIII:
1259 1772 1369 1828 26.
1426 1769 1609 1846 Apud
1642 1769 1941 1829 Davidem
1992 1766 2260 1843 „Testis
2295 1767 2368 1827 in
2399 1767 2553 1828 Nu-

442 1866 621 1927 bibus
643 1863 917 1948 fidelis“
976 1868 1210 1926 Psalm:
1249 1869 1613 1930 LXXXIX:
1659 1873 1770 1929 38.
1837 1870 1929 1928 Ex
1955 1870 2047 1929 his
2092 1875 2371 1928 constare
2408 1874 2554 1944 pot-

445 1973 573 2042 est,
634 1967 776 2044 quid
837 1967 1202 2044 significatur
1253 1987 1365 2045 per
1430 1969 1643 2048 „quod
1694 1969 1909 2030 Nubes
1955 1969 2223 2030 Atrium
2280 1968 2557 2029 interius

442 2064 845 2146 impleverit“
909 2067 1138 2127 Ezech:
1184 2068 1279 2128 X:
1326 2072 1387 2130 3.
1428 2074 1504 2129 4:
1594 2070 1672 2130 Et.
1721 2069 1935 2148 „quod
1984 2069 2199 2130 Nubes
2247 2067 2559 2130 resederit

444 2187 636 2247 super
669 2166 1087 2228 Τθνιιΐοῡόίιιπι(ί
1137 2169 1211 2228 de
1249 2187 1369 2247 quo
1407 2174 1650 2248 saepius
1687 2171 1850 2248 apud
1875 2172 2105 2230 Mosen.
2177 2170 2348 2244 Tum,
2383 2156 2556 2246 ‘quod

447 2286 582 2329 cum
618 2268 804 2328 Jesus
859 2269 1318 2329 transformatus
1368 2271 1506 2346 suit,
1562 2274 1730 2330 visus
1778 2273 1954 2330 sitin
2002 2271 2239 2345 Gloria,
2297 2279 2357 2329 et-
2393 2271 2557 2347 quod

442 2368 650 2428 Nubes
707 2369 1081 2429 obvelaverit
1135 2377 1258 2429 tres
1309 2370 1511 2448 Ipsius
1568 2372 1922 2448 discipulos,
1993 2379 2053 2431 et
2103 2370 2263 2447 quod
2310 2389 2341 2431 e
2377 2371 2556 2429 Nube

440 2469 562 2528 illis
614 2469 837 2529 dictum
909 2471 987 2529 sit
1058 2471 1220 2544 „Hic
1297 2478 1392 2530 est
1452 2473 1641 2531 Filius
1702 2473 1877 2531 Meus
1940 2472 2240 2532 dilectus“
2323 2471 2554 2530 Matth:

441 2570 654 2630 XVII:
720 2574 747 2628 1
787 2570 866 2628 ad
902 2573 1010 2631 10.
1081 2571 1279 2630 Marc:
1316 2571 1443 2631 IX:
1489 2576 1519 2631 1
1560 2573 1780 2642 adll.
1836 2573 1999 2632 Luc:
2035 2572 2163 2632 IX:
2207 2573 2294 2631 28
2328 2571 2406 2630 ad
2438 2574 2554 2632 37.

442 2671 778 2731 Videantur
827 2674 1006 2730 etiam
1055 2689 1212 2750 quae
1251 2673 1325 2732 de
1370 2673 1626 2732 Domino
1676 2676 1737 2732 in
1776 2674 1969 2732 medio
2018 2672 2385 2748 Angelorum
2420 2675 2557 2731 viso

442 2773 504 2830 in
537 2771 710 2830 Nube
753 2774 816 2830 in
854 2771 1164 2849 Opusculo
1213 2773 1286 2832 de
1327 2774 1720 2835 Tnmumnns
1758 2793 1822 2832 ιΝ
1856 2774 2203 2848 Umvnuso,
2269 2790 2337 2831 n:
2391 2776 2473 2830 17
2496 2777 2554 2847 1,

441 2875 576 2932 visa
611 2872 764 2930 sunt.
2410 2909 2414 2913 Δ
2478 2880 2485 2886 “

524 3010 526 3013 ψ
601 2975 710 3032 37.
766 2974 844 3032 Et
876 2974 1104 3034 videbit
1136 2974 1347 3050 Ipsum
1374 2979 1563 3034 omnis
1593 2976 1825 3050 oculus,
1866 2976 2029 3051 quod
2056 2975 2351 3052 significet
2389 2975 2562 3050 quod

443 3075 700 3150 agnituri
737 3091 943 3133 omnes
983 3077 1084 3150 qui
1119 3077 1180 3132 in
1217 3076 1375 3134 veris
1415 3092 1492 3133 ex
1526 3077 1683 3135 bono
1720 3083 1899 3146 sunt,
1960 3083 2197 3137 constat
2242 3093 2316 3136 ex
2357 3078 2555 3151 signi·-
2696 3056 2700 3158 Ι

440 3175 714 3233 ficatione
751 3176 976 3250 videre,
1018 3174 1178 3250 quod
1215 3178 1293 3233 sit
1325 3175 1699 3253 intelligere,
1744 3179 2059 3252 percipere
2102 3184 2162 3236 et
2199 3192 2556 3253 agnoscere,
2697 3162 2700 3222 ⁴1

442 3274 516 3334 de
554 3293 673 3352 qua
707 3294 777 3332 n:
823 3277 1034 3334 2150.
1080 3277 1293 3334 2325.
1329 3279 1541 3336 2807.
1584 3279 1793 3352 3764.
1830 3279 2039 3338 3863.
2082 3279 2293 3337 3869.
2334 3279 2554 3336 4723.
2697 3241 2700 3348 ἱ

448 3376 721 3451 107053
792 3383 853 3434 et
901 3392 974 3434 ex
1019 3375 1449 3452 significatione
1505 3378 1691 3452 oculi,
1762 3378 1924 3453 quod
1980 3381 2056 3437 sit
2095 3377 2439 3437 intellectus
2490 3383 2557 3436 et
2697 3371 2700 3378 ⁴

439 3476 618 3550 fides,
693 3477 766 3534 de
815 3491 936 3550 qua
988 3493 1058 3534 n:
1119 3479 1355 3535 2701:
1391 3480 1582 3537 4403
1619 3478 1695 3535 ad
1723 3481 1935 3538 4421.
2002 3481 2192 3538 4523
2226 3478 2303 3536 ad
2333 3478 2554 3536 4534.

448 3578 657 3636 9051.
720 3577 977 3634 10569.
1033 3579 1119 3635 ita
1162 3579 1262 3652 qui
1312 3581 1375 3635 in
1420 3581 1581 3636 veris
1641 3596 1715 3637 ex
1766 3579 1923 3637 bono
1972 3586 2141 3649 sunt,
2204 3597 2343 3636 nam
2387 3578 2449 3636 hi
2494 3581 2562 3636 in

438 3677 554 3735 fide
593 3682 732 3733 sunt
769 3681 828 3733 ct
863 3676 999 3735 inde
1026 3677 1357 3736 intellectu.
1410 3679 1587 3754 Quod
1615 3679 1826 3738 oculus
1855 3679 2151 3756 significet
2178 3679 2558 3737 intellectum

440 3783 502 3835 et
535 3775 745 3846 fidem,
813 3783 904 3834 est
941 3794 1015 3836 cx
1067 3779 1625 3855 correspondentia3
1682 3779 2023 3839 intellectus
2064 3783 2220 3838 enim
2258 3785 2351 3838 est
2385 3779 2555 3836 visus

437 3877 741 3949 internuS,
799 3883 858 3935 et
907 3878 962 3935 is
1017 3881 1186 3937 visus
1226 3885 1318 3936 est
1355 3882 1455 3956 qui
1490 3880 1657 3938 videt
1701 3898 1812 3956 per
1865 3881 2131 3954 oculum,
2197 3881 2556 3938 determinat

441 3977 596 4035 enim
632 3975 787 4035 hunc
824 3978 902 4035 ad
940 3979 1206 4056 objecta,
1267 3985 1327 4037 et
1369 3980 1632 4057 disponit
1666 3983 1953 4041 interiora
1990 3982 2155 4058 ejuS‚
2222 3997 2376 4057 quae
2414 3983 2556 4038 sunt

436 4075 634 4153 plura,
676 4077 752 4135 ad
777 4083 1204 4156 receptionem,
1240 4079 1379 4138 inde
1417 4088 1671 4157 apparet
1703 4084 1808 4140 iris
1843 4089 1907 4144 ‚et
1942 4081 2175 4158 pupilla
2204 4084 2359 4140 nune
2396 4080 2554 4138 dila-

439 4183 583 4253 tata,
641 4197 795 4240 nunc
835 4187 1173 4257 contracta,
1214 4198 1372 4239 nunc
1410 4181 1699 4258 obscura,
1741 4200 1898 4242 nunc
1934 4181 2151 4259 lucida,
2194 4181 2551 4260 quandoque
