2700 4792
435 351 545 406 420
851 336 1342 393 APOCALYPSIS
1386 335 1817 394 EXPLICATA.
1900 337 1947 405 ὖ.
1992 345 2116 398 250.

431 517 608 560 meus
661 496 904 558 amabit
955 515 1096 558 eum
1110 543 1126 573 ,
1185 501 1247 556 et
1303 495 1395 557 ad
1444 515 1586 557 eum
1623 495 1968 569 venientu-3,
2034 501 2093 556 et
2150 493 2509 555 mansionem

429 597 607 681 apud
641 594 833 658 illum
871 597 1197 678 faciemus
1211 641 1228 669 ,
1281 597 1394 677 qui
1431 615 1571 658 vero
1620 615 1744 657 non
1782 601 1962 656 amat
1994 595 2102 657 Me
2118 641 2136 666 ,
2186 595 2359 654 verba
2390 611 2509 654 mea

429 719 555 760 non
599 700 856 758 servat“
912 697 1085 758 XIV:
1129 701 1239 757 21.
1284 699 1397 757 23.
1442 701 1563 757 24:
1604 703 1664 757 et
1694 713 1931 774 quoque
1980 697 2139 774 apud
2172 695 2506 754 Matthaeum

433 797 814 876 „Dominus
852 796 1031 860 dimit
1069 795 1158 858 ad
1181 797 1391 862 hircos
1434 797 1750 878 quierant
1784 816 1825 858 a
1854 796 2144 859 sinistris
2161 841 2179 866 ,
2227 793 2380 874 quod
2411 793 2505 852 ab·

432 900 598 960 irent
635 897 706 959 in
742 899 956 979 iynem
991 904 1313 959 aetemum
1330 943 1344 970 ,
1390 902 1450 958 et
1489 895 1580 958 ad
1610 917 1753 958 oves
1790 917 1951 977 quae
1986 901 2164 958 erant
2202 915 2243 956 a
2267 893 2496 966 dextris,

431 997 600 1080 quod
637 997 802 1060 irent
841 999 912 1060 in
950 999 1152 1060 vitam
1176 1001 1539 1060 aetemam“
1580 999 1785 1058 XXV:
1824 1001 1905 1058 31
1946 999 2023 1058 ad
2053 1002 2171 1072 463
2210 995 2356 1072 quod
2378 994 2503 1052 hirci

432 1103 551 1160 sint
586 1100 689 1176 qui
724 1117 842 1159 non
874 1101 1099 1159 faciunt
1133 1100 1290 1158 bona
1326 1101 1659 1168 charitatiS,
1698 1107 1759 1158 et
1794 1100 1956 1174 quod
1991 1116 2130 1158 oves
2168 1099 2263 1174 qui
2294 1096 2504 1160 faciunt,

431 1207 601 1277 patet
649 1217 686 1258 a
731 1199 932 1259 verbis
979 1200 1095 1276 ibi3
1163 1200 1338 1258 ambo
1394 1200 1670 1259 dixerunt
1730 1198 1895 1275 qnod
1960 1200 2307 1258 nesciverint
2366 1191 2503 1270 quod

433 1301 631 1360 facere
667 1301 889 1360 bonum
921 1303 1192 1378 proximo
1241 1302 1318 1358 sit
1350 1300 1552 1358 facere
1588 1299 1885 1370 Domino,
1936 1300 2043 1359 sed
2088 1301 2429 1358 instruuntur
2460 1293 2503 1349 si

431 1418 550 1461 non
607 1403 774 1476 prius
819 1417 1014 1476 usque
1068 1401 1164 1460 die
1204 1400 1442 1478 judicii,
1496 1399 1652 1476 quod
1698 1400 1903 1460 facere
1952 1399 2168 1459 bonum
2226 1399 2299 1456 sit
2330 1408 2503 1453 amare

429 1499 768 1560 Dominum.
837 1501 956 1560 Per
999 1503 1259 1576 quinque
1307 1502 1568 1577 virgines
1620 1499 1820 1559 fatuas
1877 1519 2031 1578 quae
2079 1517 2193 1558 non
2238 1494 2503 1555 habebant
2580 1485 2591 1494 ‘

434 1601 636 1661 oleum
668 1603 729 1658 in
762 1599 1192 1676 lampadibu5,-
1223 1604 1401 1660 etiam
1434 1600 1847 1676 intelliguntur
1881 1601 1971 1660 illi
2018 1602 2117 1676 qui
2148 1602 2206 1658 in
2243 1597 2351 1655 fide
2382 1597 2501 1652 sunt

431 1707 492 1758 et
527 1717 644 1758 non
679 1703 740 1758 in
773 1700 928 1758 bono
967 1700 1301 1777 charitatis3
1360 1707 1419 1760 et
1453 1718 1565 1778 per
1601 1702 1867 1777 quinque
1912 1703 2171 1778 virgines
2206 1696 2499 1774 prudentes

429 1815 582 1876 quae
621 1799 818 1859 oleum
849 1799 1154 1859 habebant
1201 1803 1263 1860 in
1297 1800 1707 1878 lampadibus,
1765 1801 2174 1878 intelliguntur
2222 1799 2316 1875 qui
2348 1796 2501 1854 etiam

427 1903 489 1958 in
523 1899 680 1957 bono
715 1899 1019 1958 charitatis
1057 1907 1213 1976 sunt,
1255 1901 1491 1979 lampas
1530 1882 1685 1960 enim
1722 1903 2021 1978 significat
2046 1901 2217 1960 fidem
2254 1904 2306 1958 et
2332 1895 2502 1954 oleum

427 2001 648 2060 bonum
685 1998 1023 2072 charitatiS,
1063 2001 1141 2062 de·
1171 2002 1264 2061 his
1303 2002 1519 2061 dicitur
1554 2002 1713 2079 quod
1746 2005 2079 2063 intromissi
2111 2003 2251 2074 sint,
2304 1997 2369 2055 de
2400 1992 2501 2052 illis

431 2105 632 2159 autem
670 2100 1004 2160 dicentibus
1039 2102 1312 2177 Domine,
1351 2103 1625 2178 Domine,
1666 2103 1835 2179 aperi
1858 2105 2051 2178 nobis,
2093 2101 2245 2178 quod
2276 2109 2498 2171 respon-

431 2218 562 2262 sum
595 2201 853 2274 tulerint,
897 2200 1146 2276 „Amen
1173 2201 1312 2262 dico
1341 2202 1534 2273 vobi-5,
1572 2221 1696 2264 non
1718 2203 1871 2264 novi
1902 2206 2059 2266 vos“
2100 2200 2299 2262 Matth:
2324 2191 2498 2256 XXV:

434 2305 464 2360 1
511 2301 590 2375 ad
623 2305 731 2359 12.
789 2300 964 2378 Quod
999 2303 1206 2362 ultimo
1243 2309 1513 2380 tempore
1549 2302 1857 2363 Ecclesiae
1897 2304 2255 2376 nullahesset
2285 2297 2417 2356 fides
2446 2294 2497 2349 in

426 2403 746 2462 Dominum
776 2405 913 2479 quia
937 2420 1054 2462 non
1081 2404 1358 2479 charitaS,
1388 2403 1782 2480 significatum
1810 2412 1908 2464 est
1930 2423 2041 2482 per
2070 2403 2223 2480 quod
2248 2397 2496 2476 „Petrus

425 2508 520 2564 ter
543 2503 947 2583 abnegaverit
972 2503 1353 2574 Dominum,
1388 2509 1724 2584 antequam
1756 2501 1982 2584 gallus
2009 2501 2223 2566 cecinit
2232 2504 2267 2535 ί(
2301 2492 2494 2557 Matth=

426 2603 674 2664 XXVI:
719 2607 828 2664 34.
875 2606 960 2664 69
993 2605 1071 2663 ad
1103 2609 1213 2664 74.
1270 2603 1477 2664 Simile
1516 2605 1911 2682 significatum
1952 2613 2045 2666 est
2076 2622 2184 2682 per
2217 2598 2361 2678 quod
2384 2595 2494 2654 Do-

425 2706 622 2764 minus
657 2705 873 2765 dixerit
907 2706 984 2764 ad
1008 2705 1282 2780 Petrum,
1324 2722 1459 2765 cum
1485 2705 1702 2765 Petrus
1738 2705 1973 2766 videret
1996 2707 2319 2766 Johannem
2351 2690 2499 2770 sequi

423 2804 768 2874 Dominum,
832 2849 869 2879 „
886 2804 1066 2880 Quid
1111 2804 1202 2866 ad
1240 2811 1299 2864 te
1336 2804 1555 2876 Petre,
1604 2810 1675 2866 tu
1715 2824 1967 2885 sequere
2010 2804 2115 2866 Me
2140 2793 2494 2864 Quamne-³³8

425 2901 643 2961 Petrus
673 2907 827 2962 enim
856 2905 1000 2964 dixit
1029 2905 1102 2965 de
1131 2905 1428 2980 Johanne,
1469 2905 1618 2982 „hio
1640 2905 1841 2986 quid“
1884 2907 2038 2967 Joh:
2066 2904 2236 2966 XXI:
2268 2903 2367 2959 21.
2399 2895 2490 2964 223

423 3001 643 3061 Petrus
681 3005 837 3062 enim
871 3007 932 3062 in
967 3023 1149 3066 sensu
1184 3009 1695 3084 repraesentativo
1732 3007 2033 3084 significat
2062 3005 2279 3072 Fidem,
2314 3005 2367 3057 et
2396 2993 2490 3052 Jo-

425 3101 654 3160 hannes
683 3101 914 3162 Bonum
943 3105 1280 3166 charitatis:
1319 3114 1381 3166 et
1407 3110 1547 3184 quia
1571 3107 1881 3168 Johannes
1909 3105 2272 3184 significabat
2292 3100 2491 3158 Bonum

426 3201 766 3272 charitatiS,
816 3203 952 3262 ideo
1012 3202 1173 3279 „ille
1214 3207 1505 3272 accubuit
1556 3207 1645 3268 ad
1686 3213 1914 3288 pectus
1951 3203 2290 3272 Domini‘ss
2360 3191 2487 3256 J0h²

425 3301 616 3362 XXI:
663 3305 773 3362 20.
833 3304 1007 3380 Quod
1039 3305 1100 3363 id
1135 3306 1367 3364 Bonum
1402 3309 1583 3366 faciat
1615 3309 1977 3378 Ecclesiam,
2030 3285 2372 3382 significatur
2399 3303 2489 3369 pel·

424 3403 611 3464 verba
663 3404 905 3464 Domini
955 3425 986 3465 c
1025 3423 1199 3465 cruce
1249 3407 1325 3465 ad
1373 3407 1707 3491 Johannem
1767 3453 1805 3484 „
1833 3407 2027 3470 Jesus
2062 3404 2225 3466 vidit
2262 3400 2487 3461 matrem

425 3523 639 3581 suam,
693 3509 752 3566 et
791 3503 1182 3586 discipulum
1221 3527 1400 3586 quem
1438 3509 1727 3578 amabat,
1766 3507 1878 3587 qui
1916 3506 2229 3578 adstabat,
2264 3505 2319 3560 et
2338 3487 2484 3555 dixit

425 3605 626 3669 matri
673 3624 856 3678 suae,
907 3605 1167 3679 Μαῖἰεφ,
1235 3626 1367 3668 ecce
1397 3606 1589 3690 filius
1646 3614 1797 3670 tuus
1814 3653 1830 3682 ,
1882 3615 1942 3669 et
1988 3606 2165 3668 dimit
2211 3583 2484 3675 discipulo

425 3723 553 3766 ecce
589 3712 790 3768 mater
843 3714 994 3780 ταας
1056 3713 1115 3767 et
1167 3727 1246 3768 ex
1287 3705 1411 3769 illa
1450 3709 1609 3770 hora
1662 3709 1898 3788 aceepit
1945 3705 2131 3769 illam
2170 3686 2486 3777 dieozpulus

421 3802 536 3878 ille
571 3805 662 3866 ad
698 3813 810 3868 θῶ(
849 3809 996 3870 Joh:
1024 3807 1199 3868 XIX:
1230 3812 1340 3867 26.
1387 3813 1497 3885 275
1551 3828 1663 3887 per
1696 3818 1947 3870 matrem
1985 3815 2045 3868 et
2077 3824 2185 3884 per
2217 3798 2485 3860 mulierem

423 3905 505 3994 ibi
551 3909 901 3986 intelligitur
935 3909 1238 3984 Ecclesia,
1299 3915 1359 3968 et
1400 3928 1512 3986 per
1551 3910 1889 3971 ,Iohannem
1938 3911 2156 3968 bonum
2200 3888 2480 3961 charitatis,

427 4010 488 4058 et
537 4007 624 4060 sic
658 4025 768 4079 per
821 4009 926 4068 illa
975 4009 1187 4083 verba,
1239 4009 1397 4084 quod
1432 4011 1705 4070 Ecclesia
1757 4014 1869 4070 erit
1914 4011 2014 4069 ubi
2058 4007 2265 4064 bonum
2313 3985 2481 4053 chari-

423 4100 598 4167 ῐᾶῒὶθς
654 4103 763 4159 sed
807 4107 956 4165 haec
1002 4108 1258 4182 amplius
1317 4111 1619 4186 explicata
1657 4110 1971 4171 videantur
2028 4110 2084 4165 in
2130 4104 2271 4164 locis
2317 4084 2479 4152 citatis

397 4196 486 4278 *in
542 4194 867 4260 Doc'rnma
913 4205 1125 4266 Novius
1170 4206 1655 4272 Hmnosommass
1718 4229 1794 4270 n:
1856 4214 2023 4271 122:
2086 4211 2145 4266 et
2200 4195 2483 4278 praeterea
