2700 4792
461 375 572 430 2015
848 365 1344 422 APOCALYPSIS
1386 367 1821 428 EXPLICATA.
1904 368 1950 436 §.
1994 375 2121 429 152.
2188 370 2194 375 '

462 528 540 587 ad
594 526 898 604 Angelum
946 527 1126 606 hujus
1169 527 1513 600 Ecclesiae,
1571 524 1757 588 Haec
1804 525 1965 588 diost
2014 523 2233 588 Elius
2274 526 2502 590 hominis

463 627 694 689 habens
737 623 952 688 oculos
985 645 1139 689 suos
1173 632 1479 708 tanquam
1500 627 1845 707 flammam
1874 626 2076 708 iynie.

622 732 653 788 1
675 730 782 788 52.
835 727 1082 788 Habeas
1119 729 1328 789 oculos
1360 745 1505 789 suos
1540 737 1824 807 tanquam
1859 729 2158 789 flammam
2189 730 2349 805 ignis,
2380 729 2509 806 quod

463 829 760 908 sIgnifieet
793 829 1076 888 Divinam
1107 829 1555 890 Providentiam
1590 847 1667 889 ex
1706 830 1929 890 Divino
1964 845 2168 889 amore
2200 828 2408 905 Ipsius,
2456 847 2510 890 ac

461 931 746 994 Divinam
789 932 1150 1006 sapientiam
1185 937 1248 991 et
1279 930 1737 1008 intelligentiam
1772 933 2268 990 communicatam
2304 929 2407 989 illis
2436 933 2513 1008 qui

459 1034 522 1092 in
556 1048 758 1090 amore
797 1037 858 1090 et
891 1031 1028 1090 inde
1057 1031 1173 1092 fide
1205 1033 1267 1090 in
1301 1031 1513 1110 Ipsum
1548 1038 1712 1090 santi
1768 1031 1929 1108 quod
1960 1030 2125 1091 oculi
2152 1033 2303 1092 sicut
2322 1031 2512 1090 flamme

461 1135 616 1210 ignis
631 1177 648 1208 ‚
727 1149 864 1191 cum
913 1130 988 1192 de
1043 1132 1328 1206 Domino,
1394 1134 1473 1191 sit
1516 1131 1741 1190 Divina
1791 1131 1993 1208 Ipsius
2047 1131 2411 1192 Providentia
2458 1149 2511 1192 ex

467 1233 688 1293 Divino
738 1233 939 1309 Ipsius
985 1249 1221 1303 amore,
1279 1233 1560 1292 videatur
1606 1248 1794 1311 supra
1856 1251 1925 1291 n:
1994 1234 2083 1293 68
2100 1251 2118 1307 3
2174 1233 2324 1310 quod
2374 1235 2513 1292 etiam

467 1335 548 1394 sit
580 1334 800 1393 Divina
833 1335 1132 1410 sapientia
1179 1341 1240 1392 et
1286 1333 1681 1410 intelligentia
1716 1334 2157 1394 communicata
2192 1332 2306 1393 illis
2357 1337 2443 1410 qui
2470 1335 2513 1391 iu

468 1451 673 1494 amore
721 1440 782 1494 et
815 1433 954 1494 inde
995 1433 1114 1494 fide
1165 1436 1226 1492 in
1273 1433 1485 1512 Ipsum
1522 1441 1692 1508 sunt,
1756 1442 1851 1494 est
1902 1436 2047 1512 quia
2094 1451 2203 1511 per
2254 1434 2437 1494 oeulos
2470 1436 2512 1492 in

465 1535 702 1610 Verbo,
757 1552 894 1595 cum
931 1535 1006 1595 de
1053 1534 1424 1605 hominibus,
1485 1533 1855 1612 significatur
1900 1533 2247 1595 intellectus
2292 1537 2407 1595 veri
2416 1579 2431 1610 ,
2472 1539 2513 1592 et

459 1635 803 1696 intellectus
844 1639 974 1696 veri
1009 1642 1102 1694 est
1137 1635 1533 1712 intelligentia
1562 1642 1623 1695 et
1648 1637 1946 1714 sapientia
1957 1655 1975 1711 3
2012 1636 2155 1695 inde
2191 1655 2301 1713 per
2333 1633 2509 1706 oculos,

467 1753 604 1796 cum
641 1735 714 1795 de
741 1736 1030 1810 Domino,
1083 1736 1451 1813 significatur
1485 1737 1707 1796 Divina
1742 1738 2041 1813 sapientia
2078 1744 2141 1796 et
2174 1737 2514 1814 intelligentia

459 1836 794 1914 procedens
829 1837 906 1894 ab
940 1836 1115 1914 Ipso,
1169 1844 1230 1896 et
1268 1837 1429 1915 quod
1466 1837 1739 1913 procedit
1770 1838 1846 1895 ab
1882 1837 2047 1914 Ipso,
2085 1837 2203 1898 hoc
2238 1837 2510 1898 commuui-

465 1943 640 1996 catur
676 1937 926 2012 Angelis
965 1946 1026 1997 et
1059 1937 1399 1996 hominibus
1438 1940 1539 2015 qui
1574 1940 1637 1997 in
1672 1955 1875 1998 amore
1913 1945 1975 1997 et
2020 1938 2165 2000 inde
2202 1938 2314 1998 fide
2348 1940 2400 1996 iu
2434 1937 2510 2012 Ip-

465 2053 602 2097 sum
645 2043 812 2104 sunt;
887 2040 1074 2096 omnis
1121 2041 1304 2098 etiam
1356 2041 1653 2115 sapientia
1689 2046 1751 2098 et
1794 2037 2221 2116 intelligentia,
2284 2055 2421 2117 quae
2448 2040 2513 2096 est

459 2136 714 2214 Angelis
755 2145 816 2198 et
847 2137 1214 2214 hominibus,
1253 2156 1373 2198 non
1407 2145 1501 2198 est
1538 2155 1745 2200 eorum
1782 2139 1893 2200 sed
1928 2140 2177 2198 Domini
2212 2140 2365 2218 apud
2386 2138 2509 2210 illos;

466 2237 626 2315 quod
679 2240 857 2298 etiam
911 2245 1115 2299 notum
1169 2247 1264 2299 est
1309 2242 1371 2298 in
1417 2239 1725 2316 Ecclesia,
1776 2242 1963 2300 scitur
1998 2243 2164 2300 enim
2202 2241 2355 2318 quod
2382 2251 2512 2298 omne

461 2339 683 2398 bonum
719 2339 878 2414 quod
915 2346 1008 2399 est
1041 2343 1260 2399 amoris
1299 2347 1361 2400 et
1396 2357 1569 2400 omne
1605 2358 1814 2401 verum
1854 2341 2011 2417 quod
2050 2351 2147 2402 est
2181 2342 2335 2412 fidei,
2366 2339 2523 2399 aneos
2622 2345 2624 2404 ζ

461 2441 574 2518 sit,
633 2446 692 2500 et
733 2439 880 2500 nihil
915 2440 990 2500 ab
1031 2440 1302 2516 homine,
1368 2457 1441 2502 ae
1475 2459 1623 2502 vera
1658 2443 1909 2501 interius
1952 2444 2086 2502 visa
2142 2449 2204 2502 et
2240 2445 2425 2522 agnita
2447 2439 2512 2498 fa·

461 2543 626 2602 ciunt
657 2541 1131 2618 intelligentiam,
1173 2549 1234 2602 et
1257 2543 1410 2602 haec
1446 2561 1569 2602 una
1602 2559 1737 2602 cum
1771 2543 1943 2602 bonis
1970 2545 2226 2604 interius
2260 2539 2511 2621 perceptis

464 2649 526 2702 et
563 2642 700 2702 inde
749 2643 896 2702 visis
951 2642 1178 2702 faciunt
1223 2645 1609 2720 sapientiam3
1671 2644 1809 2704 inde
1855 2661 2011 2703 nunc
2056 2653 2185 2717 est,
2250 2643 2397 2722 quod
2435 2655 2513 2717 per

460 2743 686 2803 habere
745 2743 952 2804 oculos
1015 2749 1301 2821 tanquam
1349 2744 1647 2802 flammam
1694 2746 1881 2820 ignis,
1956 2747 2141 2804 etiam
2202 2743 2515 2822 significetur

461 2844 684 2903 Divina
717 2846 1018 2922 sapientia
1053 2851 1113 2902 et
1137 2845 1537 2922 intelligentia
1572 2845 1814 2904 Domini
1844 2847 2284 2907 communicata
2314 2845 2421 2904 illis
2442 2840 2515 2916 qui

463 2946 530 3003 in
562 2943 736 3004 bonis
763 2948 982 3005 amoris
1011 2949 1074 3006 et
1103 2945 1241 3005 inde
1267 2946 1386 3005 fide
1422 2948 1484 3004 in
1510 2947 1721 3023 Ipsum
1746 2952 1903 3007 sunt.
1960 2945 2141 3023 Quod
2176 2945 2351 3007 Oculi
2373 2942 2517 3019 signi-

461 3042 643 3102 ficent
676 3045 1074 3118 intellectum,
1140 3053 1234 3106 est
1269 3048 1413 3122 quia
1456 3049 1647 3106 omnis
1692 3049 1862 3106 visus
1900 3047 2211 3108 oculorum
2255 3045 2406 3124 apud
2432 3043 2514 3101 ho·

460 3145 650 3201 mines
697 3151 760 3204 et
791 3145 1056 3223 Angelos
1104 3147 1241 3208 inde
1279 3154 1402 3223 est3
1460 3148 1619 3224 quod
1660 3150 1850 3206 omnis
1884 3149 2051 3207 visus
2081 3149 2384 3208 oculorum
2412 3141 2513 3202 inde

461 3245 574 3313 sit,
629 3253 883 3321 apparet
917 3247 1071 3305 sicut
1105 3248 1457 3323 paradoxon
1494 3249 1645 3321 illis,
1686 3250 1787 3326 qui
1822 3265 1941 3307 non
1972 3251 2171 3310 sciunt
2206 3261 2413 3310 causas
2440 3259 2515 3302 re-

460 3361 594 3404 rum
627 3347 970 3420 interiores,
1027 3363 1102 3406 ex
1153 3349 1371 3425 quibus
1416 3348 1662 3409 effectus
1700 3351 1993 3408 sistuntur
2026 3353 2087 3408 in
2124 3365 2371 3426 corpore
2382 3367 2397 3422 3
2443 3341 2517 3419 qui

455 3445 592 3507 illas
623 3465 742 3507 non
777 3449 1008 3516 sciunt,
1043 3463 1158 3506 non
1195 3449 1371 3509 aliter
1406 3451 1686 3519 credunt,
1724 3467 1903 3527 quam
1931 3451 2091 3527 quod
2120 3451 2331 3509 oculus
2355 3445 2516 3506 videat

456 3563 533 3607 ex
575 3565 672 3619 se,
731 3550 896 3608 auris
935 3547 1136 3608 audiat
1175 3567 1255 3609 ex
1302 3566 1401 3626 se,
1464 3552 1671 3628 lingua
1708 3557 1911 3630 gustet
1964 3569 2040 3610 ex
2084 3568 2187 3622 se,
2248 3557 2307 3610 et
2342 3555 2514 3622 eorpus

455 3651 682 3708 sentiat
719 3666 795 3707 ex
837 3664 935 3724 se,
1001 3665 1134 3708 cum
1183 3657 1388 3710 tamen
1432 3655 1679 3712 interior
1721 3655 1849 3711 vita
1898 3652 2183 3728 hominis,
2253 3666 2398 3729 quae
2443 3645 2513 3703 est

455 3751 584 3808 vita
621 3735 866 3825 spiritus
903 3750 1066 3827 ejus,
1115 3769 1270 3828 quae
1304 3754 1433 3812 vita
1468 3759 1561 3812 est
1594 3754 1725 3812 vita
1756 3753 2099 3812 intellectus
2144 3760 2205 3813 et
2234 3744 2513 3810 voluntatis

455 3849 590 3926 ejus
619 3865 728 3908 seu
765 3852 1141 3928 cogitationis
1179 3859 1240 3911 et
1267 3851 1618 3928 affectionis,
1662 3855 1849 3913 sentit
1884 3871 1996 3932 per
2034 3871 2259 3931 organa
2290 3845 2510 3926 corporis

451 3947 560 4008 illa
594 3954 836 4026 quaein
871 3952 1090 4012 mundo
1125 3959 1284 4024 sunt,
1325 3960 1387 4012 et
1414 3956 1499 4014 sic
1534 3955 1797 4032 percipit
1818 3954 1925 4014 illa
1950 3955 2299 4014 naturaliter
2309 3973 2327 4029 3
2358 3954 2508 4008 totum

455 4065 674 4128 corpus
719 4069 853 4111 cum
901 4054 1176 4113 omnibus
1223 4056 1350 4112 suis
1400 4057 1689 4114 sensoriis
1737 4060 1832 4116 est
1875 4055 2053 4116 modo
2102 4053 2508 4114 instrumentum

353 4211 375 4222 ,
451 4167 600 4211 suae
635 4154 866 4212 animae
915 4170 1030 4212 scu
1073 4156 1171 4213 sui
1214 4157 1491 4230 spiritus3
1548 4173 1704 4232 quae
1752 4158 1931 4216 etiam
1970 4164 2063 4216 est
2099 4171 2310 4228 causa,
2362 4142 2501 4225 quod,

453 4267 589 4311 cum
635 4258 953 4329 separatur
1001 4255 1244 4328 spititus
1280 4253 1536 4313 hominis
1582 4271 1621 4313 a
1664 4271 1948 4332 corpore,
2020 4273 2239 4334 corpus
2294 4257 2501 4331 prorsus
