2700 4792
343 349 582 408 CAPUT
639 349 1046 406 SECUNDUM.
1721 349 1938 406 VERS=
1980 361 2033 410 7.
2194 362 2299 414 137

177 509 474 574 Secundo
519 507 730 584 Capite
787 506 1126 581 Geneseos,
1187 505 1558 584 intelligatur
1603 506 1831 567 Hortus
1864 509 2302 587 paradisiacus,

175 611 296 672 sed
329 626 456 669 non
487 608 841 685 intelligitur
875 606 963 666 ibi
1005 606 1220 683 aliquis
1248 606 1577 666 Paradisus
1612 610 1932 684 terrestris&
1973 609 2083 670 sed
2108 611 2302 670 Para-

176 713 356 772 disus
395 709 696 783 coelestis,
740 709 844 785 qui
869 713 966 768 est
999 705 1120 766 illis
1157 708 1260 783 qui
1291 709 1355 766 in
1381 706 1777 783 intelligentia
1804 715 1865 767 et
1890 712 2189 786 sapientia
2224 729 2300 770 ex

180 809 633 888 cognitionibus
685 808 828 867 boni
863 813 924 866 et
959 809 1090 868 veri
1121 813 1292 882 sunt,
1341 806 1625 866 videatur
1656 824 1845 885 supra
1890 827 1961 869 n:
2009 811 2179 884 109,
2238 817 2301 870 et

176 915 242 972 in
275 911 487 988 Opere
525 908 600 968 de
639 907 842 968 Coeno
871 925 948 966 nr
975 906 1282 982 Ins-nano,
1327 925 1398 964 n:
1436 910 1465 966 1
1486 909 1594 965 76.
1642 910 1670 965 1
1693 910 1816 968 853
1854 909 1991 968 inde
2020 915 2297 970 constare

177 1016 420 1090 potest,
471 1027 588 1068 non
625 1008 822 1067 solum
862 1007 1006 1084 quid
1037 1024 1148 1084 per
1188 1006 1543 1066 Paradisum
1577 1023 1689 1067 seu
1715 1006 1967 1066 Hortum
2004 1011 2065 1067 in
2090 1009 2297 1069 Edene

183 1109 596 1190 significatum
637 1116 760 1182 est,
831 1107 940 1167 sed
981 1110 1162 1166 etiam
1209 1106 1353 1183 quid
1397 1124 1509 1184 per
1554 1107 1877 1166 Paradisos
1928 1124 2037 1166 seu
2072 1109 2296 1169 Hortos
2336 1145 2355 1168 2

177 1213 308 1272 Dei
365 1213 430 1268 in
483 1208 722 1281 Verbo,
802 1214 868 1266 ut
927 1206 1092 1283 apud
1147 1207 1393 1284 Esajam
1453 1249 1493 1280 „
1506 1204 1955 1268 Gomolabitur
2013 1206 2299 1270 Jehovah

181 1311 494 1396 Zionem,
533 1303 962 1368 consolabitur
986 1325 1198 1367 omnes
1225 1306 1567 1367 vastitates
1602 1306 1764 1390 ejus,
1804 1305 1962 1368 adeo
1996 1313 2071 1368 ut
2094 1314 2299 1388 ponat

185 1411 514 1473 decertum
536 1407 674 1490 ejus
701 1407 774 1468 in
795 1405 1004 1477 Edem,
1039 1413 1099 1467 et
1131 1404 1547 1468 solitudinem
1572 1407 1645 1468 in
1668 1405 1955 1468 Hortum
1979 1406 2257 1468 Jehovae
2268 1429 2297 1480 ;

192 1509 450 1572 laetitia
487 1514 546 1570 et
572 1507 894 1588 ¹caudium
929 1506 1282 1570 invenietur
1315 1506 1389 1568 in
1421 1510 1544 1566 ea“
1594 1507 1709 1568 LI:
1766 1507 1825 1568 3‘.
1908 1508 2091 1584 Apud
2136 1509 2297 1569 Eze-

193 1609 449 1672 chielem
497 1607 626 1685 „In
669 1607 861 1670 Edon
894 1607 1106 1670 Horto
1139 1607 1281 1667 Dei
1301 1606 1537 1688 suisti,
1591 1605 1797 1668 omnis
1848 1604 2023 1687 lapis
2057 1607 2303 1687 pretio-

191 1729 312 1771 sus
363 1713 791 1790 tegumentum
851 1710 1078 1769 tuum“
1140 1707 1457 1768 XXVIII:
1522 1712 1551 1766 l
1570 1711 1644 1784 33
1696 1709 1849 1768 haec
1899 1708 2176 1768 dicuntur
2226 1709 2304 1768 de

187 1811 388 1888 Tyro,
441 1812 586 1886 quia
632 1827 744 1886 per
781 1810 1008 1886 Tyrum
1052 1810 1114 1868 in
1149 1807 1353 1868 Verbo
1408 1807 1777 1885 significatur
1818 1808 2095 1868 Ecclesia
2146 1826 2301 1885 quae

181 1916 248 1972 in
285 1909 724 1986 cognitionibus
761 1912 888 1970 veri
929 1917 990 1968 et
1025 1908 1200 1979 boni,
1259 1913 1320 1967 et
1355 1908 1493 1968 inde
1534 1909 1960 1986 intelligentia,
2027 1909 2305 1968 videatur

78 2003 88 2016 ⁸
187 2017 252 2073 in
307 2012 586 2070 AneAms
643 2009 1062 2070 Connnsrmus
1121 2027 1192 2067 n:
1259 2011 1479 2084 12013
1532 2008 1932 2086 intelligentia
1978 2010 2113 2086 ejus
2160 2009 2297 2068 inde

190 2117 286 2174 est
307 2110 480 2170 Eden
515 2109 726 2170 hortus
765 2111 914 2184 Dei,
967 2109 1238 2168 similiter
1271 2107 1429 2185 lapis
1465 2111 1771 2186 pretiosus
1822 2125 1896 2169 ex
1950 2127 2073 2185 quo
2120 2116 2299 2186 tegu-

187 2217 488 2278 mentum,
539 2227 608 2268 n:
667 2213 828 2269 114.
875 2211 1086 2268 9863.
1129 2209 1338 2270 9865.
1386 2210 1599 2268 9868.
1648 2211 1859 2269 9873.
1916 2209 2101 2284 Apud
2130 2209 2299 2268 Eun·

191 2313 328 2372 dem
367 2309 582 2386 „Ecce
611 2308 871 2371 Aschur
905 2307 1148 2370 Gedru-9
1185 2306 1255 2370 in
1277 2307 1528 2369 Libano
1542 2327 1571 2380 ;
1626 2305 1819 2369 Oedri
1848 2326 1973 2368 non
2011 2305 2295 2368 occulta-

191 2415 420 2472 verunt
454 2427 596 2472 eam
629 2409 699 2470 in
724 2409 936 2471 Hom
971 2407 1112 2470 Dei
1121 2429 1149 2480 ;
1191 2409 1399 2469 omnis
1432 2407 1621 2470 arbor
1652 2407 1725 2468 in
1757 2406 1969 2468 Horto
2002 2406 2145 2467 Dei
2178 2425 2303 2468 uon

183 2529 324 2591 par
363 2507 506 2588 suit
551 2506 657 2569 illi
720 2509 790 2570 in
826 2506 1310 2590 pulchritudine
1320 2527 1349 2580 ,·
1419 2505 1763 2588 pulchram
1809 2506 1947 2586 feci
1994 2525 2135 2565 eam
2182 2525 2303 2585 per

193 2605 680 2670 multitudinem
710 2628 1030 2671 ramorum
1059 2609 1228 2691 ejus,
1267 2613 1326 2668 et
1362 2604 1729 2669 aemulatae
1766 2611 1917 2667 aunt
1950 2601 2059 2665 illi
2092 2623 2303 2664 omnes

188 2710 453 2772 arbores
486 2707 678 2770 Ede-n
711 2709 778 2771 in
807 2709 1022 2771 Horto
1057 2707 1244 2770 Deffl
1280 2707 1535 2770 XXXI=
1582 2710 1646 2766 3.
1692 2709 1754 2766 8.
1794 2709 1865 2776 9,·
1918 2722 2029 2782 per
2056 2704 2300 2764 Aschu-

188 2829 318 2871 rem
359 2812 423 2868 in
473 2809 676 2870 Verbo
721 2811 1141 2888 intelliguntur
1180 2809 1269 2868 illi
1322 2811 1425 2886 qui
1475 2825 1587 2886 per
1637 2809 2005 2884 cognitiones
2052 2805 2193 2866 boni
2244 2811 2305 2864 et

193 2913 324 2970 veri
356 2911 686 2970 rationales
721 2912 865 2970 iacti
901 2917 1070 2984 sunt,
1115 2913 1202 2969 ita
1233 2910 1449 2986 quibus
1488 2925 1656 2968 mens
1696 2907 2001 2966 illustrata
2026 2924 2059 2966 e
2096 2907 2299 2982 coelo3

197 3009 361 3086 quod
391 3010 630 3071 Aschur
664 3013 744 3070 sit
778 3010 1072 3070 rationale
1108 3009 1393 3083 hominiS,
1441 3008 1717 3068 videatur
1764 3027 1833 3068 n:
1883 3009 1911 3066 1
1933 3009 1961 3066 1
1982 3009 2043 3066 9.
2092 3011 2119 3066 1
2140 3010 2169 3065 1
2190 3009 2300 3066 86.

202 3108 586 3184 Aliquantum
637 3113 822 3170 etiam
873 3111 971 3170 hic
1017 3110 1447 3187 explicabitur,
1510 3109 1805 3185 quomodo
1852 3107 2303 3184 intelligendum

201 3214 328 3283 est,
374 3209 526 3285 quod
561 3228 772 3270 omnes
811 3212 1177 3286 cognitiones
1216 3210 1360 3270 boni
1396 3216 1457 3268 et
1490 3212 1621 3268 veri
1654 3216 1931 3286 spectent
1966 3209 2045 3268 ad
2078 3209 2300 3268 bonum

197 3311 416 3368 amoris
449 3312 510 3368 in
551 3311 905 3385 Dominum,
953 3307 1030 3369 'et
1076 3326 1314 3387 quoque
1364 3309 1523 3386 quod
1557 3309 1694 3368 inde
1729 3308 2087 3386 procedant,
2142 3323 2299 3384 quae

194 3409 604 3485 significantur
637 3428 748 3487 per
797 3410 1079 3470 Vincenti
1123 3409 1276 3468 dabo
1327 3409 1506 3470 edere
1554 3428 1629 3469 ex
1668 3410 1881 3468 arbore
1933 3410 2091 3470 vitae
2148 3421 2303 3481 quae

191 3514 286 3568 est
331 3511 396 3567 in
442 3511 639 3569 medio
689 3511 966 3570 Paradisi
1011 3510 1158 3586 Dei;
1212 3509 1445 3568 Bonum
1488 3511 1707 3568 amoris
1745 3512 1807 3568 in
1852 3507 2171 3566 Dominum
2208 3509 2305 3561 est

187 3607 332 3685 Ipse
380 3607 710 3682 Dominus,
764 3613 1045 3686 quoniam
1099 3611 1403 3669 Dominus
1457 3616 1551 3669 est
1602 3611 1666 3667 in
1724 3610 1819 3666 sui
1870 3606 2085 3663 amoris
2147 3602 2303 3660 bono

197 3709 362 3785 apud
395 3707 714 3784 hominem,
754 3713 1031 3787 spiritum
1059 3717 1120 3768 et
1149 3710 1458 3786 angelum:
1514 3709 1675 3786 quod
1702 3721 1907 3766 omnes
1936 3704 2303 3779 cognitiones

194 3807 336 3868 boni
374 3815 438 3868 et
471 3811 600 3868 veri
645 3810 790 3870 illuc
843 3816 1124 3888 spectent
1162 3825 1271 3870 seu
1309 3810 1385 3868 ad
1420 3809 1659 3886 Ipsum,
1715 3811 1919 3864 notum
1956 3808 2049 3862 est
2081 3805 2142 3862 in
2180 3802 2300 3860 Ec-

197 3907 387 3968 clesia
423 3907 798 3986 Christiana3
851 3910 1028 3970 docet
1079 3913 1235 3970 enim
1270 3910 1542 3969 doctrina
1574 3907 1675 3976 ibi,
1712 3902 1873 3980 quod
1907 3903 2135 3981 absque
2170 3902 2303 3964 Do-

196 4009 354 4067 mino
393 4008 562 4068 nulla
615 4012 782 4070 salus
801 4055 818 4086 ‚
892 4018 952 4072 et
989 4029 1226 4089 quoque
1283 4008 1445 4087 quod
1496 4010 1557 4066 in
1590 4006 1847 4066 Domino
1883 4007 2073 4065 omnis
2108 4004 2303 4079 salus;

201 4109 570 4186 cognitiones
625 4110 768 4172 boni
821 4119 880 4170 et
929 4113 1060 4175 veri
1123 4128 1231 4170 seu
1281 4107 1637 4168 doctrinalia
1687 4124 1759 4166 cx
1812 4106 2015 4166 Verbo
2070 4105 2304 4177 docent,

201 4209 490 4286 quomodo
525 4209 718 4272 ‘homo
774 4213 972 4288 possit
1018 4213 1225 4272 venire
1290 4209 1365 4268 ad
1416 4209 1645 4284 Deum,
1716 4213 1773 4267 et
1819 4207 2099 4285 conjungi
2147 4206 2303 4287 Ipsi3
