<?xml version="1.0" encoding="UTF-8"?>
<!DOCTYPE html PUBLIC "-//W3C//DTD XHTML 1.0 Transitional//EN"
    "http://www.w3.org/TR/xhtml1/DTD/xhtml1-transitional.dtd">
<html xmlns="http://www.w3.org/1999/xhtml" xml:lang="en" lang="en">
 <head>
  <title>
</title>
<meta http-equiv="Content-Type" content="text/html;charset=utf-8" />
  <meta name='ocr-system' content='tesseract 3.04.00' />
  <meta name='ocr-capabilities' content='ocr_page ocr_carea ocr_par ocr_line ocrx_word'/>
</head>
<body>
  <div class='ocr_page' id='page_1' title='image "./apocalypsisexpl01unkngoog_0026.png"; bbox 0 0 2700 4792; ppageno 0'>
   <div class='ocr_carea' id='block_1_1' title="bbox 406 393 2064 464">
    <p class='ocr_par' dir='ltr' id='par_1_1' title="bbox 406 393 2064 464">
     <span class='ocr_line' id='line_1_1' title="bbox 406 393 2064 464; baseline 0.002 -14"><span class='ocrx_word' id='word_1_1' title='bbox 406 407 480 460; x_wconf 78' lang='lat'><strong>20</strong></span> <span class='ocrx_word' id='word_1_2' title='bbox 833 393 1326 452; x_wconf 82' lang='lat' dir='ltr'>APOCALYPSIS</span> <span class='ocrx_word' id='word_1_3' title='bbox 1372 394 1800 454; x_wconf 82' lang='lat' dir='ltr'><strong>EXPLICATA.</strong></span> <span class='ocrx_word' id='word_1_4' title='bbox 1880 395 1929 464; x_wconf 79' lang='lat'><strong>§.</strong></span> <span class='ocrx_word' id='word_1_5' title='bbox 1970 403 2064 456; x_wconf 75' lang='lat'><strong>21.</strong></span> 
     </span>
    </p>
   </div>
   <div class='ocr_carea' id='block_1_2' title="bbox 333 542 2519 3648">
    <p class='ocr_par' dir='ltr' id='par_1_2' title="bbox 373 542 2519 2040">
     <span class='ocr_line' id='line_1_2' title="bbox 405 542 2519 634; baseline -0.001 -17"><span class='ocrx_word' id='word_1_6' title='bbox 405 565 501 617; x_wconf 80' lang='lat' dir='ltr'><strong>tra</strong></span> <span class='ocrx_word' id='word_1_7' title='bbox 533 555 739 630; x_wconf 79' lang='lat' dir='ltr'><strong>illum,</strong></span> <span class='ocrx_word' id='word_1_8' title='bbox 793 565 855 618; x_wconf 88' lang='lat' dir='ltr'><strong>et</strong></span> <span class='ocrx_word' id='word_1_9' title='bbox 887 557 1026 617; x_wconf 84' lang='lat' dir='ltr'><strong>inde</strong></span> <span class='ocrx_word' id='word_1_10' title='bbox 1062 556 1224 633; x_wconf 89' lang='lat' dir='ltr'><strong>quod</strong></span> <span class='ocrx_word' id='word_1_11' title='bbox 1265 557 1443 616; x_wconf 86' lang='lat' dir='ltr'><strong>homo</strong></span> <span class='ocrx_word' id='word_1_12' title='bbox 1469 542 1595 632; x_wconf 71' lang='lat' dir='ltr'><strong>&#39;qui</strong></span> <span class='ocrx_word' id='word_1_13' title='bbox 1642 557 1704 614; x_wconf 88' lang='lat' dir='ltr'><strong>in</strong></span> <span class='ocrx_word' id='word_1_14' title='bbox 1750 557 1911 614; x_wconf 83' lang='lat' dir='ltr'><strong>veris</strong></span> <span class='ocrx_word' id='word_1_15' title='bbox 1950 572 2025 614; x_wconf 85' lang='lat' dir='ltr'><strong>ex</strong></span> <span class='ocrx_word' id='word_1_16' title='bbox 2058 554 2215 614; x_wconf 88' lang='lat' dir='ltr'><strong>bono</strong></span> <span class='ocrx_word' id='word_1_17' title='bbox 2254 561 2377 634; x_wconf 91' lang='lat' dir='ltr'><strong>est,</strong></span> <span class='ocrx_word' id='word_1_18' title='bbox 2434 557 2519 614; x_wconf 84' lang='lat' dir='ltr'><strong>sit</strong></span> 
     </span>
     <span class='ocr_line' id='line_1_3' title="bbox 403 653 2514 732; baseline -0.001 -14"><span class='ocrx_word' id='word_1_19' title='bbox 403 657 710 728; x_wconf 81' lang='lat' dir='ltr'><strong>Ecclesia,</strong></span> <span class='ocrx_word' id='word_1_20' title='bbox 761 659 1038 717; x_wconf 79' lang='lat' dir='ltr'><strong>videatur</strong></span> <span class='ocrx_word' id='word_1_21' title='bbox 1085 675 1143 720; x_wconf 87' lang='lat' dir='ltr'><strong>n:</strong></span> <span class='ocrx_word' id='word_1_22' title='bbox 1192 657 1413 730; x_wconf 83' lang='lat'><strong>3884,</strong></span> <span class='ocrx_word' id='word_1_23' title='bbox 1472 663 1533 716; x_wconf 92' lang='lat' dir='ltr'><strong>et</strong></span> <span class='ocrx_word' id='word_1_24' title='bbox 1578 657 1639 714; x_wconf 88' lang='lat' dir='ltr'><strong>in</strong></span> <span class='ocrx_word' id='word_1_25' title='bbox 1685 655 1885 732; x_wconf 82' lang='lat' dir='ltr'>Opere</span> <span class='ocrx_word' id='word_1_26' title='bbox 1926 653 2000 714; x_wconf 86' lang='lat' dir='ltr'><strong>de</strong></span> <span class='ocrx_word' id='word_1_27' title='bbox 2042 653 2244 714; x_wconf 61' lang='lat' dir='ltr'><strong>Conco</strong></span> <span class='ocrx_word' id='word_1_28' title='bbox 2282 675 2359 714; x_wconf 78' lang='lat' dir='ltr'><strong>nr</strong></span> <span class='ocrx_word' id='word_1_29' title='bbox 2400 655 2514 715; x_wconf 68' lang='lat' dir='ltr'><strong>In-</strong></span> 
     </span>
     <span class='ocr_line' id='line_1_4' title="bbox 403 755 2510 833; baseline -0.001 -15"><span class='ocrx_word' id='word_1_30' title='bbox 403 777 654 833; x_wconf 62' lang='lat' dir='ltr'><strong>mnne,</strong></span> <span class='ocrx_word' id='word_1_31' title='bbox 675 777 731 816; x_wconf 84' lang='lat' dir='ltr'><strong>n:</strong></span> <span class='ocrx_word' id='word_1_32' title='bbox 779 761 886 818; x_wconf 69' lang='lat'><strong>53.</strong></span> <span class='ocrx_word' id='word_1_33' title='bbox 935 759 1042 817; x_wconf 83' lang='lat'><strong>54.</strong></span> <span class='ocrx_word' id='word_1_34' title='bbox 1087 759 1208 818; x_wconf 82' lang='lat'><strong>57:</strong></span> <span class='ocrx_word' id='word_1_35' title='bbox 1247 758 1463 816; x_wconf 90' lang='lat' dir='ltr'><strong>dicitur</strong></span> <span class='ocrx_word' id='word_1_36' title='bbox 1499 759 1679 816; x_wconf 88' lang='lat' dir='ltr'><strong>etiam</strong></span> <span class='ocrx_word' id='word_1_37' title='bbox 1706 759 1809 832; x_wconf 89' lang='lat' dir='ltr'><strong>qui</strong></span> <span class='ocrx_word' id='word_1_38' title='bbox 1843 758 1903 814; x_wconf 87' lang='lat' dir='ltr'><strong>in</strong></span> <span class='ocrx_word' id='word_1_39' title='bbox 1936 755 2053 814; x_wconf 82' lang='lat' dir='ltr'><strong>fide</strong></span> <span class='ocrx_word' id='word_1_40' title='bbox 2092 773 2168 814; x_wconf 83' lang='lat' dir='ltr'><strong>ex</strong></span> <span class='ocrx_word' id='word_1_41' title='bbox 2194 755 2510 830; x_wconf 81' lang='lat' dir='ltr'><strong>charitate,</strong></span> 
     </span>
     <span class='ocr_line' id='line_1_5' title="bbox 405 856 2511 943; baseline -0.002 -25"><span class='ocrx_word' id='word_1_42' title='bbox 405 861 556 936; x_wconf 83' lang='lat' dir='ltr'><strong>quia·</strong></span> <span class='ocrx_word' id='word_1_43' title='bbox 579 860 772 918; x_wconf 89' lang='lat' dir='ltr'><strong>simile</strong></span> <span class='ocrx_word' id='word_1_44' title='bbox 810 865 934 933; x_wconf 80' lang='lat' dir='ltr'><strong>est3</strong></span> <span class='ocrx_word' id='word_1_45' title='bbox 987 875 1196 916; x_wconf 88' lang='lat' dir='ltr'><strong>verum</strong></span> <span class='ocrx_word' id='word_1_46' title='bbox 1233 860 1391 917; x_wconf 89' lang='lat' dir='ltr'><strong>enim</strong></span> <span class='ocrx_word' id='word_1_47' title='bbox 1438 864 1533 916; x_wconf 90' lang='lat' dir='ltr'><strong>est</strong></span> <span class='ocrx_word' id='word_1_48' title='bbox 1575 857 1743 926; x_wconf 85' lang='lat' dir='ltr'><strong>fidei,</strong></span> <span class='ocrx_word' id='word_1_49' title='bbox 1798 863 1857 916; x_wconf 94' lang='lat' dir='ltr'><strong>et</strong></span> <span class='ocrx_word' id='word_1_50' title='bbox 1902 856 2141 943; x_wconf 49' lang='lat' dir='ltr'><strong>bonurn</strong></span> <span class='ocrx_word' id='word_1_51' title='bbox 2178 863 2269 914; x_wconf 87' lang='lat' dir='ltr'><strong>est</strong></span> <span class='ocrx_word' id='word_1_52' title='bbox 2305 856 2511 916; x_wconf 85' lang='lat' dir='ltr'><strong>ehari-</strong></span> 
     </span>
     <span class='ocr_line' id='line_1_6' title="bbox 403 955 2511 1035; baseline -0.001 -17"><span class='ocrx_word' id='word_1_53' title='bbox 403 960 572 1034; x_wconf 82' lang='lat' dir='ltr'><strong>tatis,</strong></span> <span class='ocrx_word' id='word_1_54' title='bbox 641 961 860 1035; x_wconf 81' lang='lat' dir='ltr'>quippe</span> <span class='ocrx_word' id='word_1_55' title='bbox 911 972 1082 1017; x_wconf 89' lang='lat' dir='ltr'><strong>omno</strong></span> <span class='ocrx_word' id='word_1_56' title='bbox 1131 957 1194 1017; x_wconf 88' lang='lat' dir='ltr'><strong>id</strong></span> <span class='ocrx_word' id='word_1_57' title='bbox 1233 976 1446 1016; x_wconf 86' lang='lat' dir='ltr'><strong>verum</strong></span> <span class='ocrx_word' id='word_1_58' title='bbox 1493 957 1709 1016; x_wconf 86' lang='lat' dir='ltr'><strong>dicitur</strong></span> <span class='ocrx_word' id='word_1_59' title='bbox 1745 955 1905 1032; x_wconf 91' lang='lat' dir='ltr'><strong>quod</strong></span> <span class='ocrx_word' id='word_1_60' title='bbox 1954 955 2129 1014; x_wconf 89' lang='lat' dir='ltr'><strong>homo</strong></span> <span class='ocrx_word' id='word_1_61' title='bbox 2170 955 2386 1031; x_wconf 87' lang='lat' dir='ltr'><strong>eredit,</strong></span> <span class='ocrx_word' id='word_1_62' title='bbox 2448 963 2511 1016; x_wconf 92' lang='lat' dir='ltr'><strong>et</strong></span> 
     </span>
     <span class='ocr_line' id='line_1_7' title="bbox 404 1057 2513 1134; baseline -0.002 -16"><span class='ocrx_word' id='word_1_63' title='bbox 404 1076 574 1120; x_wconf 86' lang='lat' dir='ltr'><strong>omne</strong></span> <span class='ocrx_word' id='word_1_64' title='bbox 609 1059 673 1117; x_wconf 92' lang='lat' dir='ltr'><strong>id</strong></span> <span class='ocrx_word' id='word_1_65' title='bbox 706 1059 924 1118; x_wconf 86' lang='lat' dir='ltr'><strong>bonum</strong></span> <span class='ocrx_word' id='word_1_66' title='bbox 962 1057 1122 1134; x_wconf 85' lang='lat' dir='ltr'><strong>quod</strong></span> <span class='ocrx_word' id='word_1_67' title='bbox 1165 1058 1342 1117; x_wconf 87' lang='lat' dir='ltr'><strong>homo</strong></span> <span class='ocrx_word' id='word_1_68' title='bbox 1382 1064 1569 1117; x_wconf 88' lang='lat' dir='ltr'><strong>amat:</strong></span> <span class='ocrx_word' id='word_1_69' title='bbox 1639 1057 1797 1133; x_wconf 86' lang='lat' dir='ltr'><strong>quod</strong></span> <span class='ocrx_word' id='word_1_70' title='bbox 1845 1073 2019 1115; x_wconf 89' lang='lat' dir='ltr'><strong>omne</strong></span> <span class='ocrx_word' id='word_1_71' title='bbox 2071 1074 2279 1114; x_wconf 86' lang='lat' dir='ltr'><strong>verum</strong></span> <span class='ocrx_word' id='word_1_72' title='bbox 2317 1059 2397 1115; x_wconf 90' lang='lat' dir='ltr'><strong>sit</strong></span> <span class='ocrx_word' id='word_1_73' title='bbox 2432 1075 2513 1116; x_wconf 83' lang='lat' dir='ltr'><strong>ex</strong></span> 
     </span>
     <span class='ocr_line' id='line_1_8' title="bbox 373 1154 2509 1242; baseline -0.001 -23"><span class='ocrx_word' id='word_1_74' title='bbox 373 1160 584 1238; x_wconf 20' lang='lat' dir='ltr'><strong>thone,</strong></span> <span class='ocrx_word' id='word_1_75' title='bbox 641 1168 700 1219; x_wconf 91' lang='lat' dir='ltr'><strong>et</strong></span> <span class='ocrx_word' id='word_1_76' title='bbox 735 1177 906 1219; x_wconf 90' lang='lat' dir='ltr'><strong>omne</strong></span> <span class='ocrx_word' id='word_1_77' title='bbox 941 1159 1082 1218; x_wconf 87' lang='lat' dir='ltr'><strong>fidei</strong></span> <span class='ocrx_word' id='word_1_78' title='bbox 1118 1161 1198 1218; x_wconf 90' lang='lat' dir='ltr'><strong>sit</strong></span> <span class='ocrx_word' id='word_1_79' title='bbox 1226 1177 1308 1242; x_wconf 84' lang='lat' dir='ltr'><strong>ex</strong></span> <span class='ocrx_word' id='word_1_80' title='bbox 1359 1158 1679 1231; x_wconf 82' lang='lat' dir='ltr'><strong>charitate,</strong></span> <span class='ocrx_word' id='word_1_81' title='bbox 1736 1157 2011 1216; x_wconf 86' lang='lat' dir='ltr'><strong>videatur</strong></span> <span class='ocrx_word' id='word_1_82' title='bbox 2062 1159 2124 1214; x_wconf 91' lang='lat' dir='ltr'><strong>in</strong></span> <span class='ocrx_word' id='word_1_83' title='bbox 2176 1154 2509 1232; x_wconf 85' lang='lat' dir='ltr'><strong>Opuseulis</strong></span> 
     </span>
     <span class='ocr_line' id='line_1_9' title="bbox 403 1256 2507 1330; baseline -0.003 -8"><span class='ocrx_word' id='word_1_84' title='bbox 403 1263 478 1322; x_wconf 89' lang='lat' dir='ltr'><strong>de</strong></span> <span class='ocrx_word' id='word_1_85' title='bbox 525 1261 701 1320; x_wconf 68' lang='lat' dir='ltr'><strong>Nova</strong></span> <span class='ocrx_word' id='word_1_86' title='bbox 745 1260 1192 1320; x_wconf 65' lang='lat' dir='ltr'><strong>Hmnosomma</strong></span> <span class='ocrx_word' id='word_1_87' title='bbox 1253 1277 1332 1319; x_wconf 74' lang='lat' dir='ltr'><strong>m·</strong></span> <span class='ocrx_word' id='word_1_88' title='bbox 1394 1277 1540 1318; x_wconf 78' lang='lat' dir='ltr'><strong>nms</strong></span> <span class='ocrx_word' id='word_1_89' title='bbox 1579 1259 1934 1330; x_wconf 68' lang='lat' dir='ltr'><strong>Dec-rrum,</strong></span> <span class='ocrx_word' id='word_1_90' title='bbox 1992 1273 2049 1314; x_wconf 90' lang='lat' dir='ltr'><strong>n:</strong></span> <span class='ocrx_word' id='word_1_91' title='bbox 2116 1259 2203 1316; x_wconf 84' lang='lat'><strong>84</strong></span> <span class='ocrx_word' id='word_1_92' title='bbox 2236 1256 2315 1315; x_wconf 82' lang='lat' dir='ltr'><strong>ad</strong></span> <span class='ocrx_word' id='word_1_93' title='bbox 2346 1259 2507 1316; x_wconf 79' lang='lat'>107.</span> 
     </span>
     <span class='ocr_line' id='line_1_10' title="bbox 411 1357 2507 1434; baseline -0.002 -12"><span class='ocrx_word' id='word_1_94' title='bbox 411 1364 545 1422; x_wconf 89' lang='grc'><strong>108</strong></span> <span class='ocrx_word' id='word_1_95' title='bbox 580 1361 658 1420; x_wconf 84' lang='lat' dir='ltr'><strong>ad</strong></span> <span class='ocrx_word' id='word_1_96' title='bbox 693 1363 862 1419; x_wconf 83' lang='lat'>122:</span> <span class='ocrx_word' id='word_1_97' title='bbox 922 1365 982 1418; x_wconf 88' lang='lat' dir='ltr'><strong>et</strong></span> <span class='ocrx_word' id='word_1_98' title='bbox 1029 1359 1102 1419; x_wconf 85' lang='lat' dir='ltr'><strong>de</strong></span> <span class='ocrx_word' id='word_1_99' title='bbox 1151 1358 1395 1420; x_wconf 69' lang='lat' dir='ltr'><strong>Ummo</strong></span> <span class='ocrx_word' id='word_1_100' title='bbox 1432 1360 1705 1434; x_wconf 79' lang='lat' dir='ltr'><strong>Jnnrcro,</strong></span> <span class='ocrx_word' id='word_1_101' title='bbox 1761 1375 1821 1417; x_wconf 89' lang='lat' dir='ltr'><strong>n:</strong></span> <span class='ocrx_word' id='word_1_102' title='bbox 1856 1359 1943 1418; x_wconf 86' lang='lat'><strong>33</strong></span> <span class='ocrx_word' id='word_1_103' title='bbox 1976 1357 2053 1416; x_wconf 84' lang='lat' dir='ltr'><strong>ad</strong></span> <span class='ocrx_word' id='word_1_104' title='bbox 2087 1359 2209 1416; x_wconf 81' lang='lat'><strong>39:</strong></span> <span class='ocrx_word' id='word_1_105' title='bbox 2264 1363 2392 1416; x_wconf 86' lang='lat' dir='ltr'><strong>tum</strong></span> <span class='ocrx_word' id='word_1_106' title='bbox 2428 1357 2507 1417; x_wconf 85' lang='lat' dir='ltr'><strong>de</strong></span> 
     </span>
     <span class='ocr_line' id='line_1_11' title="bbox 404 1456 2505 1534; baseline -0.002 -11"><span class='ocrx_word' id='word_1_107' title='bbox 404 1463 604 1524; x_wconf 65' lang='lat' dir='ltr'><strong>Cotto</strong></span> <span class='ocrx_word' id='word_1_108' title='bbox 641 1479 720 1520; x_wconf 76' lang='lat' dir='ltr'><strong>nr</strong></span> <span class='ocrx_word' id='word_1_109' title='bbox 754 1460 1060 1533; x_wconf 65' lang='lat' dir='ltr'><strong>Inmane,</strong></span> <span class='ocrx_word' id='word_1_110' title='bbox 1117 1478 1173 1518; x_wconf 75' lang='lat' dir='ltr'><strong>nt</strong></span> <span class='ocrx_word' id='word_1_111' title='bbox 1219 1461 1380 1520; x_wconf 85' lang='lat'><strong>364.</strong></span> <span class='ocrx_word' id='word_1_112' title='bbox 1424 1463 1581 1518; x_wconf 85' lang='lat'>424.</span> <span class='ocrx_word' id='word_1_113' title='bbox 1629 1460 1791 1517; x_wconf 81' lang='lat'>482.</span> <span class='ocrx_word' id='word_1_114' title='bbox 1839 1461 1999 1518; x_wconf 80' lang='lat'><strong>526.</strong></span> <span class='ocrx_word' id='word_1_115' title='bbox 2096 1456 2213 1534; x_wconf 86' lang='lat' dir='ltr'><strong>Qui</strong></span> <span class='ocrx_word' id='word_1_116' title='bbox 2248 1457 2395 1516; x_wconf 86' lang='lat' dir='ltr'>nihil</span> <span class='ocrx_word' id='word_1_117' title='bbox 2428 1457 2505 1518; x_wconf 88' lang='lat' dir='ltr'><strong>de</strong></span> 
     </span>
     <span class='ocr_line' id='line_1_12' title="bbox 401 1557 2503 1635; baseline -0.002 -12"><span class='ocrx_word' id='word_1_118' title='bbox 401 1562 599 1624; x_wconf 84' lang='lat' dir='ltr'><strong>Sensu</strong></span> <span class='ocrx_word' id='word_1_119' title='bbox 632 1565 864 1620; x_wconf 89' lang='lat' dir='ltr'><strong>interno</strong></span> <span class='ocrx_word' id='word_1_120' title='bbox 901 1559 1088 1618; x_wconf 85' lang='lat' dir='ltr'>Verbi</span> <span class='ocrx_word' id='word_1_121' title='bbox 1131 1561 1323 1634; x_wconf 86' lang='lat' dir='ltr'><strong>novit,</strong></span> <span class='ocrx_word' id='word_1_122' title='bbox 1379 1559 1509 1632; x_wconf 91' lang='lat' dir='ltr'><strong>ille,</strong></span> <span class='ocrx_word' id='word_1_123' title='bbox 1574 1577 1707 1619; x_wconf 90' lang='lat' dir='ltr'><strong>cum</strong></span> <span class='ocrx_word' id='word_1_124' title='bbox 1760 1559 1911 1618; x_wconf 90' lang='lat' dir='ltr'><strong>haec</strong></span> <span class='ocrx_word' id='word_1_125' title='bbox 1947 1559 2121 1635; x_wconf 90' lang='lat' dir='ltr'><strong>legit,</strong></span> <span class='ocrx_word' id='word_1_126' title='bbox 2172 1575 2291 1618; x_wconf 90' lang='lat' dir='ltr'><strong>non</strong></span> <span class='ocrx_word' id='word_1_127' title='bbox 2326 1557 2503 1618; x_wconf 81' lang='lat' dir='ltr'><strong>aliter</strong></span> 
     </span>
     <span class='ocr_line' id='line_1_13' title="bbox 401 1658 2506 1736; baseline -0.002 -15"><span class='ocrx_word' id='word_1_128' title='bbox 401 1662 619 1734; x_wconf 87' lang='lat' dir='ltr'><strong>credit,</strong></span> <span class='ocrx_word' id='word_1_129' title='bbox 677 1677 854 1736; x_wconf 88' lang='lat' dir='ltr'><strong>quam</strong></span> <span class='ocrx_word' id='word_1_130' title='bbox 885 1658 1042 1736; x_wconf 89' lang='lat' dir='ltr'><strong>quod</strong></span> <span class='ocrx_word' id='word_1_131' title='bbox 1076 1678 1188 1736; x_wconf 91' lang='lat' dir='ltr'><strong>per</strong></span> <span class='ocrx_word' id='word_1_132' title='bbox 1223 1667 1454 1736; x_wconf 67' lang='lat' dir='ltr'><strong>septem</strong></span> <span class='ocrx_word' id='word_1_133' title='bbox 1482 1660 1789 1719; x_wconf 86' lang='lat' dir='ltr'><strong>Ecclesias</strong></span> <span class='ocrx_word' id='word_1_134' title='bbox 1826 1659 2235 1736; x_wconf 85' lang='lat' dir='ltr'><strong>intelligantur</strong></span> <span class='ocrx_word' id='word_1_135' title='bbox 2266 1666 2506 1735; x_wconf 83' lang='lat' dir='ltr'><strong>septem</strong></span> 
     </span>
     <span class='ocr_line' id='line_1_14' title="bbox 400 1759 2503 1837; baseline -0.001 -17"><span class='ocrx_word' id='word_1_136' title='bbox 400 1761 742 1832; x_wconf 78' lang='lat' dir='ltr'><strong>Ecclesiae,</strong></span> <span class='ocrx_word' id='word_1_137' title='bbox 798 1777 950 1836; x_wconf 86' lang='lat' dir='ltr'><strong>quae</strong></span> <span class='ocrx_word' id='word_1_138' title='bbox 989 1763 1365 1819; x_wconf 85' lang='lat' dir='ltr'><strong>nominantur</strong></span> <span class='ocrx_word' id='word_1_139' title='bbox 1398 1767 1613 1837; x_wconf 87' lang='lat' dir='ltr'><strong>postea</strong></span> <span class='ocrx_word' id='word_1_140' title='bbox 1645 1760 1823 1820; x_wconf 89' lang='lat' dir='ltr'><strong>Vers:</strong></span> <span class='ocrx_word' id='word_1_141' title='bbox 1872 1764 1899 1818; x_wconf 83' lang='grc'>1</span> <span class='ocrx_word' id='word_1_142' title='bbox 1922 1765 1990 1835; x_wconf 85' lang='grc'><strong>1;</strong></span> <span class='ocrx_word' id='word_1_143' title='bbox 2048 1765 2143 1818; x_wconf 88' lang='lat' dir='ltr'><strong>ast</strong></span> <span class='ocrx_word' id='word_1_144' title='bbox 2180 1777 2297 1818; x_wconf 88' lang='lat' dir='ltr'><strong>non</strong></span> <span class='ocrx_word' id='word_1_145' title='bbox 2322 1759 2503 1818; x_wconf 89' lang='lat' dir='ltr'><strong>intel-</strong></span> 
     </span>
     <span class='ocr_line' id='line_1_15' title="bbox 399 1860 2507 1939; baseline -0.002 -17"><span class='ocrx_word' id='word_1_146' title='bbox 399 1863 666 1939; x_wconf 90' lang='lat' dir='ltr'><strong>liguntur</strong></span> <span class='ocrx_word' id='word_1_147' title='bbox 708 1861 1047 1935; x_wconf 71' lang='lat' dir='ltr'><strong>Ecclesiae,</strong></span> <span class='ocrx_word' id='word_1_148' title='bbox 1104 1860 1214 1921; x_wconf 88' lang='lat' dir='ltr'><strong>sed</strong></span> <span class='ocrx_word' id='word_1_149' title='bbox 1267 1878 1471 1921; x_wconf 90' lang='lat' dir='ltr'><strong>omnes</strong></span> <span class='ocrx_word' id='word_1_150' title='bbox 1523 1863 1625 1937; x_wconf 92' lang='lat' dir='ltr'><strong>qui</strong></span> <span class='ocrx_word' id='word_1_151' title='bbox 1680 1862 1756 1920; x_wconf 90' lang='lat' dir='ltr'><strong>ab</strong></span> <span class='ocrx_word' id='word_1_152' title='bbox 1814 1861 2090 1922; x_wconf 83' lang='lat' dir='ltr'><strong>Ecclesia</strong></span> <span class='ocrx_word' id='word_1_153' title='bbox 2137 1865 2307 1934; x_wconf 89' lang='lat' dir='ltr'><strong>sunt,</strong></span> <span class='ocrx_word' id='word_1_154' title='bbox 2360 1861 2507 1936; x_wconf 87' lang='lat' dir='ltr'><strong>quia</strong></span> 
     </span>
     <span class='ocr_line' id='line_1_16' title="bbox 401 1961 1492 2040; baseline -0.001 -18"><span class='ocrx_word' id='word_1_155' title='bbox 401 1962 730 2040; x_wconf 85' lang='lat' dir='ltr'><strong>spiritualis</strong></span> <span class='ocrx_word' id='word_1_156' title='bbox 767 1978 983 2020; x_wconf 88' lang='lat' dir='ltr'><strong>sensus</strong></span> <span class='ocrx_word' id='word_1_157' title='bbox 1020 1961 1209 2020; x_wconf 85' lang='lat' dir='ltr'><strong>Verbi</strong></span> <span class='ocrx_word' id='word_1_158' title='bbox 1241 1963 1340 2021; x_wconf 93' lang='lat' dir='ltr'><strong>ille</strong></span> <span class='ocrx_word' id='word_1_159' title='bbox 1380 1969 1492 2021; x_wconf 90' lang='lat' dir='ltr'><strong>est.</strong></span> 
     </span>
    </p>

    <p class='ocr_par' dir='ltr' id='par_1_3' title="bbox 399 2061 2501 2342">
     <span class='ocr_line' id='line_1_17' title="bbox 559 2061 2497 2140; baseline -0.001 -18"><span class='ocrx_word' id='word_1_160' title='bbox 559 2067 670 2122; x_wconf 81' lang='lat'><strong>21.</strong></span> <span class='ocrx_word' id='word_1_161' title='bbox 707 2063 779 2122; x_wconf 89' lang='lat' dir='ltr'><strong>In</strong></span> <span class='ocrx_word' id='word_1_162' title='bbox 801 2063 966 2137; x_wconf 85' lang='lat' dir='ltr'><strong>Asia,</strong></span> <span class='ocrx_word' id='word_1_163' title='bbox 1003 2063 1162 2139; x_wconf 91' lang='lat' dir='ltr'><strong>quod</strong></span> <span class='ocrx_word' id='word_1_164' title='bbox 1187 2062 1483 2140; x_wconf 88' lang='lat' dir='ltr'><strong>significet</strong></span> <span class='ocrx_word' id='word_1_165' title='bbox 1506 2063 1642 2122; x_wconf 86' lang='lat' dir='ltr'><strong>illos</strong></span> <span class='ocrx_word' id='word_1_166' title='bbox 1671 2064 1857 2140; x_wconf 87' lang='lat' dir='ltr'><strong>quiin</strong></span> <span class='ocrx_word' id='word_1_167' title='bbox 1882 2062 2019 2122; x_wconf 90' lang='lat' dir='ltr'><strong>luce</strong></span> <span class='ocrx_word' id='word_1_168' title='bbox 2046 2061 2497 2138; x_wconf 78' lang='lat' dir='ltr'><strong>intelligentiae,</strong></span> 
     </span>
     <span class='ocr_line' id='line_1_18' title="bbox 401 2157 2499 2239; baseline -0.001 -15"><span class='ocrx_word' id='word_1_169' title='bbox 401 2181 520 2224; x_wconf 88' lang='lat' dir='ltr'><strong>non</strong></span> <span class='ocrx_word' id='word_1_170' title='bbox 545 2170 819 2223; x_wconf 83' lang='lat' dir='ltr'><strong>constare</strong></span> <span class='ocrx_word' id='word_1_171' title='bbox 845 2169 1046 2238; x_wconf 88' lang='lat' dir='ltr'><strong>potest</strong></span> <span class='ocrx_word' id='word_1_172' title='bbox 1073 2163 1333 2233; x_wconf 86' lang='lat' dir='ltr'><strong>aliunde,</strong></span> <span class='ocrx_word' id='word_1_173' title='bbox 1368 2181 1547 2239; x_wconf 89' lang='lat' dir='ltr'><strong>quam</strong></span> <span class='ocrx_word' id='word_1_174' title='bbox 1578 2181 1651 2222; x_wconf 84' lang='lat' dir='ltr'><strong>ex</strong></span> <span class='ocrx_word' id='word_1_175' title='bbox 1676 2163 1815 2223; x_wconf 88' lang='lat' dir='ltr'><strong>idea</strong></span> <span class='ocrx_word' id='word_1_176' title='bbox 1837 2157 2150 2239; x_wconf 87' lang='lat' dir='ltr'><strong>spirituali,</strong></span> <span class='ocrx_word' id='word_1_177' title='bbox 2174 2161 2369 2238; x_wconf 89' lang='lat' dir='ltr'><strong>qualis</strong></span> <span class='ocrx_word' id='word_1_178' title='bbox 2402 2168 2499 2221; x_wconf 87' lang='lat' dir='ltr'><strong>est</strong></span> 
     </span>
     <span class='ocr_line' id='line_1_19' title="bbox 399 2263 2501 2342; baseline -0.001 -19"><span class='ocrx_word' id='word_1_179' title='bbox 399 2264 811 2342; x_wconf 77' lang='lat' dir='ltr'><strong>Angelorum,</strong></span> <span class='ocrx_word' id='word_1_180' title='bbox 836 2263 908 2320; x_wconf 86' lang='lat' dir='ltr'><strong>de</strong></span> <span class='ocrx_word' id='word_1_181' title='bbox 930 2263 1296 2340; x_wconf 85' lang='lat' dir='ltr'><strong>Regionibus</strong></span> <span class='ocrx_word' id='word_1_182' title='bbox 1325 2264 1507 2340; x_wconf 89' lang='lat' dir='ltr'><strong>hujus</strong></span> <span class='ocrx_word' id='word_1_183' title='bbox 1538 2263 1829 2339; x_wconf 84' lang='lat' dir='ltr'><strong>Telluris3</strong></span> <span class='ocrx_word' id='word_1_184' title='bbox 1867 2264 1973 2334; x_wconf 88' lang='lat' dir='ltr'><strong>illi,</strong></span> <span class='ocrx_word' id='word_1_185' title='bbox 2002 2281 2137 2324; x_wconf 90' lang='lat' dir='ltr'><strong>cum</strong></span> <span class='ocrx_word' id='word_1_186' title='bbox 2162 2264 2501 2322; x_wconf 83' lang='lat' dir='ltr'><strong>nominatur</strong></span> 
     </span>
    </p>

    <p class='ocr_par' dir='ltr' id='par_1_4' title="bbox 333 2355 2500 3648">
     <span class='ocr_line' id='line_1_20' title="bbox 333 2355 2500 2446; baseline -0.002 -20"><span class='ocrx_word' id='word_1_187' title='bbox 333 2435 342 2446; x_wconf 29' lang='lat' dir='ltr'><em>r</em></span> <span class='ocrx_word' id='word_1_188' title='bbox 399 2367 567 2434; x_wconf 85' lang='lat' dir='ltr'><strong>Asia,</strong></span> <span class='ocrx_word' id='word_1_189' title='bbox 601 2367 940 2440; x_wconf 88' lang='lat' dir='ltr'><strong>percipiunt</strong></span> <span class='ocrx_word' id='word_1_190' title='bbox 963 2364 1292 2434; x_wconf 89' lang='lat' dir='ltr'><strong>Meridiem,</strong></span> <span class='ocrx_word' id='word_1_191' title='bbox 1329 2355 1463 2423; x_wconf 82' lang='lat' dir='ltr'><strong>cum</strong></span> <span class='ocrx_word' id='word_1_192' title='bbox 1489 2365 1823 2422; x_wconf 89' lang='lat' dir='ltr'><strong>nominatur</strong></span> <span class='ocrx_word' id='word_1_193' title='bbox 1854 2365 2123 2441; x_wconf 83' lang='lat' dir='ltr'><strong>Europa,</strong></span> <span class='ocrx_word' id='word_1_194' title='bbox 2162 2365 2500 2439; x_wconf 87' lang='lat' dir='ltr'><strong>percipiunt</strong></span> 
     </span>
     <span class='ocr_line' id='line_1_21' title="bbox 399 2463 2499 2542; baseline -0.002 -16"><span class='ocrx_word' id='word_1_195' title='bbox 399 2466 910 2542; x_wconf 83' lang='lat' dir='ltr'><strong>Septentrionem,</strong></span> <span class='ocrx_word' id='word_1_196' title='bbox 949 2473 1008 2525; x_wconf 88' lang='lat' dir='ltr'><strong>et</strong></span> <span class='ocrx_word' id='word_1_197' title='bbox 1048 2483 1183 2524; x_wconf 88' lang='lat' dir='ltr'><strong>cum</strong></span> <span class='ocrx_word' id='word_1_198' title='bbox 1220 2466 1460 2536; x_wconf 80' lang='lat' dir='ltr'><strong>Africa,</strong></span> <span class='ocrx_word' id='word_1_199' title='bbox 1494 2467 1833 2541; x_wconf 90' lang='lat' dir='ltr'><strong>percipiunt</strong></span> <span class='ocrx_word' id='word_1_200' title='bbox 1868 2463 2203 2536; x_wconf 84' lang='lat' dir='ltr'><strong>Orientem3</strong></span> <span class='ocrx_word' id='word_1_201' title='bbox 2255 2471 2317 2522; x_wconf 92' lang='lat' dir='ltr'><strong>et</strong></span> <span class='ocrx_word' id='word_1_202' title='bbox 2358 2464 2499 2540; x_wconf 87' lang='lat' dir='ltr'><strong>quia</strong></span> 
     </span>
     <span class='ocr_line' id='line_1_22' title="bbox 395 2564 2497 2644; baseline -0.001 -19"><span class='ocrx_word' id='word_1_203' title='bbox 395 2585 506 2644; x_wconf 92' lang='lat' dir='ltr'><strong>per</strong></span> <span class='ocrx_word' id='word_1_204' title='bbox 549 2565 864 2624; x_wconf 86' lang='lat' dir='ltr'><strong>Meridiem</strong></span> <span class='ocrx_word' id='word_1_205' title='bbox 912 2565 1277 2642; x_wconf 86' lang='lat' dir='ltr'><strong>significatur</strong></span> <span class='ocrx_word' id='word_1_206' title='bbox 1335 2566 1439 2623; x_wconf 82' lang='lat' dir='ltr'><strong>lux</strong></span> <span class='ocrx_word' id='word_1_207' title='bbox 1486 2565 1917 2642; x_wconf 86' lang='lat' dir='ltr'><strong>intelligentiae</strong></span> <span class='ocrx_word' id='word_1_208' title='bbox 1966 2565 2155 2639; x_wconf 87' lang='lat' dir='ltr'><strong>clara,</strong></span> <span class='ocrx_word' id='word_1_209' title='bbox 2216 2564 2352 2623; x_wconf 90' lang='lat' dir='ltr'><strong>ideo</strong></span> <span class='ocrx_word' id='word_1_210' title='bbox 2386 2580 2497 2640; x_wconf 91' lang='lat' dir='ltr'><strong>per</strong></span> 
     </span>
     <span class='ocr_line' id='line_1_23' title="bbox 394 2665 2494 2744; baseline -0.002 -18"><span class='ocrx_word' id='word_1_211' title='bbox 394 2669 606 2726; x_wconf 86' lang='lat' dir='ltr'><strong>Asiam</strong></span> <span class='ocrx_word' id='word_1_212' title='bbox 638 2666 746 2725; x_wconf 91' lang='lat' dir='ltr'><strong>illa</strong></span> <span class='ocrx_word' id='word_1_213' title='bbox 778 2666 878 2725; x_wconf 87' lang='lat' dir='ltr'><strong>lux</strong></span> <span class='ocrx_word' id='word_1_214' title='bbox 907 2666 1303 2744; x_wconf 73' lang='lat' dir='ltr'><strong>significatur,</strong></span> <span class='ocrx_word' id='word_1_215' title='bbox 1341 2665 1455 2725; x_wconf 91' lang='lat' dir='ltr'><strong>hoc</strong></span> <span class='ocrx_word' id='word_1_216' title='bbox 1484 2683 1721 2742; x_wconf 89' lang='lat' dir='ltr'><strong>quoque</strong></span> <span class='ocrx_word' id='word_1_217' title='bbox 1758 2666 1902 2725; x_wconf 90' lang='lat' dir='ltr'><strong>mihi</strong></span> <span class='ocrx_word' id='word_1_218' title='bbox 1936 2665 2141 2724; x_wconf 85' lang='lat' dir='ltr'><strong>datum</strong></span> <span class='ocrx_word' id='word_1_219' title='bbox 2170 2670 2262 2725; x_wconf 90' lang='lat' dir='ltr'><strong>est</strong></span> <span class='ocrx_word' id='word_1_220' title='bbox 2290 2666 2494 2740; x_wconf 77' lang='lat' dir='ltr'><strong>perci-</strong></span> 
     </span>
     <span class='ocr_line' id='line_1_24' title="bbox 393 2763 2497 2844; baseline -0.001 -18"><span class='ocrx_word' id='word_1_221' title='bbox 393 2785 557 2844; x_wconf 91' lang='lat' dir='ltr'><strong>pere,</strong></span> <span class='ocrx_word' id='word_1_222' title='bbox 599 2770 832 2843; x_wconf 89' lang='lat' dir='ltr'><strong>quoties</strong></span> <span class='ocrx_word' id='word_1_223' title='bbox 868 2770 927 2826; x_wconf 91' lang='lat' dir='ltr'><strong>in</strong></span> <span class='ocrx_word' id='word_1_224' title='bbox 958 2769 1098 2827; x_wconf 88' lang='lat' dir='ltr'><strong>idea</strong></span> <span class='ocrx_word' id='word_1_225' title='bbox 1130 2767 1430 2844; x_wconf 86' lang='lat' dir='ltr'><strong>spirituali</strong></span> <span class='ocrx_word' id='word_1_226' title='bbox 1462 2768 1567 2840; x_wconf 85' lang='lat' dir='ltr'><strong>fui,</strong></span> <span class='ocrx_word' id='word_1_227' title='bbox 1607 2772 1667 2826; x_wconf 91' lang='lat' dir='ltr'><strong>et</strong></span> <span class='ocrx_word' id='word_1_228' title='bbox 1694 2769 1954 2842; x_wconf 78' lang='lat' dir='ltr'><strong>cogitavi</strong></span> <span class='ocrx_word' id='word_1_229' title='bbox 1982 2767 2055 2826; x_wconf 90' lang='lat' dir='ltr'><strong>de</strong></span> <span class='ocrx_word' id='word_1_230' title='bbox 2084 2767 2251 2826; x_wconf 87' lang='lat' dir='ltr'><strong>Asia.</strong></span> <span class='ocrx_word' id='word_1_231' title='bbox 2316 2763 2497 2840; x_wconf 82' lang='lat' dir='ltr'><strong>Quod</strong></span> 
     </span>
     <span class='ocr_line' id='line_1_25' title="bbox 393 2865 2493 2943; baseline -0 -18"><span class='ocrx_word' id='word_1_232' title='bbox 393 2869 530 2926; x_wconf 88' lang='lat' dir='ltr'><strong>talis</strong></span> <span class='ocrx_word' id='word_1_233' title='bbox 570 2868 708 2927; x_wconf 88' lang='lat' dir='ltr'><strong>idea</strong></span> <span class='ocrx_word' id='word_1_234' title='bbox 743 2867 816 2928; x_wconf 87' lang='lat' dir='ltr'><strong>de</strong></span> <span class='ocrx_word' id='word_1_235' title='bbox 861 2869 1012 2928; x_wconf 89' lang='lat' dir='ltr'><strong>Asia</strong></span> <span class='ocrx_word' id='word_1_236' title='bbox 1046 2870 1152 2941; x_wconf 87' lang='lat' dir='ltr'><strong>sit,</strong></span> <span class='ocrx_word' id='word_1_237' title='bbox 1213 2875 1305 2926; x_wconf 89' lang='lat' dir='ltr'><strong>est</strong></span> <span class='ocrx_word' id='word_1_238' title='bbox 1341 2870 1485 2943; x_wconf 86' lang='lat' dir='ltr'><strong>quia</strong></span> <span class='ocrx_word' id='word_1_239' title='bbox 1525 2866 1799 2926; x_wconf 86' lang='lat' dir='ltr'><strong>Ecclesia</strong></span> <span class='ocrx_word' id='word_1_240' title='bbox 1834 2865 1915 2926; x_wconf 87' lang='lat' dir='ltr'><strong>ibi</strong></span> <span class='ocrx_word' id='word_1_241' title='bbox 1941 2869 2219 2943; x_wconf 85' lang='lat' dir='ltr'><strong>Antiquis</strong></span> <span class='ocrx_word' id='word_1_242' title='bbox 2254 2871 2493 2942; x_wconf 84' lang='lat' dir='ltr'><strong>t&#39;empo-</strong></span> 
     </span>
     <span class='ocr_line' id='line_1_26' title="bbox 393 2965 2489 3044; baseline -0 -19"><span class='ocrx_word' id='word_1_243' title='bbox 393 2968 558 3026; x_wconf 85' lang='lat' dir='ltr'><strong>ribus</strong></span> <span class='ocrx_word' id='word_1_244' title='bbox 594 2969 731 3040; x_wconf 86' lang='lat' dir='ltr'><strong>fuit,</strong></span> <span class='ocrx_word' id='word_1_245' title='bbox 765 2975 906 3028; x_wconf 91' lang='lat' dir='ltr'><strong>tunc</strong></span> <span class='ocrx_word' id='word_1_246' title='bbox 945 2976 1196 3028; x_wconf 81' lang='lat' dir='ltr'><strong>extensa</strong></span> <span class='ocrx_word' id='word_1_247' title='bbox 1227 2985 1339 3044; x_wconf 89' lang='lat' dir='ltr'><strong>per</strong></span> <span class='ocrx_word' id='word_1_248' title='bbox 1373 2968 1579 3044; x_wconf 90' lang='lat' dir='ltr'><strong>plures</strong></span> <span class='ocrx_word' id='word_1_249' title='bbox 1616 2967 1917 3044; x_wconf 88' lang='lat' dir='ltr'><strong>Regiones</strong></span> <span class='ocrx_word' id='word_1_250' title='bbox 1956 2969 2071 3040; x_wconf 91' lang='lat' dir='ltr'><strong>ibi,</strong></span> <span class='ocrx_word' id='word_1_251' title='bbox 2120 2976 2179 3026; x_wconf 88' lang='lat' dir='ltr'><strong>et</strong></span> <span class='ocrx_word' id='word_1_252' title='bbox 2213 2967 2347 3026; x_wconf 84' lang='lat' dir='ltr'><strong>ideo</strong></span> <span class='ocrx_word' id='word_1_253' title='bbox 2382 2965 2489 3041; x_wconf 90' lang='lat' dir='ltr'><strong>illi,</strong></span> 
     </span>
     <span class='ocr_line' id='line_1_27' title="bbox 394 3068 2489 3145; baseline 0 -19"><span class='ocrx_word' id='word_1_254' title='bbox 394 3070 495 3144; x_wconf 89' lang='lat' dir='ltr'><strong>qui</strong></span> <span class='ocrx_word' id='word_1_255' title='bbox 529 3068 664 3129; x_wconf 89' lang='lat' dir='ltr'><strong>inde</strong></span> <span class='ocrx_word' id='word_1_256' title='bbox 699 3072 760 3128; x_wconf 87' lang='lat' dir='ltr'><strong>in</strong></span> <span class='ocrx_word' id='word_1_257' title='bbox 800 3069 982 3129; x_wconf 88' lang='lat' dir='ltr'><strong>Coelo</strong></span> <span class='ocrx_word' id='word_1_258' title='bbox 1019 3073 1192 3137; x_wconf 89' lang='lat' dir='ltr'><strong>sunt,</strong></span> <span class='ocrx_word' id='word_1_259' title='bbox 1241 3070 1301 3126; x_wconf 89' lang='lat' dir='ltr'><strong>in</strong></span> <span class='ocrx_word' id='word_1_260' title='bbox 1337 3069 1473 3128; x_wconf 86' lang='lat' dir='ltr'><strong>luce</strong></span> <span class='ocrx_word' id='word_1_261' title='bbox 1508 3068 1940 3145; x_wconf 89' lang='lat' dir='ltr'><strong>intelligentiae</strong></span> <span class='ocrx_word' id='word_1_262' title='bbox 1977 3075 2116 3128; x_wconf 89' lang='lat' dir='ltr'><strong>sunt</strong></span> <span class='ocrx_word' id='word_1_263' title='bbox 2126 3088 2143 3143; x_wconf 82' lang='lat'>3</span> <span class='ocrx_word' id='word_1_264' title='bbox 2184 3068 2341 3127; x_wconf 87' lang='lat' dir='ltr'><strong>unde</strong></span> <span class='ocrx_word' id='word_1_265' title='bbox 2378 3074 2489 3142; x_wconf 85' lang='lat' dir='ltr'><strong>est,</strong></span> 
     </span>
     <span class='ocr_line' id='line_1_28' title="bbox 391 3167 2488 3247; baseline 0 -19"><span class='ocrx_word' id='word_1_266' title='bbox 391 3186 526 3228; x_wconf 90' lang='lat' dir='ltr'><strong>eum</strong></span> <span class='ocrx_word' id='word_1_267' title='bbox 563 3167 860 3247; x_wconf 84' lang='lat' dir='ltr'><strong>cogitatur</strong></span> <span class='ocrx_word' id='word_1_268' title='bbox 888 3169 960 3228; x_wconf 87' lang='lat' dir='ltr'><strong>de</strong></span> <span class='ocrx_word' id='word_1_269' title='bbox 988 3169 1164 3242; x_wconf 88' lang='lat' dir='ltr'><strong>Asia,</strong></span> <span class='ocrx_word' id='word_1_270' title='bbox 1205 3170 1368 3244; x_wconf 90' lang='lat' dir='ltr'><strong>quod</strong></span> <span class='ocrx_word' id='word_1_271' title='bbox 1400 3169 1534 3244; x_wconf 82' lang='lat' dir='ltr'><strong>lux,</strong></span> <span class='ocrx_word' id='word_1_272' title='bbox 1575 3169 1769 3244; x_wconf 87' lang='lat' dir='ltr'><strong>qualis</strong></span> <span class='ocrx_word' id='word_1_273' title='bbox 1808 3176 1902 3228; x_wconf 88' lang='lat' dir='ltr'><strong>est</strong></span> <span class='ocrx_word' id='word_1_274' title='bbox 1937 3171 1996 3227; x_wconf 88' lang='lat' dir='ltr'><strong>in</strong></span> <span class='ocrx_word' id='word_1_275' title='bbox 2030 3168 2278 3228; x_wconf 70' lang='lat' dir='ltr'><strong>meridie</strong></span> <span class='ocrx_word' id='word_1_276' title='bbox 2317 3167 2488 3243; x_wconf 87' lang='lat' dir='ltr'><strong>coeli,</strong></span> 
     </span>
     <span class='ocr_line' id='line_1_29' title="bbox 387 3270 2491 3347; baseline -0 -19"><span class='ocrx_word' id='word_1_277' title='bbox 387 3270 626 3330; x_wconf 85' lang='lat' dir='ltr'><strong>influat:</strong></span> <span class='ocrx_word' id='word_1_278' title='bbox 683 3270 844 3346; x_wconf 87' lang='lat' dir='ltr'><strong>quod</strong></span> <span class='ocrx_word' id='word_1_279' title='bbox 893 3270 1151 3345; x_wconf 89' lang='lat' dir='ltr'><strong>antiquis</strong></span> <span class='ocrx_word' id='word_1_280' title='bbox 1198 3270 1597 3346; x_wconf 80' lang='lat' dir='ltr'><strong>temporibuS,</strong></span> <span class='ocrx_word' id='word_1_281' title='bbox 1653 3274 1713 3329; x_wconf 90' lang='lat' dir='ltr'><strong>et</strong></span> <span class='ocrx_word' id='word_1_282' title='bbox 1748 3287 1984 3347; x_wconf 86' lang='lat' dir='ltr'><strong>quoque</strong></span> <span class='ocrx_word' id='word_1_283' title='bbox 2020 3270 2491 3347; x_wconf 75' lang='lat' dir='ltr'><strong>AntiquissimiS,</strong></span> 
     </span>
     <span class='ocr_line' id='line_1_30' title="bbox 387 3369 2489 3447; baseline -0 -19"><span class='ocrx_word' id='word_1_284' title='bbox 387 3370 665 3430; x_wconf 88' lang='lat' dir='ltr'><strong>Ecclesia</strong></span> <span class='ocrx_word' id='word_1_285' title='bbox 698 3371 880 3429; x_wconf 84' lang='lat' dir='ltr'><strong>fuerit</strong></span> <span class='ocrx_word' id='word_1_286' title='bbox 912 3372 972 3426; x_wconf 87' lang='lat' dir='ltr'><strong>in</strong></span> <span class='ocrx_word' id='word_1_287' title='bbox 1007 3370 1180 3444; x_wconf 83' lang='lat' dir='ltr'><strong>Asia,</strong></span> <span class='ocrx_word' id='word_1_288' title='bbox 1240 3377 1491 3430; x_wconf 77' lang='lat' dir='ltr'><strong>extensa</strong></span> <span class='ocrx_word' id='word_1_289' title='bbox 1524 3387 1636 3447; x_wconf 86' lang='lat' dir='ltr'><strong>per</strong></span> <span class='ocrx_word' id='word_1_290' title='bbox 1670 3369 1849 3445; x_wconf 88' lang='lat' dir='ltr'><strong>plura</strong></span> <span class='ocrx_word' id='word_1_291' title='bbox 1873 3371 2087 3447; x_wconf 88' lang='lat' dir='ltr'><strong>Regna</strong></span> <span class='ocrx_word' id='word_1_292' title='bbox 2119 3370 2249 3444; x_wconf 54' lang='lat' dir='ltr'><strong>ibis</strong></span> <span class='ocrx_word' id='word_1_293' title='bbox 2273 3369 2489 3429; x_wconf 80' lang='lat' dir='ltr'><strong>videa-</strong></span> 
     </span>
     <span class='ocr_line' id='line_1_31' title="bbox 385 3468 2495 3548; baseline -0 -19"><span class='ocrx_word' id='word_1_294' title='bbox 385 3477 484 3529; x_wconf 88' lang='lat' dir='ltr'><strong>tur</strong></span> <span class='ocrx_word' id='word_1_295' title='bbox 521 3489 592 3530; x_wconf 80' lang='lat' dir='ltr'><strong>ex</strong></span> <span class='ocrx_word' id='word_1_296' title='bbox 631 3471 908 3530; x_wconf 69' lang='lat' dir='ltr'><strong>Ancams</strong></span> <span class='ocrx_word' id='word_1_297' title='bbox 949 3468 1367 3531; x_wconf 64' lang='lat' dir='ltr'><strong>Connus-rmus</strong></span> <span class='ocrx_word' id='word_1_298' title='bbox 1410 3474 1471 3530; x_wconf 90' lang='lat' dir='ltr'><strong>in</strong></span> <span class='ocrx_word' id='word_1_299' title='bbox 1508 3469 1817 3548; x_wconf 89' lang='lat' dir='ltr'><strong>Opusculo</strong></span> <span class='ocrx_word' id='word_1_300' title='bbox 1862 3471 1937 3530; x_wconf 83' lang='lat' dir='ltr'><strong>de</strong></span> <span class='ocrx_word' id='word_1_301' title='bbox 1973 3471 2150 3529; x_wconf 64' lang='lat' dir='ltr'><strong>Nova</strong></span> <span class='ocrx_word' id='word_1_302' title='bbox 2183 3471 2495 3531; x_wconf 69' lang='lat' dir='ltr'><strong>rumoso-</strong></span> 
     </span>
     <span class='ocr_line' id='line_1_32' title="bbox 384 3569 2497 3648; baseline 0 -18"><span class='ocrx_word' id='word_1_303' title='bbox 384 3590 556 3630; x_wconf 66' lang='lat' dir='ltr'><strong>mem</strong></span> <span class='ocrx_word' id='word_1_304' title='bbox 591 3589 670 3630; x_wconf 74' lang='lat' dir='ltr'><strong>nr</strong></span> <span class='ocrx_word' id='word_1_305' title='bbox 708 3589 853 3630; x_wconf 69' lang='lat' dir='ltr'><strong>naus</strong></span> <span class='ocrx_word' id='word_1_306' title='bbox 888 3570 1230 3647; x_wconf 61' lang='lat' dir='ltr'><strong>Deci-amn,</strong></span> <span class='ocrx_word' id='word_1_307' title='bbox 1269 3589 1327 3631; x_wconf 88' lang='lat' dir='ltr'><strong>n:</strong></span> <span class='ocrx_word' id='word_1_308' title='bbox 1376 3575 1550 3648; x_wconf 79' lang='lat'><strong>2473</strong></span> <span class='ocrx_word' id='word_1_309' title='bbox 1585 3578 1649 3636; x_wconf 77' lang='lat' dir='ltr'><strong>et</strong></span> <span class='ocrx_word' id='word_1_310' title='bbox 1686 3571 1847 3648; x_wconf 85' lang='lat' dir='ltr'><strong>quod</strong></span> <span class='ocrx_word' id='word_1_311' title='bbox 1872 3571 2157 3630; x_wconf 87' lang='lat' dir='ltr'><strong>Meridies</strong></span> <span class='ocrx_word' id='word_1_312' title='bbox 2195 3569 2497 3647; x_wconf 84' lang='lat' dir='ltr'><strong>significet</strong></span> 
     </span>
    </p>
   </div>
   <div class='ocr_carea' id='block_1_3' title="bbox 289 3665 2474 3748">
    <p class='ocr_par' dir='ltr' id='par_1_5' title="bbox 289 3665 2474 3748">
     <span class='ocr_line' id='line_1_33' title="bbox 289 3665 2474 3748; baseline -0.001 -17"><span class='ocrx_word' id='word_1_313' title='bbox 289 3665 295 3671; x_wconf 74' lang='grc'><strong><em>’</em></strong></span> <span class='ocrx_word' id='word_1_314' title='bbox 382 3672 581 3732; x_wconf 88' lang='lat' dir='ltr'><strong>lucem</strong></span> <span class='ocrx_word' id='word_1_315' title='bbox 615 3671 1060 3746; x_wconf 72' lang='lat' dir='ltr'><strong>intelligentiae,</strong></span> <span class='ocrx_word' id='word_1_316' title='bbox 1099 3674 1159 3730; x_wconf 90' lang='lat' dir='ltr'><strong>in</strong></span> <span class='ocrx_word' id='word_1_317' title='bbox 1196 3670 1396 3748; x_wconf 86' lang='lat' dir='ltr'><strong>Opere</strong></span> <span class='ocrx_word' id='word_1_318' title='bbox 1432 3672 1508 3732; x_wconf 84' lang='lat' dir='ltr'><strong>de</strong></span> <span class='ocrx_word' id='word_1_319' title='bbox 1545 3671 1747 3731; x_wconf 70' lang='lat' dir='ltr'><strong>Coeno</strong></span> <span class='ocrx_word' id='word_1_320' title='bbox 1782 3690 1861 3730; x_wconf 76' lang='lat' dir='ltr'><strong>nr</strong></span> <span class='ocrx_word' id='word_1_321' title='bbox 1895 3671 2205 3746; x_wconf 65' lang='lat' dir='ltr'><strong>Ins-nano,</strong></span> <span class='ocrx_word' id='word_1_322' title='bbox 2243 3690 2301 3730; x_wconf 87' lang='lat' dir='ltr'><strong>n:</strong></span> <span class='ocrx_word' id='word_1_323' title='bbox 2341 3673 2474 3729; x_wconf 84' lang='lat'><strong>141</strong></span> 
     </span>
    </p>
   </div>
   <div class='ocr_carea' id='block_1_4' title="bbox 376 3769 2491 4358">
    <p class='ocr_par' dir='ltr' id='par_1_6' title="bbox 376 3769 2491 4358">
     <span class='ocr_line' id='line_1_34' title="bbox 383 3769 2488 3850; baseline 0 -21"><span class='ocrx_word' id='word_1_324' title='bbox 383 3770 463 3829; x_wconf 87' lang='lat' dir='ltr'><strong>ad</strong></span> <span class='ocrx_word' id='word_1_325' title='bbox 497 3775 524 3829; x_wconf 89' lang='lat'>1</span> <span class='ocrx_word' id='word_1_326' title='bbox 549 3773 656 3846; x_wconf 84' lang='lat'><strong>53,</strong></span> <span class='ocrx_word' id='word_1_327' title='bbox 694 3771 798 3830; x_wconf 89' lang='lat' dir='ltr'><strong>ubi</strong></span> <span class='ocrx_word' id='word_1_328' title='bbox 838 3774 1032 3848; x_wconf 76' lang='lat' dir='ltr'><strong>agitur</strong></span> <span class='ocrx_word' id='word_1_329' title='bbox 1069 3773 1142 3832; x_wconf 90' lang='lat' dir='ltr'><strong>de</strong></span> <span class='ocrx_word' id='word_1_330' title='bbox 1181 3779 1441 3850; x_wconf 89' lang='lat' dir='ltr'><strong>quatuor</strong></span> <span class='ocrx_word' id='word_1_331' title='bbox 1473 3773 1679 3848; x_wconf 87' lang='lat' dir='ltr'><strong>Plagis</strong></span> <span class='ocrx_word' id='word_1_332' title='bbox 1714 3774 1776 3831; x_wconf 88' lang='lat' dir='ltr'><strong>in</strong></span> <span class='ocrx_word' id='word_1_333' title='bbox 1812 3769 2017 3832; x_wconf 83' lang='lat' dir='ltr'><strong>Coelo.</strong></span> <span class='ocrx_word' id='word_1_334' title='bbox 2108 3771 2338 3832; x_wconf 88' lang='lat' dir='ltr'><strong>Verum</strong></span> <span class='ocrx_word' id='word_1_335' title='bbox 2374 3787 2488 3830; x_wconf 89' lang='lat' dir='ltr'><strong>us-</strong></span> 
     </span>
     <span class='ocr_line' id='line_1_35' title="bbox 382 3871 2485 3951; baseline 0.001 -21"><span class='ocrx_word' id='word_1_336' title='bbox 382 3889 500 3947; x_wconf 88' lang='lat' dir='ltr'><strong>que</strong></span> <span class='ocrx_word' id='word_1_337' title='bbox 535 3887 648 3946; x_wconf 90' lang='lat' dir='ltr'><strong>per</strong></span> <span class='ocrx_word' id='word_1_338' title='bbox 681 3873 890 3931; x_wconf 90' lang='lat' dir='ltr'><strong>Asiam</strong></span> <span class='ocrx_word' id='word_1_339' title='bbox 917 3872 1012 3931; x_wconf 91' lang='lat' dir='ltr'><strong>hic</strong></span> <span class='ocrx_word' id='word_1_340' title='bbox 1047 3891 1164 3933; x_wconf 89' lang='lat' dir='ltr'><strong>non</strong></span> <span class='ocrx_word' id='word_1_341' title='bbox 1197 3874 1613 3951; x_wconf 88' lang='lat' dir='ltr'><strong>intelliguntur</strong></span> <span class='ocrx_word' id='word_1_342' title='bbox 1646 3872 1734 3931; x_wconf 92' lang='lat' dir='ltr'><strong>illi</strong></span> <span class='ocrx_word' id='word_1_343' title='bbox 1762 3875 1864 3950; x_wconf 91' lang='lat' dir='ltr'><strong>qui</strong></span> <span class='ocrx_word' id='word_1_344' title='bbox 1895 3875 1960 3932; x_wconf 84' lang='lat' dir='ltr'><strong>in</strong></span> <span class='ocrx_word' id='word_1_345' title='bbox 1994 3875 2161 3941; x_wconf 75' lang='lat' dir='ltr'><strong>Asia,</strong></span> <span class='ocrx_word' id='word_1_346' title='bbox 2204 3871 2315 3933; x_wconf 86' lang='lat' dir='ltr'><strong>sed</strong></span> <span class='ocrx_word' id='word_1_347' title='bbox 2350 3889 2485 3933; x_wconf 86' lang='lat' dir='ltr'><strong>om·-</strong></span> 
     </span>
     <span class='ocr_line' id='line_1_36' title="bbox 380 3972 2489 4050; baseline 0.001 -21"><span class='ocrx_word' id='word_1_348' title='bbox 380 3987 519 4046; x_wconf 88' lang='lat' dir='ltr'><strong>nes,</strong></span> <span class='ocrx_word' id='word_1_349' title='bbox 591 3973 931 4050; x_wconf 89' lang='lat' dir='ltr'><strong>ubicunque</strong></span> <span class='ocrx_word' id='word_1_350' title='bbox 990 3981 1153 4048; x_wconf 89' lang='lat' dir='ltr'><strong>sunt,</strong></span> <span class='ocrx_word' id='word_1_351' title='bbox 1221 3976 1322 4050; x_wconf 89' lang='lat' dir='ltr'><strong>qui</strong></span> <span class='ocrx_word' id='word_1_352' title='bbox 1372 3977 1433 4033; x_wconf 90' lang='lat' dir='ltr'><strong>in</strong></span> <span class='ocrx_word' id='word_1_353' title='bbox 1485 3974 1621 4033; x_wconf 89' lang='lat' dir='ltr'><strong>luce</strong></span> <span class='ocrx_word' id='word_1_354' title='bbox 1667 3973 2097 4050; x_wconf 80' lang='lat' dir='ltr'><strong>intelligentiae</strong></span> <span class='ocrx_word' id='word_1_355' title='bbox 2161 3972 2489 4050; x_wconf 84' lang='lat' dir='ltr'><strong>spirituali,</strong></span> 
     </span>
     <span class='ocr_line' id='line_1_37' title="bbox 380 4073 2489 4151; baseline 0.002 -22"><span class='ocrx_word' id='word_1_356' title='bbox 380 4073 542 4147; x_wconf 87' lang='lat' dir='ltr'><strong>sive,</strong></span> <span class='ocrx_word' id='word_1_357' title='bbox 601 4074 761 4150; x_wconf 89' lang='lat' dir='ltr'><strong>quod</strong></span> <span class='ocrx_word' id='word_1_358' title='bbox 806 4074 993 4149; x_wconf 87' lang='lat' dir='ltr'><strong>idem,</strong></span> <span class='ocrx_word' id='word_1_359' title='bbox 1052 4077 1152 4151; x_wconf 91' lang='lat' dir='ltr'><strong>qui</strong></span> <span class='ocrx_word' id='word_1_360' title='bbox 1197 4077 1259 4133; x_wconf 88' lang='lat' dir='ltr'><strong>in</strong></span> <span class='ocrx_word' id='word_1_361' title='bbox 1312 4078 1473 4134; x_wconf 82' lang='lat' dir='ltr'><strong>veris</strong></span> <span class='ocrx_word' id='word_1_362' title='bbox 1523 4092 1595 4134; x_wconf 85' lang='lat' dir='ltr'><strong>ex</strong></span> <span class='ocrx_word' id='word_1_363' title='bbox 1642 4073 1800 4133; x_wconf 89' lang='lat' dir='ltr'><strong>bono</strong></span> <span class='ocrx_word' id='word_1_364' title='bbox 1850 4082 2016 4150; x_wconf 87' lang='lat' dir='ltr'><strong>sunt3</strong></span> <span class='ocrx_word' id='word_1_365' title='bbox 2074 4077 2177 4151; x_wconf 91' lang='lat' dir='ltr'><strong>qui</strong></span> <span class='ocrx_word' id='word_1_366' title='bbox 2231 4074 2489 4134; x_wconf 87' lang='lat' dir='ltr'><strong>enimin</strong></span> 
     </span>
     <span class='ocr_line' id='line_1_38' title="bbox 377 4172 2491 4252; baseline 0.002 -23"><span class='ocrx_word' id='word_1_367' title='bbox 377 4173 535 4232; x_wconf 89' lang='lat' dir='ltr'><strong>veris</strong></span> <span class='ocrx_word' id='word_1_368' title='bbox 569 4192 642 4233; x_wconf 84' lang='lat' dir='ltr'><strong>ex</strong></span> <span class='ocrx_word' id='word_1_369' title='bbox 676 4174 831 4234; x_wconf 90' lang='lat' dir='ltr'><strong>bono</strong></span> <span class='ocrx_word' id='word_1_370' title='bbox 867 4181 1036 4244; x_wconf 87' lang='lat' dir='ltr'><strong>sunt,</strong></span> <span class='ocrx_word' id='word_1_371' title='bbox 1088 4177 1150 4235; x_wconf 90' lang='lat' dir='ltr'><strong>in</strong></span> <span class='ocrx_word' id='word_1_372' title='bbox 1185 4175 1321 4236; x_wconf 87' lang='lat' dir='ltr'><strong>luce</strong></span> <span class='ocrx_word' id='word_1_373' title='bbox 1358 4175 1787 4251; x_wconf 89' lang='lat' dir='ltr'><strong>intelligentiae</strong></span> <span class='ocrx_word' id='word_1_374' title='bbox 1824 4175 2124 4252; x_wconf 88' lang='lat' dir='ltr'><strong>spirituali</strong></span> <span class='ocrx_word' id='word_1_375' title='bbox 2168 4181 2351 4250; x_wconf 63' lang='lat' dir='ltr'><strong>sunt,</strong></span> <span class='ocrx_word' id='word_1_376' title='bbox 2398 4172 2491 4234; x_wconf 78' lang='lat' dir='ltr'><strong>illi</strong></span> 
     </span>
     <span class='ocr_line' id='line_1_39' title="bbox 376 4276 2483 4358; baseline 0.002 -28"><span class='ocrx_word' id='word_1_377' title='bbox 376 4290 578 4335; x_wconf 87' lang='lat' dir='ltr'><strong>omnes</strong></span> <span class='ocrx_word' id='word_1_378' title='bbox 623 4277 961 4338; x_wconf 82' lang='lat' dir='ltr'><strong>Ecclesiam</strong></span> <span class='ocrx_word' id='word_1_379' title='bbox 993 4276 1236 4335; x_wconf 89' lang='lat' dir='ltr'><strong>Domini</strong></span> <span class='ocrx_word' id='word_1_380' title='bbox 1271 4278 1666 4335; x_wconf 85' lang='lat' dir='ltr'><strong>constituunt:</strong></span> <span class='ocrx_word' id='word_1_381' title='bbox 1719 4277 1878 4352; x_wconf 85' lang='lat' dir='ltr'><strong>qnod</strong></span> <span class='ocrx_word' id='word_1_382' title='bbox 1915 4277 2203 4358; x_wconf 25' lang='lat' dir='ltr'><strong>Ecclesia·</strong></span> <span class='ocrx_word' id='word_1_383' title='bbox 2234 4276 2483 4335; x_wconf 88' lang='lat' dir='ltr'><strong>Domini</strong></span> 
     </span>
    </p>
   </div>
  </div>
 </body>
</html>
