2700 4792
304 363 534 420 CAPUT
573 362 915 420 TERTIUM.
1619 365 1831 422 VERS:
1876 376 1929 427 3.
1974 375 2029 428 Δ.
2146 375 2151 378 ’
2224 378 2335 432 285

213 533 284 586 et
307 543 540 584 novem.
597 524 886 586 Undecim
921 530 1126 584 autem
1153 523 1489 602 significant
1522 529 1749 618 statur-n
1772 527 2033 588 nondum
2066 528 2333 604 plenum,

221 627 558 702 scd-usque
587 631 810 684 statum
846 625 1276 701 receptibilem,
1317 625 1511 702 qualis
1540 632 1635 686 est
1661 627 1823 703 apud
1855 644 2079 704 pueros
2112 628 2339 705 probos

221 735 282 787 ct
325 727 604 786 infantes·
681 715 1084 786 Duodecima'
1110 725 1286 800 hora,
1351 725 1431 784 ad
1478 742 1657 802 quam
1708 744 1913 788 omncs
1965 728 2334 802 laborarunt,

220 826 559 904 significant
593 841 740 885 vera
773 830 836 884 et
867 826 1028 883 bona
1061 827 1123 884 in
1158 842 1272 886 suo
1307 824 1507 902 pleno,
1544 843 1615 886 n:
1662 829 1822 888 577.
1866 829 2081 888 2089.
2119 830 2334 888 2129.

222 929 432 986 2130.
481 929 696 986 3272.
745 927 958 985 3858.
1003 927 1214 986 3913.
1297 925 1475 1001 Quod
1510 942 1717 986 omnes
1755 929 1985 989 numeri
2030 929 2095 986 in
2128 927 2335 988 Verbo

220 1027 595 1104 significent,
655 1043 730 1086 n:
785 1027 998 1084 4495.
1051 1028 1264 1086 4670.
1337 1027 1547 1086 5265.
1605 1028 1813 1086 6175.
1862 1029 2073 1086 9488.
2118 1028 2333 1088 9659.

227 1130 492 1188 10217.
549 1129 822 1188 10253:
907 1132 968 1184 et
1019 1125 1177 1201 quod
1226 1125 1423 1185 simile
1482 1129 1717 1186 numeri
1774 1125 2153 1203 multiplicati
2198 1143 2336 1187 cum

219 1226 594 1305 simplicibus
645 1245 684 1284 a
735 1226 952 1303 quibus
1012 1243 1124 1301 per
1169 1227 1724 1302 multiplicationem
1773 1234 2130 1303 exsurgunt,
2194 1227 2332 1288 inde

217 1328 416 1388 simile
454 1331 596 1406 tria,
653 1343 800 1398 sex,
846 1333 908 1386 et
939 1343 1186 1401 novem,
1236 1344 1307 1385 nt
1354 1328 1566 1386 5291.
1612 1328 1821 1388 5335.
1868 1327 2076 1388 5708.
2123 1329 2331 1388 7973.

217 1427 520 1504 Quoniam
553 1427 888 1487 Duodecim
922 1425 1258 1503 significant
1289 1443 1439 1486 vera
1474 1433 1535 1486 et
1569 1427 1725 1487 bona
1758 1429 1821 1486 in
1856 1443 1965 1486 suo
2000 1428 2209 1504 pleno,
2246 1429 2333 1486 ita

217 1535 444 1588 statum
480 1529 632 1587 lucis
668 1544 778 1586 seu
812 1527 1239 1603 intelligentiae
1274 1526 1530 1586 hominis
1568 1545 1642 1586 ex
1674 1527 1826 1602 illis,
1864 1527 2003 1588 ideo
2036 1527 2331 1588 Dominus

217 1628 362 1688 dicit
433 1674 471 1704 „
492 1627 717 1688 Nonne
773 1625 1104 1688 duodecim
1156 1625 1348 1688 horae
1400 1625 1559 1702 diei,
1619 1626 1683 1687 ei
1728 1627 1873 1708 quis
1920 1623 2207 1689 ambulat
2261 1627 2334 1688 in

217 1727 354 1804 die,
403 1747 530 1788 non
557 1727 860 1807 offendit“
901 1726 1056 1786 Joh:
1095 1726 1220 1786 XI:
1267 1729 1340 1786 9:
1396 1726 1539 1786 alibi
1574 1730 1751 1788 etiam
1786 1745 1898 1805 per
1930 1728 2110 1788 horas
2146 1730 2333 1805 signi-

214 1828 474 1889 ficantur
509 1835 702 1888 status
726 1830 914 1903 vitae3
969 1834 1038 1886 ut
1071 1830 1132 1886 in
1167 1827 1540 1905 Apocalypsi
1588 1825 1851 1904 „Saluti
1884 1832 2037 1890 sunt
2058 1833 2345 1910 quatuor,

212 1927 324 1990 illi
381 1925 650 2008 Anyeli,
706 1927 936 2007 pemati
989 1925 1078 1988 ad
1137 1926 1391 2004 horam,
1468 1927 1558 1988 ad
1614 1927 1784 1990 diem
1830 1935 1891 1989 et
1942 1947 2215 1990 mensem
2272 1933 2334 1988 et

211 2049 488 2100 annum,
554 2033 628 2089 ut
679 2027 968 2088 occidant
1016 2027 1274 2089 tertiam
1309 2034 1567 2108 pafrtem
1613 2027 1937 2090 hominum
1958 2031 1994 2062 “
2049 2030 2161 2089 IX:
2205 2034 2235 2088 1
2256 2030 2329 2104 53

211 2131 312 2191 hic
362 2148 476 2206 per
521 2135 794 2206 tempora
851 2135 1179 2188 memorata
1237 2130 1648 2206 intelliguntur
1709 2136 1903 2188 status
1966 2129 2107 2190 mali
2166 2129 2330 2206 apud

213 2232 546 2302 hominem,
601 2229 758 2304 quod
805 2228 1106 2288 videbitur
1151 2231 1212 2287 in
1261 2229 1677 2306 Explicatione
1725 2229 1963 2288 illorum
2009 2230 2333 2290 verborum

215 2336 276 2392 in
327 2330 743 2406 sequentibus.
823 2330 916 2388 Ex
967 2330 1062 2388 his
1121 2347 1277 2388 nunc
1327 2334 1531 2407 patet,
1588 2329 1745 2405 quod
1791 2347 1903 2405 per
1935 2333 2171 2390 nescies
2209 2347 2331 2407 qua
2402 2339 2419 2354 ·

213 2434 369 2491 hora
418 2433 654 2489 veniam
701 2446 886 2505 super
929 2409 1019 2503 te,
1073 2447 1192 2488 non
1239 2429 1415 2490 modo
1466 2428 1833 2506 intelligatur
1880 2429 2041 2504 quod
2084 2432 2327 2506 ignores

222 2539 466 2606 tempus
506 2531 738 2599 mortis,
792 2529 902 2588 sed
955 2532 1134 2588 etiam
1190 2537 1331 2590 tunc
1382 2534 1608 2589 statum
1662 2530 1821 2588 vitae
1872 2543 2219 2588 mansurum
2266 2531 2329 2588 in

223 2637 559 2704 aeternum,
625 2647 760 2688 nam
812 2629 1006 2706 qualis
1069 2637 1162 2690 est
1221 2637 1415 2690 status
1474 2631 1636 2690 vitae
1697 2633 2013 2686 anteactae
2072 2626 2329 2686 hominis

217 2749 414 2809 usque
451 2729 530 2790 ad
559 2730 766 2804 finem,
822 2730 959 2790 talis
995 2736 1197 2792 manet
1230 2731 1407 2790 homo
1448 2731 1510 2787 in
1546 2735 1872 2788 aeternum.
1936 2725 2145 2786 Simile
2185 2725 2330 2786 dicit

214 2833 512 2893 Dominus
549 2833 773 2906 passim
811 2829 974 2907 apud
1006 2831 1458 2908 Evangelistas3
1512 2829 1675 2906 apud
1708 2827 2079 2888 Matthaeum
2135 2824 2333 2904 „Non

211 2933 404 2994 scitia
456 2949 584 3010 qua
637 2930 792 2991 hora
829 2930 1158 2992 Dominus
1212 2936 1415 2992 vester
1452 2935 1755 2992 venturae
1790 2933 1887 2988 eet
1901 2947 1930 3000 ;
1982 2946 2093 2988 vos
2135 2933 2330 2988 estote

205 3032 468 3113 parati,
506 3030 660 3110 quia
684 3050 810 3109 qua
835 3029 994 3092 hora
1032 3049 1156 3090 non
1185 3031 1459 3112 putatis,
1498 3027 1724 3091 Filius
1761 3027 2039 3090 hominis
2080 3029 2326 3090 veniet“

213 3133 452 3194 XXIV:
508 3135 622 3190 42.
664 3135 778 3190 44.
864 3176 902 3206 „
926 3129 1141 3192 Veniet
1177 3131 1513 3192 Dominae
1576 3130 1745 3192 servi
1794 3129 1863 3190 in
1900 3128 2006 3190 die
2051 3147 2171 3210 quo
2206 3147 2331 3190 non

209 3237 570 3313 exspectat,
639 3236 699 3290 et
753 3230 825 3292 in
881 3230 1038 3292 hora
1089 3249 1279 3311 quam
1313 3251 1439 3292 non
1482 3231 1703 3292 novit“
1780 3230 2017 3290 XXIV:
2076 3232 2199 3292 50:
2268 3237 2327 3290 et

215 3333 386 3409 apud
426 3332 698 3391 Eundem
767 3376 806 3406 „
829 3328 1114 3410 Viyilate
1164 3317 1312 3412 erqo
1329 3377 1348 3407 ‚
1429 3331 1581 3410 quia
1635 3349 1760 3392 non
1812 3329 2086 3391 novistis
2138 3330 2325 3405 diem,

212 3451 412 3512 neque
439 3431 690 3506 horam,
735 3451 862 3520 qua
885 3429 1108 3494 Filius
1146 3431 1424 3492 hominis
1451 3436 1752 3494 venturu-3
1778 3433 1916 3490 est“
1972 3429 2174 3488 XXV:
2212 3432 2241 3486 l
2260 3430 2323 3486 3.

214 3531 538 3594 Sciendum
603 3539 726 3607 est,
781 3532 942 3609 quod
1001 3531 1176 3592 homo
1239 3539 1481 3592 maneat
1525 3535 1588 3591 in
1636 3537 1943 3590 aeternum
2003 3527 2197 3602 qualis
2234 3533 2328 3586 est

211 3633 417 3710 quoad
471 3638 656 3691 totam
702 3649 872 3692 suam
922 3634 1104 3692 vitam
1157 3650 1350 3709 usque
1404 3633 1481 3692 ad
1522 3631 1731 3705 finem,
1803 3636 1863 3688 et
1910 3641 2157 3704 prorsus
2209 3643 2327 3684 non

211 3734 412 3810 qualis
453 3738 546 3791 est
579 3735 638 3790 in
673 3733 823 3792 hora
857 3735 1080 3807 mortis,
1120 3734 1540 3810 resipiscentia
1578 3737 1720 3788 tunc
1757 3728 1918 3804 apud
1954 3725 2143 3786 malos
2182 3726 2327 3784 nihil

207 3835 390 3903 facit,
445 3833 556 3892 sed
590 3834 752 3909 apud
786 3832 974 3892 bonos
1011 3833 1333 3894 confirmat.

370 3935 399 3991 1
421 3933 530 3992 95.
609 3933 818 3993 Habes
877 3950 1074 4010 pauca
1131 3935 1369 3992 nomina
1417 3932 1597 3991 etiam
1656 3931 1719 3987 in
1768 3925 2090 4002 SardibuS,
2163 3941 2320 4003 quae

205 4051 328 4093 non
373 4034 834 4110 inquinaverunt
880 4036 1238 4093 vestimenta
1284 4050 1423 4106 sua,
1497 4029 1655 4105 quod
1702 4027 1997 4106 significet
2041 4027 2181 4088 illos
2224 4028 2329 4104 qui

205 4141 394 4210 agunt
442 4135 627 4192 vitam
675 4134 962 4194 moralem
1012 4140 1088 4193 ex
1136 4135 1363 4210 origine
1410 4130 1708 4208 spirituali
1756 4148 1866 4208 per
1902 4131 2063 4208 quod
2112 4129 2323 4206 cogni-

205 4237 400 4296 tiones
451 4236 580 4294 veri
643 4240 702 4293 et
761 4234 902 4294 boni
955 4252 1031 4296 ex
1079 4233 1282 4292 Verbo
1327 4232 1632 4309 applicent
1681 4231 1889 4290 usibus
1940 4247 2089 4290 suae
2142 4231 2322 4302 vitae,
