2700 4792
431 353 542 406 200
845 341 1335 404 Arocamrsts
1380 339 1811 398 ExrucA‘m.
1894 343 1942 411 ς.
1986 349 2113 404 140.
2590 284 2617 472 j

429 503 572 562 ficat
603 503 872 562 Externa
903 501 1078 560 inde:
1133 500 1246 560 sed
1277 499 1475 561 habeo
1512 501 1808 562 adversus
1844 507 1903 561 te
1948 517 2173 578 panca,
2230 502 2477 579 signifieat
2614 569 2616 572 Α

431 603 594 682 quod
627 601 989 662 cavendum:
1029 601 1190 678 quod
1221 604 1535 680 permittas
1573 602 1881 661 mulierem
1918 600 2199 677 Jesabel,
2234 603 2479 680 significat

421 701 754 786 jucundum
804 704 1024 762 amoris
1068 704 1164 760 sui
1211 709 1274 762 ct
1317 703 1552 762 mundi:
1606 702 1905 762 dicentem
1952 719 2023 762 se
2062 701 2477 780 prophetissam,

433 803 652 866 docere
701 809 760 862 ct
811 801 1104 864 seducere
1155 820 1322 862 meos
1376 819 1614 880 servos,
1670 803 1969 880 significat
2016 801 2175 880 quod
2228 803 2353 862 inde
2392 803 2481 862 do-

430 908 624 966 ctrina
661 907 919 964 omnium
953 902 1271 964 falsorum:
1325 905 1582 964 scortari
1618 911 1681 963 et
1714 903 2051 980 idolothyta
2086 902 2283 979 edere,
2328 904 2482 980 signi-

429 1005 572 1066 ficat
615 1004 1060 1064 falsificationes
1109 1005 1240 1064 veri
1299 1012 1359 1066 et
1408 1003 1879 1064 adulterationes
1924 1003 2105 1064 boni:
2160 1011 2219 1064 et
2264 1003 2387 1062 dedi
2423 1002 2489 1061 illi

431 1113 670 1183 tempus
723 1111 791 1163 ut
842 1106 1228 1182 resipisceret
1275 1123 1312 1164 a
1362 1108 1725 1166 scortatione
1776 1121 1917 1178 sua,
1992 1110 2057 1166 et
2099 1121 2217 1164 non
2261 1105 2488 1184 resipuit,

432 1207 727 1285 significat
763 1204 925 1282 quod
969 1207 1071 1281 qui
1115 1204 1252 1266 inde
1301 1208 1366 1264 in
1416 1205 1589 1265 falsis
1624 1213 1767 1265 sunt
1800 1223 1921 1265 non
1954 1221 2025 1265 se
2078 1210 2405 1266 convertant
2432 1202 2490 1262 ad
2618 1207 2620 1268 ἔ

430 1325 580 1368 vera
623 1313 682 1364 et
716 1323 828 1384 per
864 1323 1040 1366 vera:
1097 1322 1238 1366 ecce
1274 1306 1405 1384 Ego
1442 1307 1691 1384 conjicio
1728 1324 1862 1365 eam
1898 1308 1959 1366 in
2001 1306 2253 1380 lectum,
2302 1305 2488 1380 signifi·
2618 1285 2620 1290 ¹

434 1417 532 1469 cat
567 1405 730 1486 quod
762 1407 1180 1483 relinquantur
1216 1424 1328 1466 suo
1356 1406 1613 1466 naturali
1637 1407 1859 1466 homini
1888 1413 1948 1466 et
1975 1406 2059 1464 ibi
2088 1407 2375 1466 doctrinae
2400 1403 2488 1462 fal-

431 1525 668 1570 sorum:
740 1515 806 1567 et
868 1506 1254 1568 maechantes
1317 1525 1453 1568 cum
1508 1507 1617 1567 illa
1674 1511 1735 1568 in
1794 1507 2181 1568 afflictione-m
2242 1523 2489 1582 magnam,

431 1611 730 1688 significat
765 1610 1128 1668 tentationes
1157 1626 1377 1685 graves
1412 1608 1532 1668 illis
1562 1610 1664 1686 qui
1691 1625 1759 1668 se
1795 1607 2081 1666 addicant
2104 1607 2270 1666 falsis
2298 1623 2489 1666 eorum:

431 1713 486 1770 si
521 1728 639 1768 non
674 1710 1042 1787 resipuerint
1067 1708 1143 1766 ab
1179 1709 1465 1786 operibus
1494 1711 1641 1784 suis,
1680 1708 1979 1786 significat
2006 1712 2061 1768 si
2094 1725 2213 1766 non
2246 1723 2311 1766 se
2342 1722 2489 1782 sepa·

430 1817 566 1872 rent
601 1809 676 1868 ab
703 1809 854 1870 illis:
911 1815 972 1868 ct
1005 1809 1160 1868 filios
1197 1811 1330 1888 ejus
1368 1810 1637 1870 occidam
1672 1816 1892 1883 morte,
1930 1809 2233 1884 significat
2256 1807 2396 1884 quod
2422 1807 2487 1863 sic

431 1911 592 1972 falsa
617 1911 1102 1986 exstinguantur:
1143 1917 1204 1970 et
1239 1917 1603 1988 cognoscent
1632 1927 1839 1970 omnes
1870 1909 2191 1970 Ecclesiae
2218 1907 2367 1986 quod
2392 1906 2489 1981 Ego

430 2014 545 2072 >sim
583 2015 856 2070 scrutans
884 2027 1060 2070 renes
1095 2017 1156 2069 ct
1181 2012 1365 2072 corda
1379 2057 1395 2087 ,
1436 2011 1729 2088 significat
1754 2011 2119 2088 agnitionem
2149 2011 2389 2068 omnium
2414 2005 2489 2082 qui

433 2111 512 2172 ab
544 2111 821 2172 Ecclesia
855 2117 1026 2185 sunt,
1087 2113 1247 2188 quod
1292 2113 1589 2174 Dominus
1626 2111 1792 2171 solus
1828 2113 1983 2170 sciat
2020 2117 2083 2171 et
2120 2110 2377 2188 exploret
2406 2124 2489 2165 er-

432 2215 656 2272 teriora
707 2217 768 2270 et
811 2211 1124 2287 interiora,
1181 2230 1253 2272 ac
1303 2230 1459 2290 quae
1499 2211 1639 2272 fidei
1687 2219 1751 2272 >et
1790 2212 2011 2271 amoris
2048 2218 2217 2272 sunt:
2270 2217 2327 2270 et
2368 2205 2491 2266 dabo

431 2313 756 2388 unicuique
804 2317 1068 2372 vestrum
1115 2313 1449 2376 secundum
1501 2330 1688 2392 opera
1742 2330 1886 2387 sua,
1952 2313 2251 2391 significat
2288 2311 2487 2370 beatum

436 2421 746 2476 aeternum
779 2413 1110 2472 secundum
1151 2417 1452 2474 internum
1498 2415 1630 2491 ejus
1682 2416 1742 2472 in
1792 2418 2073 2474 externo:
2130 2413 2296 2472 vobis
2330 2416 2488 2470 autern

433 2516 566 2577 dico
603 2521 665 2576 et
697 2513 946 2592 reliquis
993 2518 1058 2574 in
1099 2515 1433 2594 ThyatiriS,
1498 2515 1793 2593 signifieat
1840 2515 2119 2574 omnibus
2172 2521 2233 2574 et
2281 2508 2489 2587 singulis

431 2617 594 2696 apud
633 2633 781 2693 quos
817 2617 1122 2678 Internum
1159 2617 1541 2695 conju-ctum
1576 2623 1670 2676 est
1695 2617 1990 2676 Externo:
2036 2618 2374 2692 quicunque
2400 2625 2491 2668 non

427 2719 614 2783 habet
655 2717 979 2780 doctrinam
1007 2719 1193 2793 hanc,
1243 2717 1542 2794 significat
1574 2717 1737 2794 apud
1772 2732 1924 2794 quos
1956 2716 2291 2794 jucundum
2326 2718 2491 2772 exter·

431 2837 602 2888 num,
661 2820 820 2896 quod
865 2825 954 2878 est
998 2818 1330 2898 jucundum
1370 2820 1589 2876 amoris
1634 2820 1729 2876 sui
1778 2825 1837 2876 ct
1878 2818 2114 2894 mundi,
2171 2835 2285 2876 non
2336 2811 2490 2872 domi·

435 2927 642 2978 natur:
699 2925 760 2978 et
799 2922 898 2997 qui
931 2939 1051 2981 non
1087 2925 1497 2998 cognoverunt
1529 2917 1829 2996 profunda
1866 2917 2159 2994 Satanae,
2209 2924 2275 2976 ut
2307 2913 2493 2982 dicunt,

433 3017 726 3094 significat
759 3018 1246 3096 illaqueationem
1279 3019 1355 3078 ab
1390 3018 1543 3079 illisz
1597 3035 1717 3078 non
1742 3022 1981 3096 impono
2010 3035 2197 3096 super
2232 3032 2335 3075 vos
2360 3009 2493 3072 aliud

431 3135 615 3210 onus,
659 3119 956 3196 significat
981 3122 1142 3198 quod
1174 3121 1288 3180 hoc
1315 3119 1511 3179 solum
1546 3119 1879 3180 cavendum
1916 3123 2025 3178 sit:
2081 3127 2340 3178 attamen
2366 3108 2495 3192 quod

429 3217 668 3279 habetis
703 3222 956 3280 retinete
994 3221 1182 3280 donec
1215 3224 1410 3296 venio,
1450 3219 1745 3298 significat
1769 3223 2242 3298 permanentiam
2271 3221 2331 3276 in
2360 3218 2493 3274 statu

433 3321 651 3378 amoris
691 3326 752 3378 et
793 3318 934 3380 fidei
983 3337 1176 3397 usque
1224 3321 1300 3380 ad
1334 3323 1771 3382 visitationem:
1838 3327 1901 3380 et
1930 3323 2179 3381 vincens
2230 3324 2289 3380 et
2322 3320 2491 3376 custo-

431 3420 599 3480 diens
653 3437 849 3499 usque
909 3421 987 3480 ad
1035 3420 1211 3480 finem
1267 3438 1455 3498 opera
1508 3439 1675 3496 mea,
1732 3421 2029 3498 significat
2078 3429 2218 3500 post
2264 3428 2491 3497 pugnam

429 3529 640 3584 contra
671 3522 809 3581 illos
867 3537 1102 3580 amores
1155 3527 1216 3580 et
1258 3526 1647 3582 remotionem
1698 3522 1933 3581 illorum
1970 3529 2257 3599 quantum
2305 3516 2491 3598 potest,

233 3623 396 3687 [13⁷]
431 3624 986 3702 perseverationem
1037 3625 1099 3682 in
1152 3639 1355 3681 amore
1400 3631 1462 3682 et
1508 3623 1656 3682 fide:
1723 3628 1785 3682 et
1822 3622 1975 3682 dabo
2026 3623 2117 3682 illi
2166 3622 2489 3700 potestatem

427 3740 613 3800 super
651 3728 894 3798 genteS,
956 3724 1252 3801 significat
1299 3739 1485 3800 super
1534 3723 1697 3782 mala
1742 3722 1906 3800 apud
1952 3739 2051 3794 se,
2106 3739 2258 3799 quae
2300 3726 2425 3778 tunc
2459 3725 2489 3766 a

422 3824 687 3885 Domino
739 3822 1164 3888 discutientur:
1221 3831 1280 3882 et
1331 3830 1503 3902 reget
1558 3841 1661 3883 eas
1724 3827 1892 3900 virga
1946 3823 2171 3898 ferrea,
2232 3813 2487 3898 significat

429 3923 589 4000 quod
625 3926 1026 4002 castigaturus
1071 3923 1230 3985 mala
1274 3941 1389 4001 per
1428 3942 1579 3984 vera
1626 3941 1783 4001 quae
1825 3930 1965 3983 sunt
2012 3927 2074 3982 in
2118 3919 2367 3982 naturali
2390 3915 2484 3972 11⁰·

425 4025 615 4083 mine:
670 4031 954 4103 tanquam
994 4043 1142 4086 vasa
1176 4024 1381 4084 fictilia
1422 4026 1898 4102 confringentur,
1956 4024 2247 4101 significat
2285 4020 2483 4092 disper-

425 4127 652 4184 sionem
689 4126 976 4186 falsorum
1023 4126 1304 4186 totalem:
1361 4127 1519 4185 sicut
1564 4131 1625 4183 et
1668 4125 1795 4202 Ego
1834 4127 2044 4202 accepi
2082 4143 2121 4183 a
2152 4125 2325 4183 Patre
2356 4126 2477 4180 meo,

428 4225 724 4306 siguificat
786 4228 1191 4304 comparative
1257 4227 1411 4283 sicut
1479 4225 1781 4284 Dominus
1838 4243 1878 4287 a
1935 4226 2154 4285 Divino
2185 4219 2319 4283 'suo
2372 4225 2481 4274 cum
