2700 4792
303 353 538 410 CAPUT
573 351 918 412 TERTIUM.
1638 353 1823 409 VERS
1841 372 1856 406 t
1900 360 1995 414 15.
2152 363 2263 418 803

164 519 214 575 in
247 513 364 572 fide
396 518 682 588 separata
715 529 754 569 a
790 511 1078 572 charitate
1113 517 1272 586 sunt,
1317 513 1525 570 vivant
1558 511 1694 582 sibi,
1729 511 1947 572 mundo
1984 517 2045 572 et
2068 515 2265 590 genio,

163 622 216 675 et
245 615 348 690 qui
377 615 464 672 ita
495 615 741 684 vivunt,
793 614 856 671 in
893 628 1094 670 amore
1121 611 1397 672 infernali
1434 620 1604 688 sunt;
1637 620 1697 672 et
1732 613 1893 690 quod
1926 629 2117 689 usque
2152 631 2265 691 per

161 715 460 774 lectionem
498 712 721 782 VerbI,
769 729 883 788 per
941 712 1302 771 auditionem
1362 713 1871 789 praedicationum
1918 714 2089 788 inde,
2155 733 2267 791 per

163 816 596 890 usurpationem
625 819 870 872 sanctae
899 811 1158 886 coenae,
1201 816 1260 870 et
1300 829 1414 890 per
1447 811 1623 889 plura
1656 831 1813 890 quae
1848 817 2133 873 memoria
2166 823 2261 874 te-

46 913 49 966 ἑ
163 932 260 973 nus
306 916 568 973 retinent
615 931 690 972 ex
724 912 963 986 Verbo,
1039 919 1315 988 spectent
1368 913 1445 970 ad
1508 912 1785 987 coelum,
1856 919 1917 971 et
1960 929 2091 971 cum
2146 913 2264 974 hoc

161 1016 396 1088 faciunt,
452 1015 514 1072 in
551 1012 748 1090 aliquo
785 1013 986 1072 calore
1039 1011 1334 1088 spirituali
1372 1018 1541 1087 sunt,
1581 1013 1689 1072 sed
1730 1015 1869 1088 quia
1917 1029 2109 1087 usque
2144 1029 2264 1073 non

163 1122 244 1174 est
277 1114 445 1173 calor
506 1130 618 1172 seu
679 1130 844 1172 amor
892 1112 1250 1189 spiritualis,
1308 1114 1450 1188 quia
1498 1131 1615 1171 non
1664 1115 1871 1171 vivunt
1932 1113 2262 1172 secundum

165 1214 416 1274 Verbum
438 1257 456 1287 ,
505 1212 642 1272 ideo
681 1231 800 1270 non
837 1213 1014 1272 calidi
1047 1219 1189 1270 sunt
1221 1229 1334 1272 nec
1368 1213 1595 1288 frigidi:
1653 1215 1739 1272 sic
1776 1215 1954 1272 etiam
1993 1212 2265 1272 dividunt

44 1353 46 1356 >
161 1315 410 1374 Mentem
448 1316 510 1372 in
543 1304 718 1371 binas
754 1319 991 1390 partes,
1047 1329 1264 1389 nempe
1299 1329 1410 1389 per
1444 1313 1549 1371 illa
1598 1330 1751 1389 quae
1800 1319 1937 1372 sunt
1972 1313 2159 1372 Verbi
2194 1329 2263 1372 se

44 1453 46 1456 ψ
160 1420 390 1475 vertunt
427 1413 502 1471 ad
543 1412 826 1484 Ocelum,
873 1420 938 1473 et
969 1429 1080 1488 per
1112 1412 1220 1471 illa
1253 1430 1409 1490 quae
1444 1419 1583 1471 sunt
1615 1415 1775 1474 vitae
1810 1430 1877 1472 se
1913 1419 2150 1472 vertunt
2185 1412 2264 1471 ad

159 1515 482 1588 Internum,
537 1515 621 1572 ita
668 1514 920 1573 haerent
963 1515 1140 1572 inter‘
1163 1521 1518 1589 utrumque:
1576 1516 1677 1590 qui
1710 1513 1862 1572 tales
1910 1521 2076 1585 sunt,
2123 1513 2263 1571 dum

159 1618 214 1673 in
255 1617 512 1677 alteram
565 1617 750 1672 vitam
799 1616 1076 1683 veniunt,
1129 1615 1381 1691 cupiunt
1424 1613 1499 1671 ad
1548 1613 1826 1688 Coelum,
1882 1615 2148 1673 dicentes
2192 1629 2262 1672 se

158 1716 324 1775 fidem
375 1715 693 1789 habuisse,
761 1716 984 1791 legisse
1033 1714 1332 1784 Verbum,
1398 1714 1701 1774 audivisse
1764 1715 2260 1792 praedicationeS,

164 1817 572 1894 frequentasse
607 1831 842 1874 sacram
881 1814 1162 1890 Coenam,
1206 1832 1276 1874 ac
1310 1832 1422 1890 per
1448 1815 1553 1873 illa
1586 1815 1907 1874 salvandos
1946 1831 2115 1890 esse3
2153 1815 2263 1874 sed

163 1933 284 1976 cum
344 1915 698 1994 exploratur
740 1919 864 1974 vita
909 1933 1145 1987 eorum,
1213 1921 1479 2003 apparet
1524 1932 1597 1974 ea
1639 1933 1885 1992 prorsus
1934 1915 2259 1988 infernalist,
2305 1917 2469 1979 [241]

163 2019 310 2092 quod
361 2033 584 2092 nempe
631 2015 799 2076 nihili
847 2017 1096 2076 fecerint
1149 2017 1520 2088 inimicitias,
1575 2016 1743 2074 nihili
1796 2016 1995 2075 odium
2016 2060 2031 2090 ‚
2105 2015 2272 2078 nihili

163 2119 447 2178 vindictas
469 2161 486 2190 ‚
547 2116 716 2176 nihili
750 2123 947 2192 astus„
985 2116 1154 2176 nihili
1187 2116 1659 2176 machinationes
1694 2117 1967 2193 dolosas;
2022 2121 2270 2190 rectum,

163 2220 452 2278 sincerum
474 2262 492 2291 ,
523 2217 758 2294 justum
779 2261 795 2289 ,
834 2234 988 2294 quae
1025 2218 1311 2288 fecerunt,
1347 2216 1540 2274 solum
1574 2217 1637 2272 in
1672 2223 1918 2276 externa
1950 2218 2141 2276 forma
2176 2217 2267 2275 se-

164 2324 364 2378 cerunt
385 2361 399 2390 ,
455 2317 530 2376 ob
569 2334 812 2376 causam
863 2323 934 2376 ut
969 2325 1302 2394 appareant
1335 2315 1489 2374 tales
1526 2315 1777 2387 mundo,
1829 2324 1890 2374 at
1922 2319 2173 2376 interius
2207 2319 2270 2375 in

161 2433 224 2478 se
279 2435 390 2476 seu
435 2421 495 2476 in
547 2434 658 2477 suo
707 2421 916 2495 spiritu
969 2421 1381 2494 cogitaverunt
1414 2416 1561 2484 alia,
1616 2431 1685 2475 ac
1734 2417 1903 2475 multi
1952 2419 2266 2489 contraria,

163 2519 476 2576 credentes
509 2518 663 2596 quod
699 2521 1096 2594 cogitationes
1137 2525 1196 2577 et
1229 2519 1586 2576 intentiones
1620 2516 1766 2576 nihil
1800 2517 2047 2589 saciant,
2093 2516 2269 2574 modo

163 2632 364 2676 coram
415 2620 628 2679 mundo
669 2638 788 2679 non
838 2619 1142 2694 eluceant3
1199 2618 1338 2678 inde
1378 2625 1499 2692 est,
1566 2618 1723 2694 quod
1758 2617 2003 2693 spiritus
2041 2631 2265 2689 eorum,

161 2733 286 2776 cum
325 2718 560 2778 solutus
623 2727 716 2780 est
776 2738 816 2778 a
847 2719 1086 2779 vinculo
1148 2735 1284 2778 cum
1333 2735 1587 2796 corpore
1637 2719 1937 2790 terrestri,
1977 2715 2133 2774 ‘talis
2169 2717 2265 2788 sit,

161 2835 288 2877 nam
329 2821 578 2895 spiritus
617 2821 870 2880 homlnis
909 2827 1033 2893 est,
1075 2821 1177 2896 qui
1205 2821 1428 2896 cogitat
1466 2826 1526 2878 et
1558 2819 1826 2878 intendit.
1876 2817 1957 2876 Hi
1992 2821 2130 2876 sunt
2166 2817 2269 2891 qui

160 2919 564 2996 intelliguntur
611 2939 722 2998 per
763 2921 1004 2980 Domini
1053 2920 1243 2978 verba
1294 2965 1330 2995 „
1349 2916 1555 2980 Multi
1592 2918 1800 2979 dicent
1836 2915 2011 2978 Mihi
2056 2917 2128 2977 in
2152 2911 2269 2976 illo

165 3017 286 3092 die,
335 3019 651 3094 Domine,
696 3020 1004 3092 Domine,
1043 3037 1243 3080 nonne
1267 3039 1389 3098 per
1424 3017 1671 3079 Nomen
1718 3024 1901 3080 tuum
1924 3016 2270 3098 propheta-

162 3119 392 3191 vimus,
447 3123 508 3180 et
535 3139 656 3200 per
690 3120 935 3181 Nomen
969 3125 1153 3181 tuum
1191 3118 1529 3180 daemonia
1562 3120 1881 3202 ejecimuS,
1924 3125 1985 3179 et
2020 3119 2091 3180 in
2124 3117 2266 3178 No·-

161 3220 316 3280 mine
361 3225 470 3281 tuo
507 3219 750 3283 multae
783 3221 1054 3282 virtutes
1075 3220 1396 3300 fecimu⁸;
1450 3225 1521 3279 at
1560 3226 1707 3281 tunc
1746 3221 2075 3301 confitebor
2104 3217 2266 3293 illio,
2355 3273 2381 3288 ,

159 3337 472 3399 nunquam
503 3321 653 3382 novi
691 3339 829 3391 vos,
883 3320 1191 3381 discedite
1224 3339 1268 3380 a
1308 3318 1419 3379 Me
1452 3340 1663 3382 omnes
1716 3322 1996 3400 operarii
2032 3320 2270 3398 iniqui-

163 3421 354 3479 tatio“
390 3423 614 3481 Matth:
652 3421 804 3481 VII:
840 3424 935 3500 ‚19
975 3421 1054 3480 ad
1093 3426 1205 3490 27.
1265 3420 1419 3481 Tum
1457 3441 1691 3499 quoque
1727 3439 1839 3498 per
1871 3422 2023 3480 haec
2059 3416 2269 3494 „Oam

160 3521 474 3600 coeperitis
503 3520 682 3602 foris
717 3526 890 3582 stare
929 3527 990 3582 et
1011 3519 1282 3601 pulsare
1315 3521 1579 3597 ostium,
1623 3521 1895 3582 dicentes
1909 3565 1926 3595 ,
1966 3517 2268 3588 Domine,

159 3617 461 3696 Domine,
501 3622 684 3700 aperi
723 3622 932 3696 nobie,
991 3622 1105 3682 sed
1146 3621 1527 3702 respondens
1564 3621 1760 3691 dicet,
1811 3639 1935 3682 non
1972 3618 2123 3678 novi
2155 3633 2267 3677 voa

157 3721 312 3781 unde
363 3723 547 3783 sitia:
617 3728 764 3783 tunc
802 3722 1126 3802 incipietis
1176 3723 1410 3792 dice-re,
1472 3721 1723 3781 edimus
1772 3739 1984 3781 coram
2024 3717 2141 3788 Te,
2206 3723 2269 3778 et

157 3818 446 3898 bibimus,
523 3829 584 3882 et
635 3823 703 3882 in
745 3822 991 3904 plateis
1039 3824 1281 3884 nostris
1329 3820 1609 3881 docuisti
1618 3840 1646 3890 ;
1710 3820 1822 3879 sed
1872 3817 2067 3892 dioec,
2124 3817 2267 3878 dico

159 3921 350 3992 vobis,
401 3943 532 3984 non
564 3923 714 3984 novi
751 3944 862 3985 vos
895 3923 1062 3984 unde
1095 3923 1276 3998 sitia,
1331 3920 1637 3981 discedite
1662 3939 1703 3980 a
1736 3919 1846 3978 Me
1872 3937 2082 3978 omnes
2118 3936 2263 3997 ope-

157 4023 314 4082 raa-ii
351 4022 769 4104 miquitati8“
806 4025 963 4084 Luc:
999 4025 1183 4085 XIII:
1225 4026 1314 4083 24
1356 4023 1432 4082 ad
1471 4026 1583 4081 27.
1642 4020 1818 4098 Quod
1850 4021 2036 4098 frigus
2074 4020 2261 4096 signi-

155 4118 280 4181 ficet
331 4141 598 4185 amorem
655 4125 1037 4196 infernalem,
1103 4133 1196 4184 est
1249 4126 1391 4201 quia
1434 4123 1597 4182 calor
1654 4122 1952 4199 significat
1998 4137 2265 4181 amorem

158 4223 502 4303 coelestem3
549 4226 708 4304 qnod
744 4226 912 4287 calor
945 4225 1240 4304 significet
1281 4241 1547 4284 amorem
1579 4224 1934 4299 coelestem,
1991 4223 2269 4282 videatur
