2700 4792
439 372 550 424 304
705 359 1194 416 APOCALYPSIS
1235 359 1669 418 EXPLICATA.
1714 361 1761 430 §.
1804 369 1931 422 200.
1976 369 2111 422 201·
2151 369 2283 423 202.

435 523 498 580 in
531 521 730 598 gloria
765 537 904 596 sua,
955 521 1154 580 Patris
1191 527 1253 580 et
1287 528 1631 590 sanctorum
1666 521 2057 598 angelorum:
2106 519 2253 580 alibi
2282 537 2447 596 vero,
2496 525 2551 580 in

439 623 631 699 gloria
654 621 856 680 Patris
891 639 1026 681 cum
1052 620 1322 698 Angelis,
1362 627 1421 680 et
1456 621 1600 679 alibi
1636 623 1695 679 in
1730 622 1923 699 gloria
1958 639 2083 680 sua
2122 637 2260 680 cum
2288 619 2548 698 Angelis;

439 731 508 782 ut
541 721 702 798 apud
735 721 1006 782 Marcum
1075 765 1110 796 „
1139 719 1301 782 Cum
1338 720 1577 784 venerit
1628 721 1701 782 in
1743 719 1961 801 ⁸cloria
2008 719 2253 782 Patris
2290 721 2397 782 eui
2428 740 2554 782 cum

443 819 724 902 Anyelis
761 822 1006 882 sanctis
1027 825 1066 856 “
1108 821 1292 882 VIII:
1337 825 1461 882 38:
1502 829 1561 882 et
1598 823 1759 899 apud
1793 823 2178 882 Matthaeum
2248 817 2555 896 „Quando

439 922 676 984 venerit
717 923 790 982 in
820 919 1036 1003 yloria
1071 941 1223 993 sua,
1275 928 1334 982 et
1370 941 1583 983 omnes
1622 921 1847 984 Sancti
1879 919 2135 1002 Anyeli
2172 939 2319 982 cum
2360 920 2501 1000 Ipso
2520 924 2552 955 ‘²‘

449 1023 654 1084 XXV:
699 1025 809 1082 31.
873 1023 1242 1100 Appendicis
1293 1023 1429 1088 loco
1477 1023 1575 1083 hic
1611 1023 1947 1082 addendum
1986 1030 2121 1092 est,
2186 1022 2347 1098 quod
2380 1023 2429 1080 si
2462 1038 2552 1078 as-

441 1129 712 1184 sumatur
745 1141 856 1200 pro
890 1122 1178 1184 Doctrina
1215 1131 1275 1184 et
1311 1131 1703 1201 agnoscatur,
1756 1125 1921 1200 quod
1950 1124 2260 1183 Dominus
2308 1126 2388 1182 sit
2417 1137 2552 1180 unus

441 1242 580 1284 cum
613 1224 830 1299 Patre,
883 1231 944 1283 ct
979 1224 1140 1299 quod
1175 1224 1519 1283 Humanum
1554 1224 1754 1301 Ipsius
1790 1227 1871 1284 sit
1902 1224 2205 1284 Divinum
2242 1241 2319 1283 ex
2354 1223 2551 1282 Divino

443 1328 506 1384 in
563 1324 740 1400 Ipso,
802 1325 1102 1384 videbitur
1160 1324 1264 1384 lux
1323 1327 1387 1384 in
1442 1326 1690 1402 singulis
1740 1324 1957 1400 Verbi,
2030 1343 2179 1384 nam
2244 1323 2402 1402 quod
2455 1338 2551 1399 pro

443 1426 716 1485 doctrina
749 1427 1076 1484 assumitur
1111 1431 1173 1484 et
1209 1441 1284 1484 ex
1319 1425 1589 1484 doctrina
1625 1429 2001 1504 agnoscitur,
2052 1425 2177 1485 hoc
2216 1426 2279 1484 in
2312 1425 2441 1484 luce
2472 1428 2549 1482 cst

443 1543 584 1586 cum
634 1526 856 1602 legitur
891 1524 1190 1600 Verbum,
1235 1525 1533 1585 Dominus
1582 1529 1789 1602 etiam,
1846 1543 1885 1584 a
1922 1525 2059 1602 Quo
2114 1527 2309 1585 omnis
2358 1525 2459 1582 lux
2498 1529 2548 1580 et

451 1627 566 1686 Cui
625 1629 814 1685 omnis
867 1631 1172 1702 potestas,
1241 1626 1564 1686 illustrabit
1618 1627 1789 1686 illost
1854 1635 1917 1686 at
1976 1629 2293 1696 vicissim,
2352 1626 2401 1682 si
2452 1638 2544 1700 pro

449 1727 719 1786 doctrina
769 1729 1094 1785 assumitur
1154 1733 1215 1784 et
1263 1729 1643 1805 agnoscitur,
1716 1729 1877 1805 quod
1922 1728 2215 1786 Divinum
2252 1724 2442 1784 Patris
2485 1723 2544 1779 sit

447 1825 612 1884 aliud
677 1845 715 1883 a
758 1827 980 1885 Divino
1023 1827 1294 1902 Domini,
1354 1827 1655 1888 videbitur
1714 1829 1861 1887 nihil
1922 1830 1985 1886 in
2030 1829 2177 1888 lucc
2236 1829 2302 1883 in
2349 1822 2537 1894 VerbO,

447 1927 726 2002 quoniam
759 1927 966 1998 homo,
1019 1929 1121 2003 qui
1153 1930 1214 1986 in
1249 1944 1324 1986 ea
1374 1929 1642 1988 doctrina
1678 1935 1800 1999 est,
1852 1945 1921 1987 se
1957 1931 2145 1988 vertit
2194 1927 2273 1986 ab
2304 1941 2420 1983 uno
2448 1922 2541 1980 Di-

447 2029 588 2085 vino
614 2025 708 2109 'ad
759 2025 1038 2100 alterum,
1095 2035 1156 2087 et
1207 2045 1244 2086 a
1297 2028 1517 2088 Divino
1554 2029 1823 2104 Domini,
1886 2029 2043 2104 quod
2082 2028 2295 2088 videre
2345 2026 2534 2102 potest,
2631 2075 2632 2078 ,

448 2127 610 2204 quod
656 2127 722 2186 fit
769 2129 1126 2203 cogitatione
1187 2135 1250 2188 et
1301 2127 1452 2201 fide,
1506 2129 1583 2188 ad
1634 2128 1918 2189 Divinum
1963 2129 2131 2206 quod
2186 2145 2305 2187 non
2361 2121 2535 2182 videre

445 2233 674 2304 potest,
753 2245 890 2286 nam
947 2227 1242 2288 Dominus
1307 2229 1449 2289 dicit
1526 2273 1563 2304 „
1585 2228 1735 2290 Nou
1800 2247 2005 2290 vocem
2070 2227 2313 2290 Patris
2368 2219 2533 2283 audi·
2631 2277 2632 2284 ἶ

443 2326 634 2388 vistis
667 2345 960 2408 unquam,
999 2345 1190 2406 neque
1227 2329 1494 2408 speciem
1519 2327 1746 2408 Ipsius
1774 2329 2043 2391 vidistis
2054 2331 2096 2364 ‘⁶‘
2154 2329 2313 2388 Joh:
2340 2325 2411 2382 V:
2442 2323 2531 2380 3⁷.
2630 2337 2632 2406 ᾗ

445 2436 506 2486 et
543 2445 781 2504 quoque
823 2429 984 2506 Cap:
1027 2429 1088 2488 1:
1127 2431 1249 2504 183
1289 2437 1350 2489 et
1386 2431 1631 2490 credere
1667 2433 1731 2488 in
1766 2431 2068 2506 Divinum,
2114 2438 2179 2489 ct
2215 2441 2407 2487 amare
2438 2420 2527 2478 Di·
2630 2449 2632 2460 ¹

441 2532 678 2602 vinum,
743 2529 818 2588 de
855 2529 989 2606 Quo
1037 2530 1152 2588 sub
1185 2529 1389 2607 aliqua
1438 2533 1643 2608 specie
1694 2548 1812 2591 non
1870 2534 2121 2609 cogitari
2174 2534 2401 2607 potest,
2460 2523 2533 2579 est

441 2629 834 2708 impossibile.
1850 2689 1854 2692 .

603 2732 764 2789 201.
845 2729 1092 2789 Habcns
1129 2749 1336 2790 aurem
1372 2732 1578 2790 audiat
1614 2733 1755 2808 quid
1792 2735 2039 2809 spiritus
2078 2734 2223 2794 dicit
2256 2721 2527 2791 Ecclesiis

448 2831 612 2908 quod
661 2829 954 2906 significet
1015 2832 1177 2907 quod
1227 2833 1330 2908 qui
1374 2833 1653 2908 intelligit
1702 2833 2031 2909 auscultet,
2090 2834 2235 2912 quid
2282 2825 2527 2888 Divinum

449 2931 678 2989 Verum
711 2929 1045 3006 procedens
1077 2949 1114 2989 a
1137 2932 1397 2991 Domino
1434 2933 1611 2992 docet
1638 2939 1699 2992 et
1732 2933 1876 2993 dicit
1908 2933 2027 2993 illis
2056 2937 2164 3012 qui
2190 2932 2265 2992 ab
2291 2920 2527 2988 Ecclesia

447 3028 648 3105 Ipsius
686 3035 854 3102 sunt,
911 3037 1146 3090 constat
1183 3050 1258 3092 ex
1293 3032 1412 3092 illis
1462 3049 1618 3110 quac
1668 3049 1853 3110 supra
1888 3053 1955 3092 n:
2004 3037 2032 3092 l
2051 3036 2142 3094 08
2200 3033 2353 3092 dicta
2392 3023 2519 3088 sunt,

445 3128 552 3187 ubi
585 3129 820 3188 similia.
1500 3165 1505 3170 -

609 3231 770 3288 202.
851 3230 1040 3290 Vers:
1101 3237 1131 3290 7
1195 3233 1272 3292 ad
1335 3236 1444 3294 13.
1524 3231 1623 3293 Et
1671 3229 1917 3314 Anyelo
1977 3234 2046 3294 in
2102 3215 2522 3302 ΡΙιίἰαᾶθῖΡῆἰα

444 3325 787 3390 Ecclesiae
826 3329 1022 3392 scribe
1033 3351 1048 3408 3
1104 3331 1254 3393 haec
1291 3332 1455 3394 dicit
1492 3332 1770 3396 Sanctus
1809 3332 2009 3396 Verus
2056 3334 2287 3396 habene
2324 3321 2520 3388 elavem

442 3429 767 3501 Davidis,
824 3432 1113 3512 aperiens
1165 3438 1226 3492 et
1282 3452 1461 3494 nemo
1512 3431 1789 3511 claudit,
1852 3439 1914 3494 ct
1976 3432 2225 3496 claudit
2274 3433 2331 3490 et
2374 3431 2515 3484 ww

443 3531 668 3612 aperit.
721 3530 898 3593 Novi
925 3537 1042 3593 tua
1065 3551 1255 3612 opera
1266 3554 1295 3606 ,·
1331 3551 1464 3594 ecce
1488 3533 1642 3595 dedi
1666 3553 1881 3597 coram
1906 3541 1967 3595 tc
1990 3535 2229 3596 ostium
2252 3527 2515 3610 apertum,

445 3637 506 3692 ct
529 3651 705 3693 nemo
735 3637 950 3711 potest
983 3628 1276 3694 claudere
1307 3632 1495 3710 illud,
1538 3635 1691 3714 quia
1734 3632 2104 3698 nonnullam
2132 3633 2311 3696 hahes
2326 3625 2510 3707 Ρθῦθη·

446 3732 633 3808 tiam,
693 3739 754 3794 et
803 3732 1150 3794 observasti
1185 3752 1393 3796 meum
1436 3735 1717 3805 verbum,
1770 3741 1830 3796 et
1872 3755 1999 3797 nou
2029 3733 2281 3816 myasti
2312 3723 2512 3790 Nomen

446 3853 666 3897 mcum.
736 3833 902 3894 Ecce
938 3833 1097 3894 dabo
1133 3851 1224 3894 ecc·
1239 3853 1577 3916 synayoya
1600 3834 1900 3914 Satanae,
1944 3835 2284 3898 dicentium
2312 3822 2509 3903 882P⁸⁰⁸

444 3933 732 3996 Judaeoc
789 3953 947 4011 esse,
1007 3939 1069 3994 ct
1121 3951 1246 3994 uon
1295 3939 1447 3998 sunt
1457 3980 1473 4011 ,
1532 3934 1646 3996 sed
1675 3937 2097 4010 ›mentiuntum
2150 3951 2274 3998 ecce
2300 3917 2505 4010 facicm

445 4029 597 4093 illos
634 4040 708 4094 ut
731 4023 986 4096 veniant
999 4078 1017 4107 ‚
1061 4039 1122 4094 et
1163 4033 1430 4100 adorent
1452 4041 1601 4097 ante
1622 4035 1821 4116 pedes
1848 4043 2019 4113 tuos,
2066 4042 2129 4098 et
2164 4032 2355 4098 sciant
2376 4006 2503 4102 qw’d

447 4128 598 4204 Eyo
639 4129 846 4192 dilexi
883 4139 959 4193 te.
1026 4133 1204 4210 Quia
1251 4135 1601 4197 observasti
1645 4137 1897 4200 verbum
1949 4135 2313 4200 tolerantiae
2356 4129 2496 4185 ΝΜ)

449 4227 513 4282 ⁶⁸
551 4224 702 4304 Eyo
739 4231 798 4284 te
837 4233 1090 4291 servabo
1127 4251 1207 4294 ecc
1247 4233 1407 4299 hora
1442 4236 1813 4312 tantationis
1838 4237 2114 4320 futurae
2138 4235 2331 4298 venire
2354 4225 2500 4299 ,uper
