2700 4792
311 379 544 436 CAPUT
585 345 988 436 sueonum«.
1658 375 1869 464 vsu&
1916 391 2005 442 ιτ.
2129 361 2134 367 ’
2192 395 2299 446 1⁹3

185 541 396 620 quoad
437 539 810 599 intellectum
869 537 1154 598 illustrati
1199 543 1340 598 sunt
1390 543 1453 597 et
1496 535 1717 598 docent
1763 555 1941 610 vera,
1996 546 2057 600 et
2106 557 2299 618 usque

185 647 396 700 amant
429 640 568 700 dolo
605 639 862 718 perdere
899 638 1040 696 illos
1089 640 1192 715 qui
1225 637 1301 696 ab
1335 637 1646 710 Ecclesia,
1708 643 1835 696 tum
1872 640 1973 715 qui
2008 649 2299 716 separant

181 744 413 802 bonum
461 757 502 798 a
557 757 704 799 vero
758 755 870 798 seu
921 737 1278 798 charitatem
1326 756 1365 796 a
1407 737 1551 813 fide,
1620 739 1696 798 de
1756 739 1975 814 quibus
2024 740 2299 802 videatur

183 859 378 921 supra
419 859 488 900 n:
565 842 800 909 140<et
841 842 1004 898 142.
1101 837 1280 915 Quod
1326 841 1531 900 venire
1583 842 1699 898 cito
1742 842 1821 898 sit
1856 843 2151 911 visitatio,
2204 851 2297 902 est

184 947 336 1021 quia
369 941 668 1002 adventus
693 941 938 1001 Domini
961 941 1024 998 in
1050 939 1254 1000 Verbo
1289 939 1583 1016 significat
1616 942 2033 1011 visitationem,
2080 942 2293 1002 videa-

183 1053 294 1104 tur
329 1062 400 1102 nt
461 1043 688 1117 68953
741 1042 1008 1099 visitatio
1046 1047 1140 1100 est
1187 1040 1519 1118 exploratio
1566 1040 1821 1100 hominis
1870 1040 2011 1118 p'ost
2044 1049 2298 1102 mortem

187 1145 392 1222 qualis
431 1151 554 1218 est,
621 1149 940 1219 antequam
968 1141 1296 1219 judicatur.

350 1245 514 1304 145.
580 1243 830 1302 Habens
867 1259 1075 1302 aurem
1110 1241 1316 1300 audiat
1350 1241 1497 1318 quid
1528 1243 1775 1318 spiritus
1810 1242 1953 1302 dicit
1985 1243 2295 1317 EcclesiiS,

183 1345 348 1423 quod
402 1343 700 1421 significet
747 1341 908 1421 quod
955 1345 1056 1418 qui
1105 1341 1385 1419 intelligit
1450 1342 1749 1402 auscultet
1808 1343 1951 1419 quid
2004 1344 2292 1404 Divinum

185 1448 422 1506 Verum
458 1444 794 1523 procedens
823 1461 860 1502 a
894 1444 1152 1504 Domino
1189 1442 1365 1502 docet
1396 1451 1468 1503 ,et
1500 1443 1643 1502 dicit
1676 1443 1795 1502 illis
1833 1447 1933 1520 qui
1972 1445 2049 1503 ab
2076 1445 2294 1508 Eccle-

187 1550 283 1607 sia
315 1548 524 1625 Ipsius
560 1553 724 1619 sunt,
789 1551 1024 1604 constat
1065 1561 1142 1604 ex
1193 1542 1312 1603 illis
1353 1551 1509 1622 que
1548 1561 1735 1623 supra
1776 1562 1845 1603 n:
1898 1548 1983 1606 14
2025 1555 2085 1606 et
2126 1547 2287 1621 108,

186 1649 350 1709 dicta
385 1653 450 1706 et
485 1655 730 1706 ostensa
763 1651 930 1719 sunt,
986 1645 1090 1704 ubi
1127 1643 1346 1704 similia
1387 1645 1589 1705 verba.

350 1751 380 1808 1
401 1750 512 1807 46.
585 1746 866 1806 Vincenti
909 1745 1064 1806 dabo
1119 1745 1298 1806 edere
1335 1745 1411 1804 de
1448 1745 1669 1807 Manna
1704 1744 2080 1822 abscondito,
2134 1747 2293 1824 quod

185 1849 490 1928 significet
541 1849 630 1907 eis
683 1848 784 1922 qni
830 1849 890 1905 in
936 1846 1363 1906 tentationibus
1412 1849 1655 1906 vincunt
1696 1848 2028 1924 jucundum
2074 1851 2293 1908 amoris

187 1950 474 2012 coelestis
517 1965 594 2008 ex
617 1947 839 2008 Divino
861 1947 1140 2008 Humano
1175 1947 1436 2019 Domini,
1480 1954 1715 2008 constat
1748 1965 1827 2008 ex
1863 1948 2292 2026 significatione

187 2051 510 2126 vincentis,
581 2047 743 2125 quod
790 2051 908 2106 sint
954 2051 1056 2125 qui
1106 2051 1167 2108 in
1218 2049 1644 2108 tentationibus
1688 2052 1965 2125 vincunt,
2016 2068 2156 2110 nam
2206 2049 2295 2110 illi

187 2161 360 2227 sunt,
407 2151 484 2211 de
521 2149 740 2227 quibus
774 2151 837 2208 in
871 2151 1110 2225 seriptis
1151 2150 1230 2209 ad
1265 2149 1564 2226 Angelum
1600 2149 1779 2226 hujus
1816 2151 2128 2212 Ecclesiae
2158 2153 2291 2228 agi·-

189 2263 311 2328 tur,
379 2252 658 2311 videatur
709 2267 894 2326 supra
943 2269 1014 2310 n:
1069 2254 1098 2309 l
1117 2253 1246 2327 303
1311 2267 1387 2310 ex
1428 2250 1858 2328 significatione
1904 2251 2047 2312 dare
2090 2251 2290 2326 edere,

189 2354 354 2431 quod
389 2355 469 2413 sit
501 2353 880 2430 appropriari
928 2360 988 2411 et
1029 2352 1310 2429 conjungi
1354 2367 1466 2427 per
1513 2369 1775 2411 amorem
1823 2359 1883 2410 et
1918 2352 2287 2426 charitatem,

189 2457 266 2516 de
305 2473 430 2531 qua
461 2473 534 2512 n:
598 2455 810 2511 2187.
849 2454 1060 2513 2343.
1099 2455 1310 2513 3168.
1358 2453 1571 2511 3513.
1620 2453 1831 2526 5643,
1872 2459 1933 2512 et
1958 2455 2101 2528 quia
2138 2453 2289 2512 dici·-

193 2565 294 2614 tur
322 2555 400 2613 (le
435 2571 645 2612 manna
668 2553 1031 2629 abscondito,
1061 2572 1174 2632 per
1199 2552 1363 2636 quod
1388 2552 1734 2629 intelligitur
1760 2552 2055 2612 Dominus
2092 2551 2293 2633 quoad

199 2655 490 2716 Divinum
521 2653 884 2724 Humanum,
917 2671 1028 2732 per
1067 2654 1248 2714 cdere
1285 2652 1497 2722 de‚illo
1539 2653 1635 2712 hic
1673 2652 2039 2731 significatur
2064 2652 2289 2728 jucun-

190 2755 334 2814 dum
373 2757 588 2814 amoris
635 2755 946 2829 coelestis,
1002 2774 1139 2814 nam
1187 2755 1300 2816 hoc
1345 2756 1769 2832 appropriatur
1815 2771 1853 2812 a
1892 2753 2111 2812 Divino
2150 2751 2287 2812 Hu-

185 2875 364 2916 mano
398 2856 642 2915 Domini
673 2855 795 2914 illis
833 2858 936 2932 qui
971 2858 1268 2932 recipiunt
1304 2849 1521 2932 'Ipsum
1569 2871 1771 2915 amore
1818 2862 1879 2914 et
1912 2849 2059 2929 fide3
2118 2860 2179 2912 et
2215 2871 2293 2914 ex

188 2955 622 3034 significatione
675 2973 928 3016 mannae
977 2956 1336 3032 absconditi,
1405 2955 1567 3032 quod
1612 2957 1691 3014 sit
1747 2956 2039 3016 Dominus
2092 2953 2294 3032 quoad

188 3058 473 3118 Divinum
522 3057 898 3134 Humanum,
963 3057 1126 3136 quod
1170 3057 1230 3116 id
1280 3060 1361 3117 sit
1410 3057 1632 3116 Manna
1687 3062 1948 3116 constat-
1968 3055 2045 3116 ab
2088 3056 2295 3132 Ipsius

184 3159 428 3218 Domini
489 3157 692 3217 verbis
755 3174 830 3234 ap
839 3157 919 3216 ud
989 3159 1031 3217 J
1035 3159 1328 3218 ohannem
1404 3156 1689 3231 „Patres
1756 3155 1965 3218 nostri
2028 3155 2294 3218 ederunt

183 3277 424 3320 manna
457 3258 532 3320 in
563 3256 808 3320 deserto
822 3303 838 3334 ,
887 3259 1057 3321 siout
1091 3258 1403 3338 scriptum
1438 3263 1535 3320 est
1548 3303 1564 3330 ,
1612 3256 1859 3319 Panem
1890 3277 1924 3316 e
1959 3254 2141 3318 Coelo
2176 3255 2291 3318 de-

188 3357 292 3420 dit
327 3359 418 3418 eis
451 3378 632 3439 quem
665 3358 948 3422 ederem.-
984 3358 1196 3420 Pam‘s
1228 3357 1372 3419 Dei
1402 3363 1498 3418 eet
1539 3357 1675 3435 Qui
1706 3359 1786 3419 de
1817 3355 1999 3418 Coelo
2032 3357 2287 3418 descen·-

182 3457 292 3520 dit
335 3464 396 3518 et
427 3459 548 3521 dat
597 3459 802 3521 vitam
847 3452 1122 3522 mundo:
1172 3457 1322 3539 Eyo
1366 3443 1513 3521 sw'n
1555 3459 1767 3522 Panis
1811 3457 2013 3519 vitae:
2060 3460 2289 3536 pabree

177 3558 386 3622 vestri
445 3559 709 3622 ederunt
753 3579 994 3622 manna
1047 3561 1120 3622 in
1173 3559 1417 3621 deserto
1430 3603 1448 3630 ‚
1516 3566 1575 3622 et
1622 3558 1861 3621 mortui
1904 3560 2057 3618 sunt
2077 3574 2100 3615 .·
2150 3553 2289 3614 Hic

176 3667 276 3722 eet
310 3659 530 3722 Panis
563 3658 676 3722 ille
707 3662 821 3742 qui
853 3681 886 3720 e
919 3659 1084 3722 coelo
1119 3660 1471 3738 descendit,
1524 3666 1597 3721 ut
1629 3660 1741 3739 qui
1773 3656 1906 3718 edit
1940 3655 2020 3716 cle
2060 3673 2129 3715 eo
2162 3673 2289 3714 non

175 3761 519 3823 moriatur.
604 3761 758 3842 Eyo
803 3781 950 3824 cum
981 3761 1196 3824 Panic
1244 3760 1445 3826 Vivus
1486 3758 1623 3837 Qui
1656 3778 1691 3819 e
1728 3753 1911 3820 Coelo
1946 3752 2246 3816 descendi
2254 3773 2283 3826 ,-

175 3862 243 3924 εἰ
292 3861 444 3942 quis
489 3861 692 3924 ederit
737 3881 818 3924 ex
865 3862 980 3924 hoc
1025 3861 1234 3939 Pane,
1312 3862 1477 3923 vivet
1523 3861 1595 3920 in
1644 3864 1983 3920 aetmum.
2072 3852 2287 3916 Panic

172 3982 360 4042 quem
393 3963 546 4043 Eyo
579 3962 774 4040 clab0,
813 3962 978 4026 Caro
1015 3983 1154 4024 mea
1185 3966 1327 4024 αὔ(
1357 3963 1476 4022 VI:
1521 3962 1603 4020 31
1641 3960 1719 4019 ad
1753 3961 1862 4021 58.
1935 3956 2113 4034 Quod
2136 3956 2285 4034 Ipse

171 4063 474 4124 Dominus
531 4067 611 4124 sit
659 4064 777 4141 Qui
823 4065 1172 4142 intelligitur
1229 4081 1342 4141 per
1389 4063 1670 4122 Mannam
1722 4068 1784 4121 et
1830 4059 2089 4132 Panem,
2139 4058 2285 4136 Ipse

175 4173 386 4241 aperte
426 4165 630 4235 docet,
687 4165 832 4226 dicit
868 4167 1058 4241 enim,
1119 4166 1246 4242 Ego
1287 4181 1423 4223 sum
1456 4163 1638 4222 Panis
1675 4165 1837 4222 vitae
1874 4161 1993 4238 Qui
2030 4178 2063 4219 e
2102 4158 2287 4218 Coelo

177 4263 482 4343 descend&
519 4266 684 4350 quod
709 4269 790 4326 sit
817 4267 1111 4326 Dominus
1141 4265 1338 4343 quoad
1366 4265 1651 4326 Divinum
1679 4263 2054 4328 Humanum,
2106 4261 2285 4318 otiam

279 4383 712 4436 Swedeub0r3‚
755 4384 945 4437 Apoenl.
978 4384 1089 4439 oxpl.
1125 4384 1158 4421 Ι.
1891 4363 1969 4423 13
