2700 4792
353 311 603 406 CAPUT*
635 350 936 410 PRIMUM.
1710 353 1920 410 vane:
1974 367 2058 418 ιε..
2236 369 2307 420 79

185 511 414 592 iymu
468 509 766 572 Brachia
813 509 954 593 ejus
1001 517 1062 571 et
1105 510 1314 572 Pedes
1367 511 1504 594 ejus
1554 513 1722 576 siout
1778 513 2077 595 splendor
2111 517 2307 580 Aeris

187 610 558 690 laeviyati“
595 611 690 672 Χ.
748 614 807 671 5.
853 613 912 672 6.
999 612 1282 673 Similiter
1329 613 1621 690 Cherubi,
1676 633 1789 691 per
1824 634 1973 692 quos
2018 618 2303 695 intelligi·-

187 722 294 774 tm·
337 713 634 772 Dominus
689 712 888 788 quoad
934 712 1375 772 Providentiam
1428 721 1489 772 et
1534 713 1911 792 Custodiam,
1964 735 2030 776 n:
2090 721 2299 778 927⁷.

197 815 418 875 9509.
458 814 688 887 9673,
743 814 860 871 visi
888 819 1026 872 sunt
1074 813 1378 873 Ezechieli
1419 812 1673 888 „Pedes
1712 834 1925 878 eorum
1960 822 2139 878 erant
2178 817 2304 878 mi·-

185 917 412 976 amtee
448 912 620 972 sieut
655 909 952 992 splendor
986 912 1156 974 aeris
1197 910 1556 992 laeviyati“
1602 915 1664 973 Ι.
1710 920 1768 974 7.
1838 916 2124 976 Similiter
2172 918 2305 977 Do-

185 1017 396 1078 minus
433 1015 602 1072 visus
645 1020 710 1072 ut
748 1013 1020 1090 Angelus
1056 1021 1274 1090 postea
1305 1015 1370 1072 in
1403 1013 1867 1092 Apocalypsi,
1892 1015 2047 1078 Vidi
2082 1017 2301 1097 Ange-

189 1112 334 1176 lum
371 1111 840 1173 descendentem
883 1113 964 1172 de
1001 1110 1162 1172 coelo
1177 1159 1193 1188 ,
1243 1113 1551 1191 amictum
1586 1115 1761 1190 nube,
1802 1121 1861 1175 et
1905 1115 2029 1176 iria
2067 1115 2305 1178 circum

189 1213 438 1295 Caput,
503 1217 566 1272 et
617 1211 850 1272 Facies
907 1214 1043 1296 ejus
1077 1218 1174 1274 -ut
1225 1210 1365 1287 Sol,
1439 1217 1499 1273 et
1546 1213 1756 1274 Pedes·
1810 1215 1949 1298 ejus
2002 1221 2305 1296 tanquam

189 1313 522 1377 columnae
555 1313 780 1393 iyni3“
795 1314 916 1373 X:
973 1319 1027 1373 1.
1085 1313 1244 1390 Quia
1278 1313 1417 1372 talis
1454 1315 1619 1372 visus
1658 1323 1751 1374 est
1779 1316 2071 1376 Dominus
2104 1318 2299 1392 quoad
2341 1330 2463 1392 [57]

186 1417 414 1490 Pedes,
449 1416 582 1475 ideo
604 1414 718 1474 sub
748 1414 1014 1474 Pedibus
1050 1417 1216 1474 visus
1253 1420 1347 1472 est
1375 1413 1730 1489 quibusdam
1760 1433 1834 1474 ex
1860 1417 1997 1476 filiis
2035 1417 2297 1520 ΙειαόΙίε,

202 1513 436 1590 „Sicut
478 1533 634 1594 opus
677 1511 925 1594 lapidis
976 1513 1299 1593 sapphiri,
1360 1518 1423 1572 et
1473 1514 1663 1594 quasi
1714 1487 2077 1577 substantia
2129 1515 2303 1579 Coeli

195 1613 414 1696 quoad
454 1616 855 1694 puritatem“
899 1616 1100 1674 Exod:
1147 1613 1395 1673 XXIV:
1453 1618 1481 1672 1
1500 1619 1576 1673 Ο.
1631 1615 1792 1692 quod
1832 1617 2127 1678 Dominus
2180 1619 2299 1678 illis

193 1733 322 1776 non
361 1717 528 1778 visus
567 1719 646 1775 sit
681 1715 880 1793 quoad
911 1715 1108 1774 Pedes
1147 1713 1258 1774 sed
1283 1713 1397 1773 sub
1423 1715 1723 1790 Pedibus,
1775 1724 1904 1776 erat
1940 1734 2127 1777 causa
2159 1720 2301 1795 quia

185 1835 311 1878 non
347 1819 409 1876 in
451 1817 714 1877 Externo
755 1815 1096 1890 Ecclesiae,
1171 1813 1383 1874 Cultus
1429 1823 1489 1874 et
1527 1815 1714 1875 Verbi
1758 1825 1955 1892 erant,
2020 1818 2131 1878 scd
2184 1819 2295 1878 sub

182 1917 322 1991 illo,
387 1917 666 1978 videatur
712 1919 774 1976 in
805 1915 1134 1975 DocrnmA
1178 1914 1392 1974 Novae
1426 1915 1945 1989 Hmnosommn,
2009 1938 2076 1978 n:
2130 1922 2293 1978 248.

183 2017 488 2093 Quoniam
549 2018 746 2077 Pedes
809 2017 850 2075 J
855 2017 1083 2076 ehovac
1145 2031 1256 2074 seu
1316 2015 1559 2074 Domini
1618 2017 1953 2093 significant
2011 2019 2295 2080 Ultimum

183 2116 431 2178 Ordinis
497 2118 730 2193 Divini,
805 2123 866 2176 et
916 2117 1032 2176 hoc
1079 2117 1140 2174 in
1191 2118 1397 2193 specie
1448 2124 1543 2176 est
1594 2116 1920 2176 Externum
1962 2120 2296 2190 Ecclesiae,

183 2215 404 2278 Cultus
474 2226 536 2278 et
587 2217 810 2292 Verbi,
883 2217 1020 2277 ideo
1080 2216 1192 2276 hoc
1251 2219 1314 2274 in
1376 2217 1579 2276 Verbo
1640 2227 1887 2278 vocatur
1948 2218 2293 2280 scabellum

177 2318 424 2381 Pedum
470 2320 704 2396 Ipsius;
781 2325 850 2376 ut
897 2316 1060 2394 apud
1125 2317 1372 2394 Esajam
1424 2313 1707 2392 „Gloria
1766 2317 2007 2380 Libani
2060 2319 2151 2381 ad
2204 2317 2297 2380 Te

176 2420 388 2480 veniet
405 2463 422 2491 ‚
473 2415 562 2478 ad
609 2417 1032 2479 decor-mudum
1071 2413 1278 2478 locum
1306 2405 1682 2479 Sanctum-ii
1714 2420 1867 2493 mei,
1924 2417 2131 2482 locum
2161 2419 2291 2480 Pe-

181 2519 350 2579 dwm
391 2537 670 2578 meorum
705 2513 1127 2578 houm-abilem
1167 2516 1438 2578 reddam
1450 2538 1478 2589 ,·
1532 2523 1591 2579 et
1628 2518 2041 2580 incurvabunt
2086 2539 2153 2578 ae
2202 2519 2294 2579 ad

181 2615 374 2679 volae
409 2616 665 2678 Pedum
697 2621 992 2678 tuorum
1021 2617 1178 2706 ‘LXt
1233 2621 1262 2676 l
1283 2620 1342 2677 3.
1378 2621 1487 2676 14.
1551 2619 1733 2695 Apud
1770 2618 2043 2678 Eundem
2088 2615 2290 2694 „Goa-

71 2789 78 2794 ,
172 2717 318 2782 lum
351 2717 652 2781 monus
693 2736 870 2778 meua
880 2762 898 2792 ,
941 2723 1001 2778 et
1049 2716 1253 2780 Terra
1289 2714 1647 2780 Soabellum
1687 2717 1938 2778 Pedum
1962 2737 2241 2779 meorum
2250 2720 2287 2752 “

177 2821 418 2881 LXVI:
473 2825 502 2880 1
519 2865 532 2880 .
608 2819 791 2898 Apud
817 2819 860 2879 J
863 2820 1144 2878 eremiam
1194 2817 1431 2894 „Deua
1456 2837 1581 2880 non
1616 2819 1989 2882 recordatur
2016 2815 2291 2880 Seabelli

176 2918 430 2982 Pedum
465 2939 730 2982 auorum
768 2918 840 2980 in
867 2917 972 2979 div
998 2919 1180 2980 irae“
1237 2919 1465 2980 Thren:
1511 2919 1603 2978 11:
1650 2923 1709 2978 1.
1774 2920 1956 2998 Apud
1988 2919 2287 2980 Davidem

188 3019 526 3094 „Adorate
593 3019 902 3082 Jelzovam
961 3034 1182 3080 versus
1255 3017 1613 3080 scabellum
1691 3020 1943 3083 Pedum
2009 3018 2282 3100 Ipsius“

183 3120 426 3178 Psalm:
476 3120 713 3180 XCIX:
768 3123 826 3180 5.
903 3120 1086 3198 Apud
1135 3120 1409 3180 Eundem
1466 3118 1911 3195 „Intrabimus
1956 3121 2026 3182 in
2072 3121 2288 3183 Habi-

184 3215 410 3280 taoula
455 3217 692 3298 Ipsius,
733 3219 1208 3282 incurvabimus
1241 3239 1358 3281 nos
1396 3219 1677 3282 Soabello
1716 3221 1967 3283 Pedum
2009 3219 2284 3301 Ipsiu⁸“

179 3317 426 3380 Psalm:
479 3318 806 3382 CXXXII:
861 3327 920 3380 7.
990 3321 1173 3397 Apud
1213 3321 1450 3380 Nahum
1493 3319 1815 3396 „Jehovae
1842 3322 2033 3382 nubes
2060 3319 2287 3401 pulvis

175 3417 434 3480 Pedum
459 3418 729 3499 Ipsiu8“
786 3421 848 3480 I:
894 3423 968 3497 33
1017 3420 1177 3496 quod
1202 3421 1409 3480 Nubes
1440 3424 1519 3480 sit
1562 3423 1885 3482 Externum
1915 3422 2131 3495 Verbi,
2173 3439 2285 3482 seu

173 3519 448 3580 Verbum
482 3521 684 3597 quoad
715 3521 982 3589 literam,
1031 3521 1308 3594 videatur
1355 3538 1543 3598 supra
1587 3541 1659 3581 n:
1702 3524 1826 3597 363
1879 3528 1939 3580 et
1974 3522 2115 3597 quia
2146 3520 2283 3581 Nu-

171 3619 290 3680 bes
327 3628 423 3680 est
453 3622 784 3682 Externum
833 3621 1049 3695 Verbi,
1115 3623 1296 3680 etiam
1337 3628 1430 3682 est
1481 3623 1811 3681 Externum
1862 3620 2173 3680 Ecclesiae
2222 3625 2285 3678 et

176 3719 424 3792 Cultus,
473 3739 612 3781 nam
655 3721 934 3782 Ecclesia
981 3728 1042 3780 et
1078 3720 1290 3781 Cultus
1341 3728 1483 3780 sunt
1525 3739 1601 3780 ex
1640 3722 1843 3782 Verbo
1854 3741 1869 3796 3
1923 3721 2123 3797 pulvis
2158 3720 2281 3779 Pe-

175 3819 322 3880 dum
358 3819 604 3892 dicitur,
671 3824 814 3898 quia
859 3822 965 3880 illa
1017 3838 1170 3897 quac
1207 3824 1268 3882 in
1303 3838 1488 3882 sensu
1523 3822 1733 3882 literae
1774 3822 1993 3896 Verbi,
2052 3823 2156 3898 qui
2192 3827 2287 3882 est

173 3920 496 3994 naturam,
545 3928 840 3998 apparent
873 3937 1106 3998 sparsa.

338 4003 446 4079 70.
503 4020 680 4096 Quod
714 4021 911 4082 Pedes
954 4023 1096 4084 dicti
1124 4024 1242 4082 sint
1275 4023 1504 4082 similes
1544 4022 1979 4093 chalcolibano,
2016 4029 2111 4082 est
2144 4025 2289 4100 quia

173 4119 656 4180 chalcolibanum
705 4130 800 4182 est
841 4141 946 4183 aes
992 4123 1358 4200 laevigatam
1412 4125 1636 4182 micans
1677 4141 1751 4182 ex
1790 4123 2048 4199 quodam
2084 4124 2283 4198 igneo,

175 4227 232 4278 et
295 4238 402 4280 aes
459 4222 524 4281 in
584 4221 788 4283 Verbo
845 4223 1142 4301 significat
1198 4223 1417 4282 bonum
1468 4222 1778 4282 naturale:
1844 4230 1987 4282 sunt
2035 4221 2289 4300 Metalla
