2700 4792
434 333 506 385 50
784 316 1275 375 APOCALYPSIS
1319 315 1759 376 ssmecA‘rA.
1843 319 1891 387 5.
1937 325 2032 380 45.
2075 324 2168 380 4⁶.

435 479 885 556 perceptionem
923 476 1300 534 manifestam
1332 474 1539 533 Divini
1572 474 1721 534 Veri
1771 491 1804 533 e
1861 471 2047 533 Coelo
2099 474 2388 535 revelatix
2455 476 2563 535 di-

437 581 660 650 centis,
718 577 846 654 Ego
908 593 1041 635 sum
1094 575 1296 651 Alpha
1349 581 1411 635 et
1476 574 1736 652 Omega,
1830 575 2068 634 Primus
2136 582 2203 634 et
2267 575 2561 651 Ultimus,

439 678 738 756 significat
774 679 875 754 qui
920 678 1118 735 omnia
1150 677 1309 752 regit
1335 692 1411 734 ex
1445 677 1651 752 primis
1687 692 1798 752 per
1832 675 2072 751 ultima,
2130 682 2191 735 et
2224 678 2310 735 sic
2348 679 2567 735 omnia

442 777 609 839 Coeli
642 781 704 836 in
739 784 1080 836 aeternum:
1137 775 1297 851 quod
1331 776 1502 836 vides
1559 775 1754 835 scribe
1799 777 1860 833 in
1902 775 2088 850 libre,
2149 776 2447 852 significat
2489 785 2569 836 ut

435 879 705 939 revelata
756 879 874 936 sint
923 877 1291 953 posteritati:
1372 885 1431 935 et
1484 878 1649 940 mitte
1704 875 2031 950 Ecclesiis,
2089 876 2207 934 illis
2264 879 2325 935 in
2374 876 2563 952 Asia,

435 978 729 1055 significat
784 986 844 1036 et
895 984 1033 1036 tunc
1089 975 1365 1034 omnibus
1433 976 1551 1034 illis
1607 977 1710 1052 qui
1766 978 1829 1034 in
1876 975 2015 1035 luce
2077 974 2560 1052 intelligentiae:

434 1079 772 1156 Ephesum,
816 1084 876 1135 et
905 1075 1253 1153 Smyrnam,
1295 1083 1356 1134 et
1390 1076 1777 1152 Pergamum,
1818 1081 1879 1133 et
1914 1075 2235 1152 Thyatira,
2273 1082 2343 1135 -et
2391 1073 2563 1136 Sar-

439 1180 599 1254 des,
646 1185 708 1237 et
755 1175 1266 1252 Philadelphiam,
1333 1184 1394 1235 et
1436 1177 1828 1246 Laodiceam,
1890 1176 2186 1252 significat
2233 1179 2294 1235 in
2341 1179 2563 1253 specie

347 1352 351 1356 .
437 1279 765 1339 secundum
800 1279 1223 1352 receptionem.

592 1379 705 1438 45.
758 1378 886 1453 Ego
914 1376 955 1436 J
959 1376 1241 1450 ohannes,
1293 1376 1457 1453 quod
1482 1375 1778 1452 significet
1812 1375 2137 1437 doctrinam
2163 1376 2239 1437 de
2266 1377 2557 1453 Domino,

435 1486 711 1540 constare
745 1482 1056 1553 potest-ex
1082 1478 1636 1552 repraesentatione
1673 1476 1994 1552 Johannis,
2034 1477 2194 1554 quod
2228 1479 2288 1536 in
2322 1494 2559 1554 supre-

275 1596 395 1658 [37]
437 1597 532 1638 mo
582 1594 766 1636 sensu
810 1595 918 1653 per
963 1576 1132 1635 illum
1178 1576 1547 1653 intelligatur
1594 1577 1887 1636 Dominus
1943 1578 2141 1652 quoad
2196 1578 2555 1652 doctrinam,

447 1678 728 1736 videatur
769 1693 951 1752 supra
987 1694 1055 1734 n:
1103 1680 1130 1733 1
1153 1679 1186 1734 9
1207 1696 1223 1752 3
1262 1693 1447 1752 quare
1485 1678 1663 1736 etiam
1687 1695 1799 1753 per
1832 1677 1999 1736 illum
2035 1678 2399 1755 significatur
2432 1677 2558 1738 do-

437 1780 630 1838 ctrina
666 1777 740 1836 de
776 1777 1064 1851 Domino,
1128 1782 1266 1834 nain
1303 1793 1667 1853 cognoscere
1702 1777 2023 1836 Dominum
2075 1785 2169 1838 est
2208 1777 2555 1855 principale

437 1879 700 1936 onmium
739 1877 1072 1950 doctrinae,
1129 1894 1239 1935 seu
1286 1878 1545 1954 primum
1579 1876 1815 1936 illorum
1863 1884 1921 1936 et
1964 1879 2231 1938 ultimum
2246 1898 2262 1954 3
2311 1880 2551 1954 prima-

433 1981 584 2036 rium
640 1993 894 2052 namque
946 1977 1253 2036 Ecclesiae
1310 1985 1404 2035 est
1438 1993 1801 2054 cognoscere
1857 1985 1921 2037 et
1973 1995 2307 2055 agnoscere
2363 1994 2551 2041 suum

434 2078 748 2152 Divinum,
796 2094 930 2134 nam
966 2076 1184 2136 Divino
1221 2094 1331 2135 suo
1367 2093 1479 2153 per
1514 2079 1885 2154 agnitionem
1922 2086 1981 2139 et
2017 2079 2195 2138 fidem
2224 2078 2549 2155 conjungi-

436 2185 564 2246 tur,
615 2184 674 2236 et
714 2177 942 2252 absque
982 2179 1397 2255 conjunctione
1436 2195 1568 2236 cum
1610 2177 1831 2240 Divino
1870 2181 2067 2237 omnia
2101 2178 2405 2238 doctrinae
2439 2179 2542 2236 ni-

439 2277 545 2340 hili
581 2284 720 2336 sunt
733 2297 749 2353 3
805 2295 956 2352 quae
997 2280 1175 2336 etiam
1211 2294 1399 2337 causa
1436 2285 1557 2351 est,
1602 2278 1761 2353 quod
1785 2279 2070 2337 Divinum
2105 2295 2176 2338 se
2212 2277 2543 2339 revelave-

435 2380 539 2436 rit:
594 2378 876 2437 Divinum
944 2379 1106 2454 quod
1173 2395 1240 2438 se
1294 2378 1617 2453 revelavit,
1682 2385 1776 2438 est
1826 2379 2109 2439 Divinum
2159 2379 2542 2454 Humanum3
2601 2397 2631 2420 '-

435 2479 596 2555 quod
625 2478 861 2554 absque
901 2481 1201 2555 agnitione
1235 2478 1437 2538 Divini
1473 2481 1533 2538 in
1567 2479 1845 2538 Humano
1882 2481 2123 2539 Domini
2156 2480 2325 2538 nulla
2351 2478 2541 2548 saluS‚

433 2579 635 2638 multis
671 2585 979 2638 ostensum
1008 2580 1281 2638 videatur
1319 2582 1382 2637 in
1417 2578 1743 2639 Dosa-ama
1777 2580 1993 2639 Novas.
2029 2581 2538 2652 Hmaosomm,

434 2697 505 2737 n:
575 2681 714 2739 280
749 2679 825 2737 ad
858 2681 1018 2738 310.
1103 2680 1251 2739 Inde
1287 2697 1445 2738 nunc
1490 2687 1614 2749 est,
1667 2679 1827 2755 quod
1859 2680 2201 2755 JohanneS,
2254 2681 2398 2756 quia
2433 2697 2539 2737 re-

422 2785 779 2854 praesentat
837 2779 1156 2851 Dominum
1211 2779 1411 2856 quoad
1464 2779 1823 2851 doctrinam,
1889 2783 2068 2839 etiam
2120 2786 2545 2857 repraesentet

431 2878 757 2937 doctrinam
794 2879 866 2938 de
894 2880 1169 2938 Domino.

584 2981 696 3037 46.
751 2978 868 3055 Qui
905 2986 966 3038 et
1000 2979 1182 3037 frater
1211 2987 1431 3054 vester,
1466 2980 1626 3056 quod
1653 2979 1945 3056 significet
1974 2987 2032 3038 et
2070 2980 2144 3039 de
2179 2979 2335 3039 bono
2365 2997 2542 3039 amo-

435 3078 518 3136 ris
563 3080 621 3136 in
669 3079 908 3155 Ipsum,
959 3084 1194 3138 constat
1241 3097 1315 3138 ex
1356 3081 1789 3157 significatione
1825 3081 2023 3139 fratris
2035 3124 2051 3154 ,
2109 3079 2268 3156 quod
2304 3083 2384 3140 sit
2417 3081 2535 3140 bo-

429 3196 573 3241 num
611 3182 860 3253 amoris;
914 3194 1101 3236 causa
1137 3178 1295 3253 quod
1333 3180 1518 3238 frater
1551 3179 1847 3257 significet
1879 3180 2101 3240 bonum
2141 3181 2379 3255 amoris,
2421 3187 2536 3256 est,

427 3281 568 3355 quia
623 3282 682 3338 in
732 3278 919 3339 Coelo
970 3296 1084 3335 non
1138 3278 1293 3337 aliae
1331 3279 1652 3339 affinitates
1698 3279 1916 3338 dantur
1952 3299 2130 3357 quam
2165 3280 2535 3358 spiritualeS,

426 3380 510 3436 ita
544 3397 654 3439 nec
700 3378 854 3437 aliae
895 3377 1296 3438 fraternitates
1316 3399 1332 3454 3
1390 3397 1507 3438 non
1546 3382 1702 3439 enim
1737 3380 1821 3438 ibi
1866 3397 1940 3439 ex
1978 3380 2184 3456 aliqua
2218 3381 2539 3440 nativitate

425 3478 573 3540 fiunt
607 3479 860 3549 fratres,
917 3483 977 3535 et
1021 3495 1257 3555 quoque
1313 3482 1414 3555 qui
1463 3481 1679 3539 fratres
1732 3480 1974 3538 fuerunt
2011 3482 2072 3538 in
2107 3480 2358 3556 mundo,
2414 3496 2537 3538 non

420 3578 505 3636 ibi
555 3595 622 3638 se
677 3584 1072 3653 cognoscunt,
1129 3578 1237 3638 sed
1289 3582 1543 3657 quisque
1592 3580 1845 3640 alterum
1900 3582 2207 3657 cognoscit
2263 3581 2536 3640 ex.bono

423 3680 675 3749 amoris,
727 3676 814 3735 illi
867 3679 970 3753 qui
1019 3679 1506 3755 conjunctissime
1543 3687 1610 3738 ut
1653 3681 1896 3750 fratres,
1950 3687 2010 3739 et
2057 3681 2272 3756 reliqui
2307 3696 2532 3740 secun·-

420 3776 562 3834 dum
600 3776 1080 3853 conjunctionem
1113 3797 1224 3856 per
1249 3779 1469 3838 bonum
1500 3790 1565 3839 ut
1590 3780 1797 3839 affines
1836 3787 1897 3840 et
1932 3786 1998 3839 ut
2027 3782 2203 3840 amici
2215 3801 2231 3857 3
2268 3780 2407 3840 inde
2440 3787 2535 3840 est

422 3876 743 3953 quod'per
790 3877 1031 3939 fratrem
1067 3882 1127 3938 in
1162 3879 1367 3938 Verbo
1418 3880 1785 3959 significetur
1836 3881 2058 3940 bonum
2109 3882 2329 3940 amoris
2342 3900 2359 3956 3
2412 3879 2531 3941 hoc

419 3977 596 4034 etiam
643 3975 934 4037 Dominus
986 3980 1190 4054 docet,
1248 3979 1498 4040 dicendo
1549 3978 1818 4055 „Dian't
1854 3978 2122 4059 quidam
2154 3978 2246 4040 ad
2279 3978 2528 4049 Jesuvrt,

415 4093 546 4134 ecce
577 4075 791 4138 Mater
837 4084 950 4139 tua
986 4078 1348 4140 &Fratres
1398 4079 1499 4140 tui
1518 4079 1698 4159 soria
1734 4085 1911 4140 stant
1923 4126 1940 4155 ,
2006 4085 2373 4160 quaerentes
2408 4078 2530 4140 tibi

415 4171 588 4256 loqui
595 4196 625 4250 ,·
673 4183 744 4240 at
773 4177 924 4260 Ipse
955 4179 1337 4260 respondens
1378 4178 1587 4256 dixit,
1641 4199 1799 4259 quae
1832 4185 1927 4239 est
1975 4179 2194 4242 Mater
2242 4199 2410 4256 mea,
2464 4183 2525 4240 et
