2700 4792
166 1684 327 1750 [28⁹]

375 351 486 406 438
821 333 1312 390 APOCALYPSIS
1355 331 1790 391 EXPLICATA.
1845 335 1893 404 §0
1936 343 2064 396 257.

371 496 698 564 hominist
733 493 882 573 Cap:
909 493 972 556 1:
1013 498 1042 556 l
1061 497 1121 555 3:
1159 511 1272 572 per
1299 498 1585 573 „septem
1610 489 1837 555 stellas
1864 491 1937 554 in
1960 491 2195 554 dea-tra
2218 491 2551 573 Ipsiu0“

371 600 534 677 Cap:
570 597 632 656 1:
689 597 800 654 16.
843 597 974 655 20:
1025 611 1137 672 per
1186 599 1487 674 „septem
1522 593 1801 674 spiritus
1840 591 2029 654 Dei«
2070 593 2197 653 III:
2262 597 2325 653 1:
2404 613 2553 673 per

375 703 660 780 „septem
697 691 1031 776 lampades
1067 693 1290 775 iyneos
1329 699 1479 754 ante
1508 693 1879 756 ssmum“
1918 693 2077 771 Cap:
2104 694 2215 754 IV:
2252 695 2286 754 ὂ
2312 715 2333 752 =
2401 713 2547 772 per

373 797 698 877 „Librum
745 795 1151 876 obsiynatum
1186 799 1422 876 septam
1460 791 1760 875 aiyt'llis“
1806 795 1883 855 V:
1930 797 1989 852 1:
2046 813 2161 872 per
2212 800 2541 874 „septem

368 894 672 979 Anyelos,
711 895 939 976 quibus
965 894 1158 956 datae
1198 899 1433 975 septem
1469 894 1653 956 tubae
1672 896 1711 930 “
1753 895 1939 954 VIII:
1984 898 2061 954 22
2113 911 2227 972 per
2280 895 2538 974 „quod

368 1003 605 1080 septem
643 995 930 1058 tonitrua
967 992 1227 1075 loquuta
1265 995 1399 1055 sint
1436 998 1661 1056 ποκ’(
1701 995 1783 1055 Xt
1818 997 1879 1054 3.
1924 997 1999 1054 4:
2054 1013 2167 1072 per
2212 999 2530 1074 „septem

369 1095 656 1180 Anyeloe
681 1096 972 1158 habenta
997 1101 1232 1176 neptem
1254 1092 1501 1175 playa&
1537 1092 1854 1156 ultimas“
1899 1093 2040 1154 XV:
2078 1098 2137 1154 1.
2173 1097 2245 1154 6:
2286 1103 2356 1155 et
2393 1114 2533 1171 per

369 1203 654 1278 „sqttem
693 1193 965 1278 phialas
1005 1193 1238 1276 plenae
1296 1199 1531 1274 septem
1557 1192 1791 1274 playis
1844 1192 2145 1257 ultimis“
2202 1195 2401 1256 XVI:
2456 1199 2493 1254 1
2512 1241 2525 1254 .

369 1299 531 1377 Gap:
567 1297 756 1359 XXI:
803 1300 874 1356 9:
931 1304 994 1356 et
1051 1313 1231 1373 porro
1285 1294 1429 1354 alibi
1476 1299 1537 1354 in
1573 1296 1809 1368 Verbo,
1874 1296 1975 1354 ubi
2028 1301 2259 1372 septem
2298 1298 2524 1356 nomi·-

367 1407 601 1464 uantur.

662 1644 2165 1768 MPOGALYPSEONJ

1085 1841 1322 1897 CAPUT
1364 1841 1749 1908 QUARTUM.

526 2009 590 2074 1.
645 1997 822 2066 Post
873 1993 1054 2064 haee
1109 1994 1296 2085 vidi,
1351 2011 1428 2064 et
1480 2018 1659 2066 ecce
1712 1993 1982 2064 ostium
2020 2011 2353 2090 apertum
2408 1994 2495 2064 in

367 2093 596 2166 Coelo
607 2123 630 2186 3
683 2111 760 2166 et
794 2119 932 2165 vox
963 2095 1234 2192 prima,
1293 2119 1514 2192 quam
1547 2093 1825 2182 audivi,
1882 2111 2229 2190 tanqua-m
2265 2093 2495 2164 tubae

367 2193 745 2292 loquentis
779 2219 1100 2283 meeum,
1159 2193 1489 2282 dicebat,
1545 2193 1861 2266 ascende
1894 2193 2064 2282 hue,
2120 2211 2195 2264 et
2232 2211 2489 2264 osten-

369 2295 535 2366 dam
587 2293 726 2366 tibi
780 2319 966 2391 quae
1025 2311 1322 2394 oportet
1374 2295 1531 2366 fieri
1574 2294 1911 2394 posthae.

517 2409 584 2474 2.
652 2395 748 2466 Et
811 2396 1058 2467 statim
1105 2395 1361 2468 faetus
1428 2422 1589 2465 sum
1656 2395 1732 2466 in
1798 2396 2095 2493 spiritu,
2169 2411 2245 2466 et
2306 2417 2487 2464 ecce

363 2494 707 2568 Thronus
796 2497 1082 2594 positus
1173 2497 1250 2566 in
1347 2495 1575 2568 Coelo
1602 2547 1624 2584 ‚
1714 2513 1788 2566 et
1882 2521 2104 2594 super
2180 2495 2487 2565 Throno

365 2596 670 2669 Sedens.

519 2713 587 2776 3.
653 2699 748 2766 Et
803 2695 1084 2766 Sedens
1150 2713 1306 2766 erat
1373 2694 1631 2766 similis
1696 2713 2001 2794 aspectu
2067 2695 2294 2794 lapidi
2358 2695 2478 2764 Ja-

365 2796 559 2893 spidi
631 2815 706 2868 ct
757 2795 1064 2882 Sardio,
1137 2813 1209 2866 et
1278 2796 1401 2866 iris
1472 2796 1821 2868 circuitus
1881 2797 2163 2868 Throni
2224 2793 2479 2866 similis

363 2913 670 2992 aspectu
723 2895 1145 2992 smaragdo.
1566 2912 1575 2920 ·

517 3003 584 3078 4.
637 2997 733 3064 Bt
791 2997 1069 3065 circum
1121 2996 1501 3068 Thronum
1558 2995 1807 3067 throni
1859 2997 2112 3092 viginti
2174 3013 2247 3066 et
2298 3021 2477 3091 qua-

361 3107 554 3178 tuor,
611 3111 684 3162 et
737 3117 958 3190 super
1007 3095 1290 3166 thronis
1345 3095 1497 3166 vidi
1550 3096 1805 3193 viginti
1860 3114 1935 3167 et
1989 3115 2301 3193 quatuor
2343 3096 2477 3166 Se-

361 3191 612 3262 niores
667 3192 1006 3264 sedentes
1019 3246 1043 3279 ,
1100 3195 1692 3268 circumamictos
1746 3195 2071 3268 vestibus
2124 3196 2346 3281 albis,
2394 3215 2473 3267 et

359 3290 734 3363 habebant
787 3317 1006 3390 super
1059 3293 1439 3391 Capitibus
1496 3296 1645 3366 suis
1700 3321 2013 3368 coronas
2066 3321 2334 3367 aureas.

518 3409 584 3474 5.
638 3395 733 3464 Et
785 3416 826 3462 e
879 3393 1184 3464 Throno
1236 3394 1639 3493 prodibant
1688 3395 1979 3492 fulgura
2034 3414 2107 3467 et
2158 3397 2483 3470 tonitrua·

359 3509 436 3564 et
469 3519 690 3566 voces
707 3521 732 3586 3
785 3511 859 3565 et
896 3511 1176 3592 septem
1213 3493 1589 3592 lampades
1627 3497 1817 3592 ignis
1856 3495 2199 3567 ardentes
2236 3521 2459 3568 eoram

359 3591 701 3681 Throno‚
759 3619 944 3692 quae
999 3612 1170 3666 sunt
1223 3613 1507 3693 septem
1560 3597 1879 3694 Spiritus
1932 3598 2094 3668 Dei.

517 3711 584 3774 6.
655 3692 755 3767 Et
819 3695 894 3766 in
961 3715 1373 3794 conspeetu
1426 3697 1707 3768 Throni
1760 3699 1959 3767 Mare
2024 3698 2326 3768 vitreum
2370 3696 2459 3766 si-

354 3791 529 3864 mile
599 3794 984 3894 crystallo:
1076 3814 1150 3867 et
1229 3797 1306 3866 in
1382 3797 1627 3867 medio
1694 3797 1977 3868 Throni
2054 3815 2129 3868 et
2202 3798 2455 3867 circum

356 3891 735 3965 Thronum
789 3913 1105 3992 quatuor
1153 3894 1521 3967 Animalia
1583 3896 1805 3994 plena
1870 3897 2109 3969 oculis
2182 3914 2339 3968 ante
2385 3914 2452 3967 et

359 4005 580 4060 retro.

515 4101 579 4161 7·
633 4090 728 4156 Et
777 4093 1070 4162 Animal
1121 4095 1437 4190 primum
1490 4096 1725 4167 simile
1760 4098 1993 4168 Leoni
2007 4125 2031 4189 3
2088 4117 2159 4170 et
2214 4121 2449 4167 secun-

358 4176 530 4246 dum
607 4184 898 4256 Animal
977 4192 1214 4263 simile
1275 4195 1567 4290 Vitulo3
1660 4214 1735 4268 et
1814 4199 2108 4268 tertium
2180 4195 2441 4268 Animal
