2700 4792
362 290 368 295 ’
461 325 532 380 ⁷4
650 390 655 395 ,
888 308 1378 366 APOCALYPSIS
1417 307 1851 366 EXPLICATA.
1932 305 1979 375 t.
2024 315 2116 368 οε.

461 476 593 535 sive
629 473 878 533 influant
912 475 969 532 in
1002 473 1346 547 Exteriora,
1384 487 1578 547 usque
1616 470 1693 528 ad
1729 471 2075 529 Extremum
2111 485 2223 528 seu
2256 467 2583 541 Ultimum,

335 618 340 624 -
462 581 524 634 et
571 572 849 650 quodibi
912 575 1092 632 etiam
1141 574 1407 632 existant
1458 577 1518 630 et
1566 570 1927 645 subsistant,
1993 588 2062 628 n:
2124 570 2283 628 634.
2356 572 2581 629 6239.

467 675 677 734 6465.
723 675 934 733 9215.
981 675 1191 733 9216.
1286 671 1463 749 Quod
1514 688 1631 730 non
1686 670 1861 731 modo
1908 671 2255 731 successive
2297 670 2582 742 influant,

460 774 571 834 sed
621 776 798 832 etiam
847 774 1100 833 forment
1145 776 1205 833 in
1252 771 1461 831 ultimo
1523 772 1972 842 simultaneum,
2028 787 2145 847 quo
2198 769 2446 844 ordine,
2508 789 2577 828 n:

469 877 678 935 5897.
731 876 938 933 6451.
1001 875 1212 933 8603.
1273 875 1533 931 10099.
1622 871 1796 948 Quod
1844 872 1981 930 ideo
2031 873 2229 928 omnia
2269 871 2580 929 Interiora

453 977 877 1035 contineantur
909 975 970 1032 in
1004 991 1165 1032 nexu
1201 990 1238 1031 a
1272 973 1471 1030 Primo
1518 990 1629 1049 per
1665 972 1984 1044 Ultlmum‚
2040 989 2111 1029 n:
2158 972 2369 1046 9828,
2414 977 2484 1029 et
2520 972 2579 1028 in

461 1074 662 1152 Opere
699 1074 772 1133 de
811 1073 1014 1135 Coeno
1051 1092 1128 1132 Εἰ·
1163 1072 1477 1147 Iunium,
1521 1091 1593 1132 n:
1639 1075 1802 1132 297.
1894 1071 2068 1148 Quod
2104 1070 2241 1130 inde
2276 1069 2578 1130 Ultimum

459 1192 607 1252 prae
643 1175 1037 1233 Interioribus
1075 1175 1154 1232 sit
1190 1179 1491 1247 sanctum,
1532 1192 1603 1232 n:
1648 1176 1859 1233 9824.
1923 1171 2097 1248 Quod
2132 1171 2270 1230 inde
2306 1172 2369 1228 in
2407 1170 2574 1232 Ulti-

459 1278 572 1335 mis
609 1276 688 1333 sit
721 1274 904 1334 robur
939 1281 1002 1332 et
1048 1275 1350 1349 potentia,
1415 1291 1486 1332 n:
1542 1275 1754 1333 9836.
1831 1272 1979 1331 Inde
2025 1287 2180 1330 nunc
2218 1277 2342 1342 est,
2408 1271 2574 1347 quod

458 1375 856 1436 Naziraeatus
901 1376 1210 1432 institutus
1259 1375 1368 1431 sit:
1440 1374 1600 1451 quod
1647 1373 1854 1431 ultimo
1906 1378 2285 1432 consecraret
2342 1372 2572 1430 crinem

463 1493 672 1549 suum,
725 1474 1012 1533 mittendo
1048 1472 1215 1532 illum
1263 1476 1324 1531 in
1370 1477 1565 1550 ignem
1615 1472 1856 1544 altaris,
1919 1478 2050 1531 erat
2098 1474 2239 1547 quia
2290 1479 2572 1530 sanctum

459 1577 746 1642 Divinum
781 1572 1308 1650 repraesentabat,
1358 1580 1418 1632 et
1451 1574 1614 1651 Ignis
1654 1572 1877 1632 Altaris
1913 1571 2287 1648 significabat
2322 1570 2385 1628 id
2422 1589 2568 1630 san-

465 1683 644 1748 ctum,
683 1692 753 1732 n:
798 1676 957 1733 934.
998 1676 1208 1733 6314.
1256 1675 1467 1733 6832.
1523 1674 1607 1733 Ex
1635 1673 1728 1731 his
1760 1690 1997 1750 quoque
2025 1678 2300 1730 constare
2338 1679 2567 1746 potest,

465 1794 580 1835 our
622 1771 910 1833 Sim-soni
943 1778 1096 1835 *erat
1145 1773 1340 1833 robur
1382 1773 1454 1832 in
1497 1760 1804 1846 crinibus,
1874 1772 2084 1832 Judie:
2134 1770 2287 1830 XVI
2341 1770 2421 1828 ad
2459 1771 2568 1829 fin:

465 1892 602 1934 nam
658 1869 879 1932 'dicitnr
942 1874 1100 1951 quod
1158 1873 1492 1932 Naziraeus
1554 1875 1733 1933 fuerit
1784 1874 1859 1931 ab
1909 1880 2081 1932 utero
2131 1872 2367 1944 matriS,
2404 1871 2565 1930 Jud:

459 1974 652 2036 XIII:
699 1979 758 2035 7.
818 1973 978 2050 Cap:
1015 1974 1186 2033 XVI:
1226 1977 1332 2032 17.
1400 1973 1547 2033 Inde
1577 1991 1814 2050 quoque
1844 1980 1991 2048 erat,
2027 1971 2187 2049 quod
2215 1989 2333 2029 non
2358 1971 2568 2030 liceret

467 2074 714 2135 Summo
754 2066 1068 2132 Sacerdoti
1104 2091 1173 2132 ac
1209 2072 1344 2133 filiis
1385 2075 1548 2151 ejuS,
1599 2091 1710 2133 nec
1746 2073 1975 2133 Levitis
2010 2072 2221 2132 radere
2258 2078 2463 2148 caput,
2503 2087 2565 2130 ac

462 2174 750 2235 'inducere
785 2173 904 2233 sibi
940 2174 1280 2248 calvitium,
1346 2175 1557 2234 Lev‘it:
1606 2174 1699 2233 X:
1758 2177 1816 2232 6.
1906 2173 2065 2250 Cap:
2114 2171 2301 2233 XXI:
2350 2173 2409 2231 5.
2460 2175 2562 2229 10.

463 2273 698 2334 Ezech:
736 2273 970 2333 XLIV:
1027 2276 1139 2332 20.
1232 2274 1387 2333 Tum
1442 2274 1601 2350 quod
1662 2273 2013 2332 abscindere
2070 2272 2347 2346 barbam,
2413 2289 2563 2346 quae

467 2377 645 2435 etiam
692 2373 888 2433 simile
941 2374 1342 2450 significabat,
1408 2374 1571 2450 apud
1612 2374 1903 2451 populum
1955 2373 2354 2435 Isrniiliticum
2406 2379 2568 2431 esset

461 2477 952 2553 ignominiosum,
1008 2474 1071 2557 II
1099 2473 1272 2534 Sam:
1320 2475 1412 2534 X:
1471 2479 1532 2533 4.
1594 2475 1651 2533 5.
1737 2473 1927 2549 Quod
1965 2471 2405 2552 quadrayinta
2443 2469 2565 2532 duo

450 2575 646 2656 pueri
666 2572 986 2653 'disca-pti
1018 2574 1273 2654 suerint
1325 2574 1405 2633 ab
1454 2572 1661 2644 ursis,
1717 2573 1871 2653 quia
1904 2571 2247 2634 illuserunt
2280 2569 2564 2646 Elisaeo,

463 2681 757 2736 vocantes
792 2672 982 2735 illum
1017 2672 1313 2749 Calvum,
1372 2681 1501 2733 erat
1546 2668 1763 2744 causa,
1818 2677 1961 2750 quia
1993 2674 2156 2733 Elias
2194 2679 2255 2732 et
2290 2668 2565 2732 Elisaeus

463 2775 1005 2851 repraesentabant
1037 2775 1358 2834 Dominum
1398 2774 1595 2850 quoad
1631 2774 1915 2842 Verbum,
1957 2774 2120 2850 quod
2156 2780 2250 2833 est
2282 2773 2568 2831 Divinum

441 2874 712 2949 -Verum,
755 2877 851 2933 cui
890 2878 1180 2934 sanctitas
1207 2883 1268 2934 et
1289 2874 1473 2933 robur
1500 2876 1678 2934 estin
1715 2875 1939 2932 ultimis
1977 2892 2052 2934 ex
2076 2875 2301 2949 primiS,
2340 2880 2411 2930 ut
2436 2890 2569 2932 mox

466 2989 652 3050 supra
685 2974 908 3034 dictum
949 2961 1070 3051 est}
1129 2978 1268 3050 quia
1310 2978 1398 3048 sic
1450 2973 1752 3047 calvitium
1791 2975 2163 3050 significabat
2198 2973 2565 3049 deprivatio-

464 3076 600 3133 nem
639 3092 840 3133 eorum
861 3120 892 3149 ,2
933 3075 1070 3133 ideo
1106 3074 1220 3132 hoc
1250 3075 1489 3135 sactum
1528 3082 1619 3133 est
1630 3093 1647 3149 3
1703 3077 1831 3133 ursi
1866 3076 2047 3134 etiam
2083 3072 2423 3150 significant
2460 3091 2564 3132 ve-

462 3193 595 3232 rum
657 3176 718 3232 in
770 3176 1021 3248 ultimis3
1097 3173 1258 3249 quod
1304 3174 1467 3234 Elias
1532 3182 1592 3234 et
1642 3173 1918 3234 Elisaeus
1979 3176 2565 3250 repraesentaverint

461 3274 780 3333 Dominum
820 3273 1019 3349 quoad
1054 3273 1350 3348 Verbum,
1405 3275 1680 3334 videatur
1718 3293 1789 3332 n:
1815 3277 2045 3343 2762.
2094 3277 2301 3334 5247.
2357 3275 2451 3332 Ex
2476 3275 2561 3334 his

464 3392 702 3451 quoque
747 3380 943 3456 patet,
999 3390 1106 3432 cur
1159 3373 1326 3432 Eliae
1379 3374 1489 3432 fuit
1536 3377 1723 3433 vestis
1772 3375 1996 3450 pilosa,
2061 3391 2133 3433 ac
2190 3374 2454 3432 Johanni
2498 3392 2564 3432 ex

461 3475 602 3551 pilis
639 3473 1033 3559 camelorum-3
1090 3471 1400 3532 Johannes
1453 3477 1609 3534 enim
1644 3474 1924 3550 Baptista
1973 3475 2245 3532 similiter
2294 3492 2366 3532 ac
2404 3473 2563 3532 Elias

381 3580 389 3589 ‘
460 3571 962 3649 repraesentabat
1009 3572 1330 3631 Dominum
1380 3574 1579 3650 quoad
1622 3574 1921 3648 Verbum,
1988 3580 2355 3650 quapropter
2392 3576 2564 3634 etiam

463 3675 658 3733 dictus
689 3678 784 3730 est
816 3670 1014 3746 Elias,
1051 3672 1328 3730 videatur
1364 3691 1431 3731 n:
1479 3677 1685 3734 7643.
1726 3677 1937 3733 9372.
1994 3675 2086 3732 Ex
2119 3673 2213 3732 his
2248 3674 2561 3738 intellectis

463 3775 603 3832 sciri
639 3777 865 3846 potest,
923 3772 1064 3848 quid
1100 3773 1471 3848 significatur
1524 3791 1634 3849 per
1680 3781 1895 3849 caput,
1962 3773 2245 3849 capiIIOS,
2299 3774 2557 3845 barbam,

290 3871 422 3942 ,[54]
466 3877 528 3931 et
563 3870 864 3929 calvitium
898 3873 960 3930 in
995 3871 1230 3946 Verb0,
1289 3880 1357 3931 ut
1396 3874 1555 3949 apud
1592 3875 1837 3950 EsaJam
1890 3871 2245 3952 „Tempore
2293 3870 2409 3933 illo
2455 3873 2557 3932 de-

459 3968 738 4038 tondebit
786 3969 1120 4033 Dominus
1157 3989 1278 4050 per
1322 3993 1534 4052 reyem
1593 3972 1915 4033 Aschuria
1981 3971 2219 4052 Caput,
2291 3978 2350 4032 et
2392 3969 2560 4052 pilos

445 4069 715 4152 pedum,
769 4070 963 4132 etiam
1005 4071 1264 4132 barbam
1311 4078 1629 4134 consumet
1640 4075 1677 4106 “
1733 4074 1871 4131 VH:
1925 4078 1961 4132 2
1976 4076 2039 4132 O:
2098 4074 2261 4148 apud
2298 4073 2557 4132 Eundem

459 4169 591 4244 „In
626 4172 912 4234 omnibus
949 4169 1286 4251 Capitibus
1322 4171 1675 4242 calvitium,
1713 4171 1919 4248 omnis
1955 4173 2147 4233 barba
2172 4174 2379 4234 φειδῶ(
2416 4172 2554 4232 XV:
