2700 4792
405 367 640 427 CAPUT
689 367 1031 430 TERTIUM.
1734 367 1911 425 VERS
1930 393 1941 424 ι
1988 379 2079 437 18.
2253 383 2363 437 405

251 533 500 610 ligantia
527 537 588 590 et
612 532 910 607 sapientia
936 534 1044 589 tua
1067 529 1302 590 feceras
1337 545 1547 587 aurum
1586 533 1647 588 et
1672 536 1985 608 argentum
2019 533 2081 590 in
2115 529 2364 592 thesau-

247 635 336 692 ris
369 633 508 690 tuis,
560 631 633 690 In
669 631 924 690 Thr-cuis
970 626 1350 705 „Quomodo
1390 629 1790 690 obscuratum
1816 636 1911 691 est
1938 649 2187 705 aurum,
2223 652 2365 694 mu-

249 736 463 792 tatum
503 734 600 789 est
626 731 925 810 obryzum
953 729 1279 808 optimum,
1317 727 1507 808 effusi
1538 734 1688 790 sunt
1722 726 1973 810 lapides
1998 732 2367 794 sanctitatis

249 831 326 892 in
363 830 570 910 capite
601 829 884 892 omnium
929 827 1288 909 platearum
1307 849 1329 888 .·
1370 826 1514 908 filii
1544 828 1779 889 Ziom's
1816 831 2149 892 aestimati
2170 852 2367 911 pares

247 949 412 992 auro
449 949 644 1009 puro,
699 929 1004 1008 quomodo
1053 928 1336 1008 reputati
1386 934 1537 990 sunt
1590 929 1662 990 in
1706 934 1881 989 utres
1929 935 2149 1007 testae,
2204 951 2366 1010 opus

251 1049 565 1092 manuum
578 1026 828 1110 fiyuli“
865 1029 974 1090 IV:
1016 1033 1074 1088 1.
1107 1032 1143 1087 2
1161 1049 1177 1105 3
1216 1031 1411 1104 agitur
1442 1028 1526 1088 ibi
1560 1028 1635 1089 de
1660 1033 1995 1090 vastatione
2020 1030 2359 1106 Ecclesiae3

247 1148 468 1190 aurum
505 1129 662 1206 quod
699 1129 1082 1192 obscuratum
1119 1134 1180 1188 et
1216 1128 1499 1204 obryzum
1536 1130 1819 1204 optlmum
1858 1129 2017 1206 quod
2050 1135 2360 1205 mutatum,

249 1229 593 1307 significant
617 1229 775 1289 bona
801 1229 1141 1302 Ecclesiae;
1178 1227 1412 1304 lapides
1448 1230 1780 1287 sanctitatis
1818 1233 1920 1305 qui
1956 1229 2125 1289 effusi
2158 1232 2218 1287 in
2254 1247 2360 1289 ca-

247 1334 378 1408 pite
417 1331 678 1388 omnium
703 1330 1056 1406 platearum,
1095 1327 1431 1405 significant
1465 1345 1611 1386 vera
1644 1329 1781 1387 inde
1820 1330 1977 1405 quod
2012 1329 2359 1405 falsificata3

247 1431 362 1489 filii
394 1430 598 1489 Zionis
636 1432 738 1505 qui
773 1427 1070 1489 aestimati
1103 1445 1250 1504 prae
1287 1445 1434 1486 auro
1468 1445 1619 1503 puro
1638 1472 1655 1503 ,
1694 1429 2025 1504 significant
2058 1447 2205 1487 vera
2239 1429 2359 1486 Ec-

249 1530 478 1591 clesiae
527 1531 772 1607 prioris3
824 1536 989 1590 utres
1026 1535 1220 1588 testae
1263 1545 1417 1604 opus
1466 1545 1746 1588 manuum
1782 1529 1975 1604 figuli,
2030 1528 2364 1604 significant

247 1630 416 1690 mala
449 1631 612 1688 vitae
650 1645 724 1688 ex
759 1629 927 1689 falsis
963 1629 1266 1688 doctrinae
1328 1645 1485 1704 quae
1536 1645 1611 1687 ex
1658 1619 1901 1706 propria
1948 1628 2358 1704 intelligentia.

245 1728 436 1807 Apud
467 1728 850 1788 Ezechielem
887 1727 1182 1804 „Omavi
1205 1732 1266 1786 te
1287 1733 1550 1798 ornatu,
1587 1732 1647 1787 et
1674 1727 1825 1790 dedi
1849 1726 2147 1790 armillas
2174 1748 2365 1807 saper

248 1847 484 1890 manus
521 1833 702 1904 tuas,
745 1834 812 1888 et·
840 1834 1118 1908 torquem
1155 1847 1348 1906 super
1381 1833 1611 1908 yuttur
1648 1834 1859 1900 tuum,
1902 1829 1997 1891 sio
2036 1834 2265 1890 ornata
2296 1846 2362 1888 es

249 1948 411 1992 auro
458 1933 520 1987 et
555 1934 814 2008 ary-<mco
831 1975 847 2004 ‚
903 1934 963 1989 et
997 1933 1198 1989 vestes
1239 1933 1388 1988 tuae
1433 1929 1662 2009 byssus
1701 1934 1761 1989 et
1804 1930 2075 1991 sericum
2112 1934 2171 1989 et
2208 1947 2363 1989 acu-

241 2030 494 2110 pictum
501 2047 530 2100 ,·
583 2033 642 2087 et
684 2029 988 2109 accepisti
1034 2048 1194 2090 vasa
1233 2033 1503 2089 ornatus
1549 2030 1651 2090 tui
1690 2047 1773 2090 ea:
1818 2048 1977 2091 auro
2014 2048 2145 2090 meo
2184 2034 2244 2088 et
2280 2047 2360 2089 ecc

249 2134 514 2209 amento
568 2147 699 2189 meo
749 2128 916 2208 quod
967 2128 1266 2190 dederam
1314 2128 1462 2204 tibi,
1530 2133 1591 2188 et
1625 2127 1853 2208 fecisti
1890 2128 2009 2188 tibi
2043 2127 2362 2208 imayines

250 2249 392 2291 oum
439 2228 668 2308 quibus
722 2229 1154 2290 κυνηγῶν(
1219 2229 1406 2300 XVI:
1480 2230 1587 2286 ll.
1647 2230 1756 2287 13.
1813 2233 1922 2287 17.
1982 2231 2108 2305 183
2165 2229 2363 2304 agitur

245 2329 434 2388 ibide
462 2323 898 2406 Hierosolyma,
949 2347 1058 2406 per
1093 2346 1270 2405 quam
1306 2327 1672 2405 significatur
1706 2327 1981 2388 Ecclesia
2016 2328 2214 2405 quoad
2249 2328 2360 2386 do-

255 2431 533 2502 ctrinam,
600 2435 666 2486 ut
719 2446 934 2506 supra3
1007 2435 1250 2487 ornatus
1305 2445 1423 2505 qno
1484 2433 1693 2486 ornata
1754 2434 1879 2501 est,
1946 2427 2241 2506 significat
2302 2428 2365 2485 in

261 2543 482 2602 genere
509 2531 696 2587 omnia
723 2546 869 2588 vera
905 2545 980 2588 ex
1004 2528 1159 2588 bono
1197 2534 1259 2587 et
1292 2527 1430 2587 inde
1464 2527 1941 2603 intelligentiam,
1992 2544 2051 2585 n:
2098 2527 2357 2586 10536.

223 2628 536 2702 ,10540‚·
587 2629 858 2688 armillae
905 2645 1090 2704 super
1141 2645 1354 2686 manus
1392 2627 1723 2703 significa-nt
1772 2628 1831 2684 in
1866 2628 2067 2712 specie
2104 2641 2250 2683 vera
2285 2642 2360 2684 ex

249 2727 437 2795 bono,
488 2746 558 2788 n:
601 2731 812 2788 3103.
861 2730 1084 2802 31053
1141 2734 1383 2804 torques
1421 2744 1605 2803 super
1644 2732 1847 2803 guttur
1882 2724 2174 2802 significat
2208 2741 2355 2782 con-

237 2828 606 2904 junctionem
642 2845 919 2887 verorum
959 2837 1018 2885 et
1051 2828 1341 2886 bonorum
1375 2829 1721 2886 interiorum
1773 2844 1904 2884 cum
1943 2823 2354 2900 exterioribus,

207 2987 214 2992 ,
246 2942 360 2986 seu
395 2927 789 3002 spiritualium
826 2943 960 2987 cum
989 2927 1382 2997 naturalibus,
1416 2947 1484 2986 n:
1530 2929 1751 3003 53203
1804 2926 2023 3003 byssus
2061 2923 2358 3002 significat
2397 2935 2559 3002 [268]

244 3044 458 3086 verum
485 3028 824 3103 genuinum,
867 3035 924 3086 et
953 3028 1212 3086 sericum
1236 3027 1395 3085 idem
1422 3027 1747 3103 splendens
1792 3044 1863 3086 ex
1893 3027 2159 3086 interiori
2182 3025 2358 3096 bon0,

242 3145 319 3185 n:
369 3128 500 3185 531
521 3130 580 3185 9.
618 3130 826 3203 9469;
865 3129 1200 3204 acupictum
1230 3127 1527 3202 significat
1558 3127 1949 3186 scientificum
1986 3126 2146 3204 quod
2180 3133 2357 3184 natu-

244 3226 392 3284 ralis
420 3227 692 3300 hominis,
732 3246 788 3286 n:
826 3229 1011 3286 9688
1036 3246 1052 3301 ;
1077 3227 1379 3302 ‘imagines
1408 3245 1541 3286 cum
1574 3227 1791 3304 q-uibus
1828 3233 2196 3286 scortaretur
2223 3233 2363 3285 sunt

250 3325 533 3385 fallaciae
571 3343 885 3400 sensuum,
945 3344 1099 3402 quae
1147 3334 1443 3402 apparent
1489 3327 1607 3385 illis
1644 3329 1746 3403 qui
1791 3330 1850 3386 in
1894 3328 2063 3386 falsis
2112 3333 2251 3385 sunt
2296 3331 2363 3384 ut

246 3441 428 3502 vera3
485 3429 735 3486 scortari
770 3444 902 3484 cum
937 3426 1055 3484 illis
1109 3432 1202 3485 est
1245 3443 1357 3502 per
1388 3425 1525 3486 illas
1572 3427 1726 3485 falsa
1761 3426 2116 3486 concludere
2129 3445 2145 3501 3
2202 3423 2362 3500 quod

244 3527 502 3584 scortari
536 3525 830 3602 significet
863 3526 1130 3586 imbuere
1166 3526 1347 3598 falsa,
1409 3526 1682 3586 videatur
1718 3541 1906 3601 supra.
1936 3543 2009 3581 n:
2058 3523 2225 3580 141:
2283 3539 2359 3580 ex

237 3623 336 3682 his
362 3629 534 3700 patet
561 3624 720 3702 quod
745 3643 856 3703 per
882 3625 987 3684 illa
1011 3627 1073 3683 in
1100 3643 1171 3685 eo
1202 3623 1417 3701 Capite
1446 3623 1821 3684 describatur
1848 3620 2122 3681 Ecclesia
2158 3620 2355 3696 qualis

241 3723 446 3782 fuerat
491 3741 628 3784 cum
680 3727 934 3801 primum
982 3726 1321 3784 instaurata
1374 3741 1411 3781 a
1444 3724 1729 3795 Domino,
1786 3729 1846 3781 et
1902 3719 2095 3797 qualis
2142 3726 2359 3797 postea

240 3823 404 3882 facta
442 3829 552 3883 est.
607 3825 791 3901 Apud
825 3825 1066 3901 Esajam
1106 3823 1320 3899 „Ecce
1341 3821 1494 3902 qu
1519 3819 1807 3882 eoeoitcms
1841 3824 2057 3880 contra
2083 3837 2187 3878 eos
2212 3815 2355 3876 Me·

242 3920 426 3998 dum,
469 3923 584 4002 qui
607 3922 965 4004 Arymum
1004 3942 1129 3984 non
1165 3921 1609 3990 aestimabunt,
1643 3923 1703 3982 et
1735 3936 1893 3980 auro
1933 3936 2057 3979 non
2082 3913 2355 3977 delecta-

239 4021 492 4096 buntur,
543 4042 810 4103 quorum
861 4041 1053 4086 amous
1091 4023 1363 4108 juvmes-
1406 4017 1707 4091 allident,
1760 4015 1935 4101 filiis
1985 4037 2111 4079 non
2134 4021 2358 4100 parcet

241 4119 464 4182 oculus
503 4126 765 4184 eomm“
801 4124 988 4184 XIII:
1037 4127 1142 4183 17.
1190 4124 1312 4199 183
1362 4139 1474 4199 per
1520 4121 1762 4182 Medum
1799 4121 2209 4197 intelliguntur
2256 4119 2358 4195 qui

243 4231 454 4282 contra
489 4222 802 4284 Ecclesiae
839 4241 987 4285 vera
1023 4229 1086 4284 et
1115 4223 1275 4284 bona
1300 4227 1459 4298 sunt,
1502 4238 1688 4300 quare
1725 4220 1941 4282 dicitur
1975 4221 2047 4280 de
2082 4221 2216 4296 illis,
2258 4220 2361 4295 qui
