2700 4792
57 7 89 426 Ι
335 335 568 392 CAPUT
607 335 946 394 TERTIUM.
1313 343 1316 348 '
1709 337 1889 392 VERS
1908 360 1921 392 ε
1968 348 2059 426 ¹⁷ae
2216 349 2325 406 389

219 599 470 658 arbore-s
506 594 939 658 ambulantes:
996 593 1220 656 deinde
1259 594 1491 656 iterum
1524 597 1833 676 imposuit
1872 619 2103 662 manus
2140 620 2330 682 super

217 695 430 758 oculos
466 697 629 779 ejus,
681 702 744 756 et
767 695 932 776 fecit
963 715 1106 756 eum
1139 694 1458 774 suspicere
1464 716 1492 768 ;
1544 703 1694 758 tunc
1726 700 2063 762 restitutus
2102 708 2213 777 est,
2268 708 2330 763 et

217 797 510 877 suspexit
546 795 714 860 clare
755 799 1014 858 omnes“'
1053 795 1230 855 VIII:
1268 800 1353 855 22
1389 797 1467 855 ad
1500 801 1585 858 27
1605 820 1622 873 3
1662 801 1806 876 quid
1838 801 1989 860 haec
2016 803 2329 865 involvunt

213 915 324 958 nec
369 898 721 976 intelligitur
755 899 870 957 nisi
907 915 980 956 ex
1018 912 1199 956 sensu
1233 898 1467 955 interno
1502 914 1611 958 seu
1647 900 1943 975 spirituali
1980 900 2184 977 Verbi,
2222 907 2327 980 qui

215 999 368 1058 hunc
422 1016 539 1056 non
590 998 894 1074 intelligit,
949 997 1098 1057 nihil
1142 996 1306 1056 aliud
1340 997 1507 1056 videt
1554 1017 1734 1075 quam
1788 999 1949 1076 quod
1980 1001 2065 1059 ita
2098 1002 2323 1062 factum

216 1101 316 1169 sit,
371 1105 436 1160 et
467 1098 620 1158 forte
657 1101 878 1176 cogitat
911 1098 1090 1174 plane
1128 1097 1489 1157 sensualiter
1522 1099 1596 1158 de
1634 1117 1736 1174 eo;
1792 1101 1900 1160 sed
1935 1103 2133 1182 omnia
2166 1121 2321 1179 quae

215 1199 508 1258 Dominus
542 1199 824 1274 loquutus
858 1205 950 1256 est
977 1205 1038 1256 et
1066 1215 1220 1274 quae
1248 1199 1391 1256 fecit
1424 1201 1485 1256 ln
1520 1199 1739 1258 mundo
1774 1200 2155 1260 continebant
2190 1205 2321 1277 spi·-

214 1299 454 1358 ritualia
489 1300 692 1358 ordine
730 1317 766 1357 a
801 1301 1098 1375 supremis
1135 1297 1213 1356 ad
1247 1299 1487 1374 ultima,
1525 1301 1610 1357 ita
1644 1300 1852 1376 plene,
1911 1302 2087 1360 etiam
2126 1306 2322 1362 omnia

213 1399 506 1458 Min-acula
554 1407 616 1459 et
666 1417 871 1462 eorum
905 1399 1373 1475 descriptiones3
1430 1398 1643 1475 Caeci,
1700 1418 1850 1477 quos
1887 1401 2179 1464 Dominus
2214 1419 2318 1462 sa-

213 1501 424 1576 nabat,
495 1500 908 1578 significabant
953 1499 1344 1576 spiritualiter
1398 1517 1651 1571 caecos,
1720 1502 1823 1582 qui
1872 1509 2009 1560 sunt
2058 1505 2158 1580 qui
2200 1520 2319 1562 non

213 1604 409 1660 sciunt
471 1607 534 1660 et
587 1600 924 1676 intelligunt
966 1617 1140 1674 vera;
1193 1617 1304 1676 per
1362 1600 1520 1675 quod
1566 1601 1661 1662 hic
1714 1600 1947 1662 Caecus
1996 1602 2318 1664 duceretur

215 1707 381 1760 extra
413 1719 642 1779 pagum
667 1699 1014 1772 Bethsaida,
1051 1707 1181 1758 erat
1207 1701 1350 1776 quia
1376 1700 1705 1760 Bethsaida
1738 1703 2111 1780 significabat
2146 1705 2316 1763 dam·-

211 1804 512 1860 nationem
549 1801 624 1861 ob
659 1818 774 1858 non
811 1803 1214 1876 receptionem
1240 1800 1482 1860 Domini
1494 1821 1510 1876 3
1550 1802 1707 1877 quod
1736 1807 2039 1881 exspuerit
2070 1808 2133 1864 in
2169 1821 2315 1864 ocu-

211 1900 298 1960 los
353 1904 488 1979 ejus
525 1900 820 1977 significat
853 1901 1046 1960 simile
1109 1901 1268 1977 quod
1316 1917 1501 1978 supra
1540 1903 1701 1979 quod
1746 1904 1958 1964 fecerit
2000 1905 2189 1964 lutum
2241 1923 2317 1965 ex

54 457 78 912 [r
217 496 375 578 quid
397 494 630 567 videat,
671 495 786 575 qui
809 493 1164 575 suspiciens
1190 493 1397 571 dimit,
1436 493 1617 556 video
1654 494 1937 559 homines
1968 499 2137 580 quod
2162 501 2329 564 sicut

213 2008 384 2078 sputo
397 2023 416 2079 3
476 2002 636 2078 quod
681 2008 894 2077 postea
943 2003 1205 2078 tetigerit
1252 2002 1457 2061 oculos
1512 2004 1643 2079 ejus
1691 2005 1985 2080 significat
2030 2005 2191 2082 quod
2242 2022 2319 2065 ex

211 2102 422 2162 Divino
477 2099 942 2178 Illustraverit3‘
971 2102 1107 2161 inde
1163 2108 1258 2160 est
1301 2102 1461 2178 quod
1518 2119 1736 2163 caecus
1783 2107 2037 2180 primum
2085 2105 2317 2164 videret

211 2202 476 2262 homines
513 2205 670 2262 sicut
704 2201 948 2261 arbores
987 2201 1381 2277 ambulantes,
1418 2219 1527 2278 per
1555 2203 1715 2278 quod
1747 2204 2113 2280 significatur
2148 2222 2315 2265 com-

213 2308 398 2364 munis
441 2310 502 2362 et
537 2303 794 2362 obscura
828 2305 1135 2380 perceptio
1162 2304 1290 2361 veri
1327 2320 1401 2362 ex
1438 2319 1622 2361 sensu
1656 2301 1885 2378 literae,
1922 2322 2034 2380 per
2068 2305 2315 2365 arbores

213 2407 387 2462 etiam
439 2403 846 2481 significantur
879 2406 1278 2480 cognitioneS,
1331 2408 1391 2461 et
1428 2419 1543 2479 per
1594 2401 1899 2462 ambulare
1949 2405 2316 2482 significatur

217 2504 416 2562 vivere
432 2523 448 2578 3
481 2504 638 2580 quod
661 2509 878 2582 postea
913 2521 1045 2563 cum
1074 2511 1270 2563 tactus
1307 2521 1344 2562 a
1370 2504 1624 2562 Domino
1652 2503 1869 2562 viderit
1896 2521 2100 2564 omnes
2130 2503 2309 2585 clare,

214 2603 502 2679 significat
535 2605 694 2681 quod
727 2611 866 2680 post
897 2606 1348 2663 instructionem
1398 2611 1459 2663 et
1492 2603 1947 2663 illustrationem
1983 2621 2021 2662 a
2052 2604 2309 2662 Domino

211 2705 566 2764 intellexerit
597 2723 774 2764 vera:
812 2705 908 2764 hic
945 2721 1160 2763 sensus
1195 2707 1353 2764 inest
1380 2705 1517 2776 iuis,
1555 2711 1615 2764 et
1647 2706 1699 2762 is
1734 2720 1951 2763 sensus
1985 2704 2312 2780 percipitur

209 2805 280 2862 ab
314 2805 581 2881 Angelis.
639 2805 814 2881 Quod
846 2823 1038 2882 pagus
1074 2804 1407 2864 Bethsaida
1440 2805 1730 2882 significet
1765 2805 2197 2864 damnationem
2236 2803 2315 2860 ob

208 2922 319 2964 non
343 2908 749 2980 receptionem
777 2907 1032 2976 Domini,
1069 2910 1238 2982 patet
1273 2907 1437 2982 apud
1460 2906 1831 2965 Matthaeum
1876 2905 2025 2982 Gap:
2051 2904 2163 2964 XI:
2196 2907 2311 2980 213

207 3012 264 3063 et
296 3005 460 3082 apud
495 3004 718 3064 Lucam
771 3005 918 3083 Cap:
955 3005 1036 3064 X:
1082 3007 1192 3065 13:
1259 3006 1418 3081 quod
1456 3005 1681 3065 Tactus
1716 3006 2011 3084 significet
2044 2987 2310 3066 commu-‘-

205 3108 559 3166 nicationem
623 3113 683 3165 et
741 3106 1222 3181 translationem,
1296 3105 1393 3164 hic
1444 3123 1587 3165 vero
1653 3107 2111 3168 illustratione-m
2174 3109 2313 3184 quia

206 3206 602 3282 tangebantur
649 3206 834 3275 oculi,
885 3206 1160 3264 videatur
1195 3223 1381 3282 supra
1433 3225 1504 3266 n:
1551 3209 1675 3266 79:
1729 3209 1889 3285 quod
1928 3207 2191 3268 Arbores
2228 3210 2315 3266 si·-

206 3307 482 3382 gnificent
544 3308 938 3382 cognitioneS,
1012 3309 1072 3364 in
1132 3306 1407 3366 Ano-,mis
1454 3307 1907 3379 Connus-mus,
1968 3328 2036 3368 n:
2096 3314 2179 3368 27
2198 3309 2309 3365 22.

209 3409 420 3466 2972.
488 3409 710 3465 7692:
785 3406 942 3483 quod
991 3406 1296 3465 ambulare
1358 3407 1653 3485 significet
1711 3411 1942 3483 vivere,
2014 3427 2084 3467 n:
2148 3409 2226 3466 51
2248 3409 2309 3464 9.

209 3509 418 3566 1794.
466 3509 678 3566 8417.
723 3509 950 3582 84203
1009 3514 1069 3566 et
1101 3523 1288 3584 supra
1333 3526 1405 3566 n:
1452 3511 1561 3567 97.
1612 3509 1935 3567 Praeterea
1968 3525 2079 3582 per
2106 3522 2312 3564 omnes

204 3604 450 3681 Caenos,
492 3623 644 3683 quos
683 3607 977 3667 Dominus
1013 3609 1263 3682 sanavit,
1299 3607 1589 3668 intellecti
1624 3613 1761 3665 sunt
1794 3607 1880 3664 illi
1918 3608 2017 3681 qui
2050 3608 2111 3662 in
2134 3607 2309 3680 igno-

200 3710 392 3766 rantia
425 3713 568 3766 sunt
603 3713 664 3766 et
697 3710 995 3784 recipiunt
1024 3707 1266 3783 Ipsum,
1323 3713 1385 3766 et
1417 3723 1527 3783 per
1563 3706 1825 3765 Verbum
1876 3704 1951 3764 ab
1985 3705 2130 3781 Ipso
2164 3703 2307 3763 illu-

201 3811 480 3880 strantur3
521 3813 579 3866 et
614 3807 672 3864 in
699 3825 918 3884 genere
954 3825 1064 3884 per
1100 3809 1296 3866 omnia
1319 3804 1612 3864 Miracula
1637 3806 1879 3864 Domini
1904 3805 2311 3880 significantur

201 3907 344 3966 talia
406 3925 563 3984 quae
610 3907 781 3967 Coeli
839 3915 899 3967 et
944 3908 1254 3968 Ecclesiae
1325 3911 1495 3976 sunt,
1557 3907 1643 3964 ita
1685 3903 2047 3979 spiritualia,
2101 3921 2176 3962 ex
2236 3919 2310 3962 eo

201 4006 492 4067 Miracula
524 4006 728 4083 Ipsius
761 4009 984 4068 Divina
1027 4008 1295 4082 fuerunt,
1349 4023 1491 4067 nam
1522 4005 1807 4068 Divinum
1858 4011 1952 4064 est
1987 4021 2061 4064 ex
2096 4006 2304 4082 priinis
2348 4019 2507 4085 [253]

202 4124 380 4185 agere
419 4113 480 4166 et
517 4109 730 4168 sistere
766 4109 874 4168 illa
916 4111 976 4168 in
1009 4108 1264 4168 ultimis:
1321 4124 1396 4166 ex
1430 4107 1523 4165 his
1558 4111 1762 4184 patet,
1812 4105 1953 4184 quid
2006 4105 2307 4183 significa-

199 4211 320 4267 tum
356 4214 454 4270 est
485 4225 598 4284 per
633 4208 864 4269 Caecos
902 4226 1052 4286 quos
1088 4209 1381 4270 Dominus
1418 4209 1680 4278 sanavit,
1733 4205 1807 4268 de
1846 4207 2061 4284 quibus
2098 4207 2311 4266 Matth:
