2700 4792
337 382 582 438 CAPUT
635 379 1045 438 SECUNDUM.
1700 379 1910 434 VERS=
1956 387 2007 440 8.
2190 391 2298 443 139

161 549 226 604 et
267 541 446 602 dabo
495 539 614 600 tibi
661 557 955 600 coronam
999 537 1188 599 vitae.
1275 535 1542 602 Haben-3
1586 555 1809 600 aurem
1854 537 2089 600 audiat
2139 539 2299 618 quid

163 641 468 725 spiritus
503 639 668 700 dicit
703 635 1050 714 Eccleaiis,
1115 638 1369 698 vincens
1400 657 1527 698 non
1562 637 1849 703 laedetur
1888 659 1931 700 a
1964 645 2165 700 morte
2196 658 2297 699 ee·-

163 741 420 806 cunda.
482 741 560 800 Et
593 739 832 816 Angelo
873 738 1188 798 Ecclesiae
1227 737 1689 815 Smyrnaeorum
1724 739 1950 815 scribe,
2000 739 2301 818 significat

165 845 248 904 ad
284 841 781 902 recordationem
815 839 934 898 illis
974 841 1134 898 intra
1169 838 1536 910 Ecclesiam,
1589 841 1691 915 qui
1724 839 1931 898 volunt
1962 839 2299 916 intelligere

166 943 495 1012 Verbum,
567 946 627 1000 et
689 939 952 999 nondum
1011 938 1384 1014 intelligunt,
1450 945 1511 998 et
1550 939 1687 999 inde
1739 957 1951 1015 parum
1994 939 2187 998 adhuc
2238 941 2299 996 in

145 1039 631 1120 'cognitionibus
661 1042 787 1098 veri
815 1045 878 1099 et
901 1039 1042 1098 boni
1070 1044 1243 1108 sunt,
1281 1055 1433 1115 quas
1468 1045 1669 1100 tamen
1702 1038 1883 1100 corde
1920 1039 2294 1100 desiderant:

170 1143 336 1203 haec
377 1141 522 1200 dicit
554 1140 792 1198 Primus
829 1145 892 1198 et
925 1138 1215 1213 Ultimus,
1256 1139 1552 1214 significat
1584 1141 1908 1200 Dominum
1945 1138 2065 1214 Qui
2100 1141 2299 1196 omnia

175 1262 258 1303 ex
292 1243 524 1302 Divino
551 1240 830 1298 Humano
868 1256 945 1298 ex
978 1240 1188 1315 primis
1216 1255 1330 1314 per
1356 1237 1567 1298 ultima
1592 1241 1783 1316 regit:
1838 1238 1957 1315 Qui
1990 1240 2101 1297 fuit
2134 1253 2297 1296 mor-

182 1351 332 1402 tuus
373 1347 436 1401 et
470 1341 650 1410 vivit,
685 1338 982 1416 significat
1019 1337 1178 1415 quod
1211 1339 1507 1416 rejectus,
1554 1346 1617 1398 et
1648 1347 1851 1398 tamen
1887 1338 1963 1397 ab
1996 1339 2137 1414 Ipso
2176 1339 2297 1396 vita
2394 1361 2401 1367 ·

183 1449 475 1502 aeterna:
528 1441 672 1498 novi
707 1446 816 1497 tua
849 1455 1070 1515 opera,
1127 1437 1427 1515 significat
1460 1455 1751 1498 amorem:
1806 1446 1867 1498 et
1901 1423 2297 1508 afflictionem,

193 1541 490 1618 significat
524 1542 887 1599 anxietatem
924 1557 1000 1598 ex
1036 1537 1336 1598 desiderio
1374 1539 1773 1616 cognoscendi
1804 1557 1986 1598 vera:
2042 1545 2103 1597 et
2136 1554 2294 1614 pau·-

192 1646 516 1718 pertatem,
573 1641 743 1698 dives
785 1639 895 1698 sed
932 1655 1032 1708 es,
1093 1639 1392 1714 significat
1436 1641 1793 1715 agnitionem
1849 1637 2008 1715 quod
2042 1638 2187 1697 nihil
2224 1655 2301 1697 ex

186 1759 258 1800 se
293 1743 517 1801 sciant:
574 1747 634 1799 et
664 1739 1101 1816 blasphemiam
1141 1739 1469 1798 dicentium
1506 1739 1779 1799 ,Iudaeos
1811 1755 1946 1799 esse
1982 1755 2049 1798 se
2086 1746 2147 1797 et
2181 1755 2301 1797 non

185 1847 365 1914 sunt,
417 1841 711 1917 significat
747 1842 1148 1902 invectionem
1183 1839 1258 1898 ab
1309 1838 1427 1897 illis
1482 1841 1585 1916 qui
1631 1847 1848 1916 putant
1888 1856 1955 1898 se
1990 1841 2049 1897 in
2088 1840 2297 1914 cogni-

179 1940 455 2002 tionibus
491 1941 630 2000 boni
667 1949 728 1999 et
766 1943 898 2000 veri
923 1954 1115 2006 esse,
1169 1939 1310 2014 quia
1356 1938 1581 1999 habent
1621 1939 1921 2013 Verbum,
1986 1945 2049 1998 et
2096 1945 2300 1998 tamen

181 2059 307 2101 non
352 2048 524 2100 sunt:
578 2039 690 2099 sed
733 2056 1046 2117 synagoga
1091 2036 1384 2108 Satanae,
1444 2040 1741 2116 significat
1788 2040 2113 2098 doctrinam
2164 2057 2294 2098 om·-

181 2144 354 2201 nium
389 2141 674 2200 falsorum
726 2139 890 2216 apud
927 2139 1096 2198 illos:
1151 2156 1227 2196 ne
1277 2141 1491 2198 timeas
1548 2156 1722 2216 quae,
1752 2142 1991 2200 futurus
2029 2156 2096 2198 es
2148 2140 2295 2215 pati,

185 2242 490 2323 significat
521 2257 598 2300 ne
635 2240 882 2300 doleant
933 2239 1094 2316 quod
1131 2237 1284 2298 tales
1333 2246 1778 2316 persequantur
1820 2257 1961 2299 vos:
2018 2255 2159 2298 ecce
2196 2239 2294 2297 fu-

185 2349 424 2418 turum,
469 2347 538 2398 ut
573 2342 854 2418 conjiciat
904 2357 978 2399 ex
1028 2338 1200 2397 vobis
1239 2338 1513 2398 diabolus
1548 2341 1609 2398 in
1646 2339 2013 2408 custodiam,
2066 2338 2297 2415 signifi-

183 2448 295 2500 cat
355 2440 516 2517 quod
561 2443 662 2516 qui
701 2443 760 2498 in
809 2439 977 2499 falsis
1033 2456 1107 2498 ex
1155 2438 1311 2497 malo
1364 2445 1531 2513 sunt,
1591 2441 1937 2516 aggressuri
1984 2436 2300 2513 deprivare

193 2539 342 2600 illos
387 2541 546 2597 omni
581 2555 722 2598 vero
773 2557 848 2600 ex
882 2539 1119 2600 Verbo:
1185 2545 1252 2597 ut
1287 2541 1630 2608 tentemini,
1682 2537 1977 2615 significat
2026 2537 2163 2595 inde
2198 2539 2294 2594 in-

193 2644 570 2700 crementum
629 2639 900 2700 desiderii
947 2642 1106 2700 veri:
1164 2645 1225 2698 et
1270 2637 1569 2698 habebitis
1638 2639 2019 2700 afflictionem
2085 2634 2297 2694 diebus

189 2740 434 2810 decem,
492 2739 784 2816 significat
817 2740 977 2816 quod
1011 2740 1312 2799 infestatio
1349 2746 1411 2798 et
1443 2739 1581 2798 inde
1618 2740 1864 2799 tentatio
1902 2736 2189 2795 duratura
2223 2737 2302 2793 sit

193 2839 400 2918 aliquo
437 2847 742 2918 tempore:
783 2847 912 2901 esto
947 2839 1143 2900 fidelis
1179 2856 1375 2918 usque
1402 2839 1478 2898 ad
1505 2846 1775 2914 mortem,
1822 2836 2119 2916 significat
2150 2853 2296 2912 per-

189 2943 554 3000 manentiam
609 2943 671 3000 in
717 2943 878 3002 veris
933 2941 1009 3000 ad
1052 2940 1266 3002 finem:
1324 2946 1385 2998 et
1422 2939 1579 3001 dabo
1634 2940 1744 2999 tibi
1790 2955 2069 2998 coronam
2118 2939 2302 3006 vitae,

199 3041 447 3116 signicat
506 3044 872 3119 sapientiam
939 3049 1010 3100 et·
1041 3040 1180 3099 inde
1243 3039 1591 3100 felicitatem
1654 3047 1990 3100 aeternam:
2070 3037 2301 3097 habens

199 3155 404 3200 aurem
430 3141 633 3201 audiat
670 3141 814 3219 quid
839 3144 1087 3219 spiritus
1117 3140 1261 3200 dicit
1293 3139 1616 3216 Ecclesiis,
1672 3141 1967 3219 significat
2004 3138 2163 3216 quod
2202 3140 2304 3214 qui

195 3239 468 3318 intelligit
501 3243 802 3301 auscultet
839 3241 982 3319 quid
1015 3241 1302 3300 Divinum
1327 3238 1557 3300 Verum
1588 3242 1922 3318 procedens
1964 3257 2000 3298 a
2034 3240 2294 3298 Domino

192 3339 369 3398 docet
413 3347 474 3399 et
512 3341 654 3401 dicit
699 3342 820 3404 illis
867 3345 968 3419 qui
1009 3341 1089 3400 ab
1139 3342 1418 3402 Ecclesia
1464 3341 1667 3418 Ipsius
1716 3349 1885 3400 sunt:
1943 3348 2003 3399 et
2051 3341 2298 3398 vincens

183 3455 302 3498 non
336 3440 614 3500 laedetur
649 3459 686 3500 a
721 3448 912 3502 morte
951 3436 1251 3512 secunda,
1315 3442 1615 3518 significat
1661 3442 1819 3518 quod
1856 3443 1955 3518 qui
1986 3443 2303 3515 permanet

181 3542 244 3598 in
284 3543 555 3617 genuina
590 3541 906 3601 affectione
953 3545 1082 3602 veri
1128 3542 1206 3600 ad
1249 3541 1427 3602 finem
1466 3545 1625 3601 vitae
1664 3558 1809 3600 suae
1845 3543 1907 3598 in
1941 3536 2189 3605 munde,
2240 3537 2301 3592 in

181 3655 412 3699 novum
448 3640 683 3699 coelum
723 3649 1010 3702 venturus
1046 3646 1140 3701 sit.

345 3743 376 3798 1
398 3743 514 3798 12.
586 3741 662 3799 Et
703 3742 936 3818 Angelo
987 3741 1300 3802 Ecclesiae
1354 3741 1818 3818 Smyrnaeorum
1860 3736 2087 3811 scribe,
2144 3736 2304 3810 quod

185 3839 484 3917 significet
536 3840 614 3899 ad
651 3842 1127 3902 recordationem
1166 3842 1285 3901 illis
1333 3845 1491 3902 intra
1536 3839 1877 3899 Ecclesiam
1931 3837 2031 3910 qui
2093 3835 2303 3894 volunt

178 3941 522 4018 intelligere
572 3941 839 4003 Verbum
858 3987 875 4018 ,
933 3949 996 4002 et
1035 3943 1302 4004 nondum
1356 3940 1730 4015 intelligunt,
1790 3943 1849 3996 et
1901 3935 2039 3996 inde
2086 3952 2303 4014 parum

181 4039 382 4100 adhuc
431 4043 494 4098 in
545 4043 980 4118 cognitionibus
1027 4044 1158 4102 veri
1196 4048 1256 4102 et
1288 4041 1432 4101 boni
1466 4046 1637 4114 sunt,
1698 4054 1847 4114 quas
1884 4043 2085 4096 tamen
2122 4039 2301 4097 corde

179 4138 561 4212 desiderant,
631 4149 866 4202 constat
916 4161 992 4202 ex
1044 4142 1473 4220 significatione
1524 4140 1787 4199 scribere
1802 4184 1819 4214 ,
1892 4139 2051 4216 quod
2092 4141 2171 4198 sit
2224 4139 2306 4200 ad

184 4240 693 4316 recordationem,
749 4249 816 4302 ut
851 4261 1038 4322 supra
1083 4263 1150 4302 n:
1187 4243 1336 4318 ’955
1408 4247 1469 4301 et
1506 4259 1579 4301 ex
1618 4239 2049 4319 significatione
2087 4238 2306 4313 Angeli
