2700 4792
429 353 540 406 296
771 337 1260 394 APOCALYPSIS
1303 333 1739 396 EXPLIQATA.
1800 337 1848 406 §0
1896 345 2031 416 195.
2076 345 2204 398 196.

426 501 629 578 Ipsius
655 497 943 559 'Verbum
989 501 1052 558 in
1095 515 1278 558 sensu
1327 496 1653 574 spirituali3
1709 515 1819 574 per
1870 496 2099 556 Milites
2146 495 2518 572 significantur

429 601 520 660 illi
551 601 650 676 qui
688 598 764 657 ab
799 599 1076 658 Ecclesia
1123 601 1224 676 qui
1255 615 1369 676 pro
1402 597 1621 658 Divino
1658 597 1821 657 Vero
1871 597 2227 670 militarent,
2278 595 2405 653 ideo
2438 594 2519 652 di-

435 703 618 774 citur,
681 698 903 759 Milites
963 701 1142 775 igitur
1198 699 1350 758 haec
1404 699 1705 774 fecerunt3
1776 697 1937 774 quod
1974 695 2213 756 Tunica
2261 693 2525 770 significet

435 801 717 859 Divinum
768 799 996 858 Verum
1049 816 1160 858 seu
1207 799 1475 860 Verbum
1532 801 1595 857 in
1642 815 1827 858 sensu
1876 795 2211 874 spirituali,
2280 795 2529 852 videatur

436 919 506 959 n:
553 901 686 960 982
704 901 764 961 6.
827 901 1052 959 9942:
1107 899 1268 977 quod
1301 897 1527 959 Milites
1580 896 1913 976 significent
1960 895 2105 957 illos
2154 898 2257 972 qui
2309 894 2379 954 ab
2421 893 2523 951 Ee-

432 1001 620 1060 clesla
666 1007 727 1060 et
759 1001 1078 1060 militarent
1123 1017 1232 1077 pro
1282 1000 1503 1060 Divino
1538 997 1731 1074 Vero,
1780 997 2063 1057 videatur
2095 1012 2286 1073 supra
2318 1013 2383 1054 n:
2424 996 2517 1052 64.

433 1101 543 1160 fin:
583 1099 684 1158 ubi
705 1099 856 1161 haec
890 1099 1128 1176 plenius
1159 1099 1563 1177 explicantur:
1610 1095 1932 1160 Sciendum
1962 1103 2081 1171 est,
2122 1095 2285 1172 quod
2314 1092 2525 1168 singula

441 1190 620 1278 quae*
665 1201 740 1260 de
788 1200 1079 1260 Passione
1128 1200 1371 1261 Domini
1430 1207 1835 1259 memorantur
1894 1197 2061 1276 apud
2110 1195 2523 1271 Evangelistas‚

441 1299 753 1362 involvant
801 1308 862 1360 et
907 1300 1244 1378 significent
1295 1299 1593 1376 quomodo
1640 1299 1917 1360 Ecclesia
1962 1305 2141 1369 tunc,
2190 1313 2341 1372 quae
2386 1292 2523 1369 apud

435 1400 736 1477 Judaeos,
786 1407 1152 1463 tractaverat
1185 1400 1469 1461 Divinum
1504 1399 1731 1459 Verum
1749 1445 1767 1474 ,
1804 1403 1891 1458 ita
1924 1397 2236 1467 Verbum,
2268 1411 2401 1453 nam
2432 1393 2523 1449 hoc

438 1508 568 1562 erat
615 1502 782 1579 apud
822 1500 960 1560 illos
1005 1502 1287 1561 Divinum
1323 1499 1583 1574 Verum,
1644 1508 1706 1561 et
1750 1501 2049 1560 Dominus
2100 1505 2235 1558 erat
2272 1493 2521 1563 Verbum,

443 1605 586 1678 quia
630 1601 915 1662 Divinum
952 1602 1212 1672 Verum,-
1267 1600 1416 1662 Joh:
1456 1600 1516 1660 1:
1564 1605 1623 1660 1.
1668 1605 1729 1660 2.
1776 1602 1899 1676 143
1967 1598 2083 1658 sed
2134 1595 2279 1680 quid
2320 1591 2524 1668 singula

433 1701 744 1760 involvunt
791 1711 851 1762 et
901 1702 1265 1779 significant,
1319 1719 1439 1762 non
1488 1703 1628 1762 sciri
1676 1707 1880 1779 potest
1930 1702 2049 1759 nisi
2100 1716 2176 1758 ex
2226 1711 2401 1754 sensu
2442 1694 2516 1749 in-

434 1807 636 1876 ter-1203
689 1819 846 1864 nunc
881 1802 1072 1863 solum
1109 1809 1473 1862 memoratur
1524 1802 1666 1878 quid
1704 1799 2125 1878 significabant
2164 1797 2382 1856 Vestes
2414 1791 2521 1849 Do-

439 1903 608 1974 mini,
656 1903 800 1978 quia
833 1902 906 1962 de
937 1902 1371 1980 significatione
1402 1902 1679 1961 Vestium
1716 1901 1816 1962 hic
1852 1903 2085 1978 agitur,
2142 1895 2517 1974 quodanempe

444 2001 778 2078 significent
813 2020 975 2076 vera,
1016 2009 1079 2062 et
1109 2002 1216 2062 ubi
1251 2001 1326 2062 de
1360 2001 1651 2077 Domine,
1689 2001 1974 2061 Divinum
2012 2000 2265 2058 Verum.
2322 1989 2519 2053 Similia
2623 2071 2624 2074 Ἴ

437 2118 592 2178 quae
626 2101 849 2162 Vestes
883 2101 1154 2174 Domini,
1199 2105 1381 2162 etiam
1417 2103 1641 2162 Vestes
1675 2102 1975 2162 Aharonis
2014 2107 2077 2159 et
2114 2099 2360 2160 filiorum
2406 2091 2514 2166 ejus

436 2201 868 2278 significarunt,
919 2206 1198 2280 queniam
1225 2202 1473 2262 Aharon
1508 2219 1643 2262 cum
1674 2201 1813 2262 filiis
1850 2203 1981 2280 ejus
2018 2191 2519 2277 repraesentarunt
2622 2225 2624 2272 }

433 2301 754 2366 Dominum
805 2301 1002 2378 quoad
1034 2302 1322 2364 Divinum
1355 2301 1619 2378 Bonum,
1674 2319 1749 2363 ac
1783 2302 2007 2362 Vestes
2060 2299 2300 2358 illorum
2347 2285 2513 2370 quoad
2623 2283 2624 2294 ’

433 2403 720 2464 Divinum
744 2401 1000 2480 Verum3
1045 2404 1153 2464 sed
1185 2403 1338 2464 haec
1370 2403 1685 2464 videantur
1714 2405 1776 2460 in
1810 2403 2089 2462 Ancnms
2130 2399 2512 2458 Connlcs'mws

360 2531 365 2539 ·
433 2502 735 2581 explicata
769 2512 830 2565 et
866 2511 1140 2581 ostensa3
1191 2511 1260 2562 ut
1295 2503 1457 2580 quod
1482 2503 1727 2562 Aharon
1752 2499 2305 2580 repraesentaverit
2326 2489 2508 2552 Domi·
2622 2481 2624 2500 ²

429 2621 574 2664 num
609 2605 809 2685 quoad
839 2606 1122 2664 Divinum
1157 2603 1421 2675 Bonum,
1462 2622 1529 2662 n:
1568 2605 1775 2664 9806.
1822 2605 2033 2662 9966.
2084 2601 2358 2659 10017:
2393 2584 2509 2664 quid

433 2705 706 2782 singulae
739 2706 963 2766 Vestes
1001 2722 1224 2781 eorum,
1265 2723 1483 2781 nempe
1516 2703 1851 2778 Pectorale,
1890 2703 2229 2779 Ephodum,
2266 2691 2507 2756 Panium,

437 2805 670 2872 Tunica
702 2806 1006 2880 tesselata,
1063 2805 1323 2880 cidaris,
1369 2805 1681 2879 BaltheuS,
1720 2822 1784 2864 n:
1824 2803 2031 2862 9814.
2078 2799 2290 2860 9823.
2328 2789 2503 2851 9824.

439 2905 654 2965 9825.
699 2907 908 2966 9826.
951 2907 1162 2966 9827.
1206 2907 1393 2966 9828
1434 2920 1571 2982 seq:

602 3008 631 3062 1
652 3007 761 3064 96.
823 3005 900 3064 Et
933 3007 1240 3066 ambulant
1263 3006 1501 3066 Mecum
1533 3007 1597 3064 in
1630 3005 1785 3066 albis
1822 3007 1964 3081 quia
1990 3003 2153 3082 digni
2189 3005 2339 3071 sunt,
2375 2985 2505 3069 quod

440 3101 734 3178 significet
786 3106 968 3162 vitam
1021 3124 1225 3168 eorum
1261 3105 1635 3184 spiritualem
1684 3121 1839 3181 quae
1874 3104 1992 3164 illis
2029 3123 2143 3181 per
2178 3096 2503 3178 cognitiones

435 3205 564 3262 veri
613 3211 672 3263 et
718 3204 860 3263 boni
907 3222 980 3264 ex
1033 3205 1266 3281 Verbo,
1323 3213 1559 3266 constat
1610 3224 1681 3266 ex
1732 3205 2165 3281 significatione
2216 3193 2499 3260 ambustam,

445 3303 606 3378 quod
641 3305 718 3362 sit
749 3306 984 3380 vivere,
1039 3306 1112 3366 de
1151 3323 1270 3382 qua
1303 3323 1491 3384 supra
1530 3302 1675 3383 [nt]
1723 3307 1841 3382 973
1888 3323 1963 3364 ex
1998 3303 2411 3382 significatione
2454 3289 2501 3344 5¹¹

435 3402 621 3480 albis,
676 3405 832 3482 quod
881 3407 960 3464 sit
1004 3409 1066 3464 in
1105 3409 1296 3476 veriS,
1342 3425 1483 3465 nam
1534 3407 1737 3465 album
1786 3412 1845 3464 et
1880 3405 2197 3464 candidum
2240 3405 2299 3461 in
2334 3387 2497 3454 Verbo

437 3504 652 3564 dicitur
687 3505 760 3566 de
795 3507 956 3564 veris
965 3549 984 3582 ,
1038 3506 1110 3565 de
1149 3523 1270 3582 qua
1304 3508 1605 3583 sequitui-3
1642 3508 1777 3568 ideo
1812 3523 1923 3582 per
1958 3505 2265 3568 ambulare
2296 3496 2495 3558 Mecum

437 3608 498 3664 in
537 3605 688 3664 albis
727 3604 1096 3682 significatur
1133 3607 1255 3666 vita
1290 3607 1619 3682 spiritualis
1638 3651 1654 3680 ,
1706 3623 1845 3664 nam
1880 3606 2007 3664 vita
2064 3599 2378 3682 spiritualis
2422 3588 2493 3646 ‘³⁵‘

435 3707 560 3765 vita
593 3708 752 3778 veri,
797 3705 910 3788 hoc
947 3713 1064 3781 est,
1106 3708 1230 3764 vita
1265 3706 1592 3766 secundum
1628 3723 1790 3782 vera,
1846 3723 1955 3764 seu
1992 3706 2317 3766 secundum
2345 3702 2491 3773 prae·-

440 3812 619 3884 eepta
653 3807 896 3868 Domini
926 3808 988 3864 in
1023 3805 1261 3881 Verb03
1321 3812 1382 3865 et
1416 3823 1490 3864 ex
1526 3805 1957 3882 significatione
2012 3807 2151 3882 quia
2188 3800 2333 3880 digni
2364 3790 2487 3854 sunt,

435 3907 596 3982 quod
642 3909 718 3966 sit
767 3909 907 3983 quia
962 3906 1081 3965 illis
1128 3908 1254 3964 vita
1301 3906 1629 3982 spiritualis
1680 3912 1771 3966 est
1818 3925 1856 3964 a
1899 3906 2189 3980 Domino,
2252 3896 2489 3978 quantum

435 4007 568 4080 quis
605 4023 642 4063 a
675 4007 934 4066 Domino
969 4009 1217 4084 accipit,
1265 4011 1491 4064 tantum
1522 4006 1735 4083 dignus
1776 4008 1887 4089 est,
1930 4011 1993 4064 at
2028 4014 2305 4082 quantum
2336 4010 2397 4054 ex
2418 4000 2480 4053 ⁵0²

431 4103 546 4158 hoc
586 4111 713 4175 est,
753 4121 826 4164 ex
859 4123 971 4164 suo
1009 4113 1113 4165 aut
1145 4109 1421 4184 proprio,
1480 4113 1713 4164 tantum
1770 4125 1891 4166 non
1938 4105 2153 4182 dignus
2208 4109 2319 4164 est:
2370 4078 2485 4150 nihil

443 4197 606 4260 aliud
637 4201 800 4273 apud
823 4202 1120 4264 hominem
1147 4207 1290 4264 facit
1316 4209 1501 4266 vitam
1538 4205 1925 4282 spiritualem,
1967 4223 2146 4283 quam
2176 4193 2483 4280 cognitiones
