2700 4792
441 384 551 436 306
629 369 1126 462 APocastls
1169 370 1600 451 133PL10A'M.
1684 372 1729 440 ᾗ.
1776 381 1905 435 202.
1950 381 2080 434 203.
2122 380 2247 436 20‘4·

437 547 556 590 non
592 529 931 606 egredietur
965 529 1254 608 amplius,
1312 529 1609 606 significat
1663 530 1823 606 quod
1874 532 1933 589 in
1972 537 2283 590 aeternum
2312 533 2369 589 in
2398 531 2523 592 illo:

437 639 496 692 et
531 629 786 690 scribam
823 646 1008 706 super
1039 628 1207 688 illum
1235 647 1452 689 nomen
1478 629 1596 688 Dei
1624 633 1771 706 mei,
1810 631 2113 707 significat
2138 631 2312 707 quale
2344 649 2528 690 eorum

436 731 766 790 secundum
810 731 1091 791 Divinum
1131 730 1361 790 Verum
1398 730 1814 806 implantatum
1866 733 2068 792 vitae:
2124 739 2185 791 et
2216 748 2419 792 nomen
2450 735 2526 791 ci-

435 834 636 890 vitatis
665 831 784 890 Dei
818 833 935 890 mei
970 847 1164 889 novae
1189 831 1649 907 Hierosolymae
1688 849 1843 908 quae
1885 833 2207 892 descendit
2244 851 2274 890 e
2304 831 2471 892 Coelo
2502 850 2531 890 a

433 934 568 991 Deo
614 949 778 1001 mec,
826 931 1123 1008 significat
1169 931 1500 990 doctrinam
1536 949 1727 990 novae
1770 933 2090 992 Ecclesiae
2162 949 2317 1008 quae
2366 943 2451 991 est
2481 934 2531 990 in

435 1029 684 1092 Coelisz'
709 1039 768 1090 et
793 1032 1025 1090 Nomen
1061 1049 1256 1090 meum
1288 1049 1525 1103 nevum,
1566 1033 1859 1108 significat
1897 1032 2061 1108 quod
2094 1037 2275 1092 etiam
2304 1034 2532 1108 agnituri

433 1135 718 1192 Divinum
743 1131 1085 1190 Humanum
1105 1131 1375 1191 Domini:
1406 1133 1637 1191 habens
1666 1151 1875 1193 aurem
1902 1134 2121 1194 audiat
2148 1134 2291 1210 quid
2316 1135 2529 1209 spiritus

435 1235 576 1294 dicit
607 1232 924 1301 EcclesiiS,
961 1232 1257 1308 significat
1294 1233 1455 1309 quod
1490 1234 1591 1309 qui
1625 1234 1903 1310 intelligit
1930 1234 2243 1294 auscultet
2272 1233 2405 1309 quid
2435 1233 2529 1290 Di·

433 1338 635 1393 ninum
673 1333 900 1391 Verum
934 1333 1266 1408 procedens
1309 1351 1346 1391 a
1384 1334 1639 1392 Domino
1680 1333 1855 1394 docet
1890 1342 1955 1394 et
1994 1335 2145 1394 dicit
2182 1335 2333 1394 illis
2338 1334 2433 1410 qui
2468 1332 2529 1390 ab

432 1434 706 1494 Ecclesia
737 1433 940 1508 Ipsius
978 1441 1135 1492 sunt.
2625 1507 2626 1510 Ἴ

589 1537 751 1593 203.
809 1535 882 1592 Et
917 1533 1152 1610 Angelo
1197 1535 1258 1592 in
1293 1533 1712 1610 Philadelphia
1745 1535 2062 1594 Ecclesiae
2114 1535 2345 1610 scribe,
2394 1531 2527 1608 quod
2625 1575 2626 1578 η

431 1635 722 1713 significet
757 1634 892 1693 illos
931 1634 1006 1692 ab
1039 1634 1313 1694 Ecclesia
1351 1636 1457 1710 qui
1490 1635 1551 1692 in
1586 1635 1703 1694 fide
1742 1636 2059 1694 charitatis
2098 1643 2271 1710 sunt,
2326 1638 2526 1694 constat
2625 1641 2626 1692 1

343 1729 354 1738 ’
434 1755 509 1795 ex
560 1735 680 1793 illis
722 1736 782 1792 in
823 1751 1006 1793 sensu
1049 1737 1282 1794 interno
1318 1734 1639 1794 intellectis
1694 1753 1856 1812 quae
1912 1736 1989 1794 ad
2026 1736 2329 1812 Angelum
2374 1734 2524 1809 hujus
2625 1771 2626 1774 ,

431 1835 741 1894 Ecclesiae
780 1837 1006 1911 scripta
1042 1842 1213 1906 sunt,
1262 1854 1399 1894 nam
1435 1842 1503 1892 ut
1539 1852 1723 1911 supra
1761 1856 1837 1894 n:
1881 1839 1969 1896 20
2012 1838 2241 1896 dictum
2278 1842 2393 1909 est,
2435 1849 2524 1908 per

431 1943 664 2011 septem
715 1934 1020 1994 Ecclesias
1087 1953 1204 1994 non
1259 1935 1671 2011 intelliguntur
1740 1944 1975 2013 septem
2031 1937 2375 2008 Ecclesiae,
2436 1931 2522 1991 sed

434 2052 638 2093 omnes
685 2035 1024 2111 quicunque
1085 2036 1159 2093 ab
1214 2036 1490 2095 Ecclesia
1534 2041 1701 2108 sunt,
1766 2053 1877 2096 seu
1928 2053 2327 2113 quaecunque
2386 2029 2520 2110 apud

431 2137 726 2194 hominem
777 2135 1002 2193 faciunt
1047 2136 1408 2209 Ecclesiam,
1464 2153 1573 2212 per
1620 2143 1855 2212 septem
1902 2140 2059 2196 enim
2114 2141 2175 2195 in
2214 2135 2405 2195 Verbo
2447 2135 2521 2190 in-

431 2235 778 2312 telliguntur
815 2251 1022 2294 omnes
1061 2253 1132 2293 ac
1169 2239 1393 2310 omnia,
1434 2254 1569 2294 nam
1606 2239 1668 2294 in
1698 2237 1899 2296 Verbo
1943 2255 2059 2314 per
2096 2233 2516 2312 unumquemvis

430 2354 741 2394 numerum
791 2337 1156 2412 SIgniflcatur
1209 2337 1435 2413 aliquid
1482 2339 1571 2395 rei
1606 2344 1711 2396 aut
1744 2344 1969 2412 status3
2034 2339 2201 2414 quod
2238 2333 2519 2395 admodum

431 2437 741 2496 evidenter
795 2443 1069 2494 constare
1118 2443 1323 2512 potest
1377 2439 1441 2495 in
1486 2438 1599 2496 hoc
1648 2439 1831 2496 Libro
1865 2438 2270 2513 Prophetico‚
2332 2439 2386 2494 in
2420 2446 2513 2508 quo

431 2538 838 2614 quampluries
868 2543 1269 2595 memorantur
1296 2541 1561 2613 numeri3
1604 2544 1665 2596 et
1700 2556 1937 2614 quoque
1976 2541 2145 2614 apud
2172 2533 2513 2598 Ezechielem

430 2640 589 2716 Cap:
627 2639 740 2698 XL
785 2638 862 2696 ad
899 2638 1194 2711 XLVIII,
1259 2638 1364 2696 ubi
1408 2638 1641 2696 Novum
1683 2639 2001 2717 Templum
2052 2648 2115 2699 et
2152 2641 2323 2698 Nova
2358 2635 2515 2694 Terra

429 2739 864 2808 describuntur,
921 2738 1080 2814 quod
1133 2739 1199 2796 fit
1237 2757 1348 2813 per
1385 2755 1705 2797 mensuras
1742 2743 1801 2797 in
1838 2743 2135 2816 numeris3
2192 2757 2300 2816 per
2334 2748 2514 2794 novum

431 2840 744 2914 Templum
786 2846 844 2898 et
882 2857 990 2915 per
1025 2857 1243 2898 novam
1277 2839 1526 2898 Terram
1560 2839 1916 2916 intelligitur
1951 2841 2035 2898 ibi
2071 2858 2231 2900 nova
2258 2834 2511 2899 Ecclesia,

430 2946 490 2996 et
523 2955 634 3012 per
683 2942 1140 3014 unamquamvis
1191 2956 1535 2998 mensuram
1584 2957 1695 2999 seu
1733 2944 2193 3016 unumquemvis
2240 2947 2512 2996 numerum

429 3037 798 3112 significatur
849 3038 1078 3114 aliquid
1111 3041 1455 3100 Ecclesiae:
1512 3040 1672 3116 quod
1720 3057 1924 3100 omnes
1980 3043 2214 3100 numeri
2248 3041 2308 3098 in
2342 3032 2507 3094 Verbo

429 3135 760 3213 significent
803 3155 910 3198 res
950 3146 1009 3197 et
1044 3146 1270 3212 statue,
1324 3139 1597 3199 videatur
1630 3142 1692 3200 in
1730 3139 1929 3217 Opere
1976 3141 2049 3200 dc
2090 3142 2293 3200 Coeno
2328 3155 2399 3197 m·
2422 3131 2507 3191 IN-

429 3253 663 3308 ηιιΝο,
699 3256 764 3294 n:
807 3241 968 3298 263.

230 3366 388 3427 [2051
594 3340 755 3399 204.
825 3339 994 3400 Haec
1041 3341 1180 3400 dicit
1228 3339 1485 3401 Sanctus
1514 3341 1711 3400 Verus
1728 3387 1745 3416 ,
1804 3342 1961 3418 quod
2012 3342 2305 3418 significet
2336 3355 2371 3394 a
2400 3332 2505 3408 Quo

425 3439 532 3500 illa
567 3439 749 3515 fideS,
791 3447 1022 3500 constat
1060 3460 1133 3500 ex
1171 3442 1601 3518 significatione
1640 3441 1846 3502 Sancti
1882 3442 2055 3516 Veri,
2114 3461 2249 3502 cum
2296 3438 2365 3496 de
2396 3433 2499 3492 Do-

428 3543 612 3613 mino,
675 3542 836 3618 quod
899 3543 976 3599 sit
1029 3559 1066 3600 a
1119 3541 1252 3618 Quo
1311 3541 1587 3602 Charitas
1640 3548 1700 3601 et
1744 3541 1951 3618 Fides,
2020 3541 2274 3602 Sanctus
2326 3535 2502 3596 dicitur

429 3641 588 3718 quod
623 3641 700 3718 ab
739 3642 882 3718 Ipso
931 3641 1225 3717 CharitaS‚
1269 3647 1338 3714 ¹et
1373 3642 1575 3701 Verus
1626 3643 1787 3720 quod
1836 3642 1913 3701 ab
1948 3642 2091 3719 Ipso
2128 3643 2331 3714 Fides3
2375 3625 2498 3708 (1¹1⁰d

425 3741 721 3802 Dominus
759 3743 990 3802 dicatur
1019 3741 1274 3803 Sanctus
1305 3743 1465 3820 quod
1494 3742 1571 3800 ab
1596 3741 1741 3820 Ipso
1772 3743 2075 3817 Charitas,
2114 3750 2177 3802 et
2212 3737 2361 3818 quod
2389 3727 2495 3790 inde

430 3841 718 3904 Sanctum
752 3846 814 3902 in
848 3843 1052 3902 Verbo
1105 3843 1334 3904 dicatur
1386 3843 1461 3902 de
1500 3841 1805 3903 Charitate
1856 3850 1915 3902 et
1962 3843 2101 3903 inde
2138 3843 2310 3910 Fide,
2356 3830 2492 3892 vide-

427 3941 590 4002 bitur
653 3963 822 4021 mox3
891 3944 1054 4021 quod
1119 3950 1320 4004 autem
1371 3943 1667 4002 Dominus
1735 3943 1965 4004 dicatur
2010 3943 2211 4004 Verus
2268 3939 2391 4017 quia
2435 3924 2492 3984 ab

427 4039 576 4114 Ipso
635 4043 812 4104 Fides
839 4089 856 4118 ‚
942 4051 1002 4104 et
1069 4045 1229 4120 quod
1299 4042 1439 4103 inde
1495 4043 1724 4104 Verum
1781 4047 1844 4102 in
1904 4043 2107 4103 Verbo
2176 4044 2384 4103 dicatur
2432 4025 2488 4084 ὅθ

431 4135 580 4208 side,
636 4146 730 4195 est
774 4138 916 4214 ¹quia
967 4161 1138 4202 omne
1182 4143 1410 4202 Verum
1462 4150 1556 4202 est
1588 4144 1756 4220 fidei,
1812 4144 1923 4202 hoc
1976 4147 2131 4202 enim
2168 4143 2372 4203 Verum
2414 4127 2486 4186 di·

437 4234 588 4288 citur
640 4235 798 4306 quod
845 4241 1130 4316 ereditur,
1201 4249 1441 4301 caetera
1504 4261 1623 4302 non
1672 4250 1812 4302 sunt
1851 4243 1991 4303 fidei
2046 4248 2187 4320 quia
2234 4257 2337 4300 non
2377 4243 2479 4291 0¹⁹⁰·
