2700 4792
341 381 588 441 CAPUT
627 383 1032 439 SECUNDUM.
1715 385 1928 439 YERS:
1976 397 2028 447 7.
2188 398 2296 450 133

161 563 330 606 nem
359 547 426 604 in
451 545 586 621 ejus
607 542 1012 618 interioribus,
1037 559 1192 618 quae
1216 544 1429 601 mentis
1458 559 1568 602 seu
1596 545 1775 604 animi
1804 546 1933 622 ojus
1955 546 2299 617 sunt,.fron.-

163 649 290 708 des
343 652 408 705 et
435 643 580 703 folia
604 645 707 703 illa
733 661 888 720 quae
915 650 1055 702 sunt
1077 644 1477 719 cognitionum
1513 645 1642 702 veri
1678 651 1737 702 et
1768 645 1925 714 boni,
1964 663 2045 706 ac.
2064 645 2299 708 fructus

159 751 328 825 ipsa
363 745 524 804 bona
549 747 743 804 vitae:
797 744 950 802 haec
989 742 1348 819 significatio
1377 741 1656 820 arborum
1694 744 1876 802 trahit
1912 762 2081 804 suam
2111 750 2295 825 origi-

164 865 330 907 nem
359 864 436 906 ex
464 845 682 902 mundo
713 843 1028 920 spirituali,
1057 842 1141 901 ibi
1174 844 1326 900 enim
1363 850 1655 918 apparent
1686 845 1929 904 arbores
1968 849 2157 905 omnis
2185 865 2295 924 ge-

167 949 387 1020 neris,
447 949 506 1003 et
546 937 844 1014 arbores,-
881 960 1038 1019 quae
1089 949 1415 1019 apparent,
1473 944 1943 1020 correspondent
1996 948 2295 1005 interiori-

167 1048 304 1106 bus
337 1044 705 1120 Angelorum
735 1051 795 1104 et
829 1046 1144 1119 spirituum
1183 1059 1338 1118 quae
1368 1050 1507 1102 sunt
1534 1047 1747 1102 mentis
1778 1061 2012 1120 eorum,
2052 1046 2297 1106 arborcs

175 1145 640 1222 pulcherrimae
681 1153 740 1203 et
779 1144 1122 1202 fructiferae
1159 1143 1395 1202 illorum
1451 1143 1827 1202 interioribus
1879 1147 1982 1220 qui
2029 1147 2087 1203 in
2140 1145 2296 1206 bono

183 1248 421 1304 amoris
459 1251 520 1304 et
553 1244 688 1302 inde
739 1247 799 1302 in
839 1245 1136 1319 sapientia
1173 1250 1312 1300 sunt
1325 1263 1340 1319 3
1398 1244 1643 1302 arbores
1686 1244 1877 1301 minus
1912 1240 2199 1320 pulcRrae
2240 1253 2299 1305 et

177 1346 545 1406 fructiferae
583 1343 700 1402 illis
735 1345 924 1420 quiin
959 1343 1114 1402 bono
1157 1342 1326 1418 fidei3
1384 1351 1445 1402 at
1480 1343 1724 1402 arbores
1770 1344 1962 1402 solum
2006 1345 2295 1406 foliaceae

191 1453 262 1506 et
301 1445 532 1520 absque
571 1444 882 1514 fructibus,
917 1444 1034 1502 illis
1066 1445 1168 1519 qui
1204 1443 1379 1502 modo
1406 1446 1467 1501 in
1503 1444 1935 1520 cognitionibus
1974 1448 2101 1504 veri
2127 1453 2294 1518 sunt3

199 1563 279 1604 ac
317 1545 556 1604 arbores
593 1551 783 1604 tetrae
829 1561 964 1602 cum
993 1543 1284 1602 fructibus
1325 1542 1631 1620 maligniS,
1692 1545 1809 1602 illis
1849 1547 1949 1620 qui
1988 1549 2049 1604 in
2088 1549 2293 1622 cogni-

199 1644 460 1704 tionibus
502 1651 647 1703 sunt
683 1651 744 1702 et
777 1647 838 1702 in
873 1644 1030 1702 malo
1074 1644 1270 1720 vitae3
1307 1642 1427 1702 illis
1468 1651 1669 1703 autem
1708 1647 1809 1721 qui
1844 1662 1960 1704 non
1995 1647 2053 1703 in
2090 1647 2296 1723 cogni-
2369 1671 2377 1677 ⁷

194 1746 462 1804 tionibus
504 1751 564 1802 et
601 1747 664 1802 in
711 1743 867 1803 malo
916 1747 1078 1803 vitae
1127 1750 1300 1815 sunt,
1365 1763 1480 1802 non
1516 1752 1810 1822 apparent
1856 1745 2130 1820 arbores,
2186 1745 2297 1806 sed

189 1845 330 1906 loco
368 1845 606 1904 illarum
642 1862 792 1904 saxa
827 1851 888 1903 et
924 1861 1178 1902 arenae:
1233 1843 1348 1904 hae
1391 1849 1779 1922 apparentiae
1814 1848 1873 1904 in
1912 1847 2127 1906 mundo
2165 1849 2293 1923 spi.-

187 1946 400 2006 rituali
451 1945 772 2004 actualiter
825 1944 1016 2002 fluunt
1069 1961 1143 2002 ex
1192 1946 1751 2022 correspondentia,
1822 1961 1957 2005 nam
2014 1949 2304 2006 interiora·-

189 2064 353 2123 quae
395 2047 613 2104 mentis
654 2061 857 2104 eorum
899 2050 1038 2102 sunt
1072 2061 1182 2119 per
1232 2044 1385 2104 tales
1436 2045 1663 2122 effigies
1713 2049 2003 2106 sistuntur
2037 2046 2294 2106 actuali-

150 2153 290 2206 —ter
326 2163 528 2206 coram
579 2144 768 2205 oculis
807 2162 1045 2204 eorum:
1102 2144 1211 2202 sed
1260 2145 1411 2204 haec
1448 2147 1661 2206 melius
1698 2147 1886 2206 videri
1923 2153 2177 2224 possunt
2222 2164 2297 2206 ex

192 2247 356 2306 binis
394 2246 682 2306 Articulis
718 2247 779 2302 in
811 2244 1012 2320 Opere
1051 2244 1124 2320 de
1156 2243 1359 2304 Conco
1396 2266 1475 2306 nr
1510 2247 1805 2321 Inmane,
1846 2250 1906 2305 in
1940 2247 2159 2317 Primo,
2195 2243 2297 2304 un

192 2350 394 2424 agitur
431 2346 506 2406 de
544 2343 1120 2424 Correspondentia
1157 2341 1330 2406 Coeli
1364 2364 1506 2408 oum
1543 2347 1831 2406 omnibus
1874 2344 2183 2420 Telluris,
2226 2365 2294 2406 n:

153 2521 166 2528 ·
203 2448 346 2506 103
381 2446 461 2503 ad
493 2451 523 2504 1
549 2450 575 2504 1
597 2441 660 2520 53
713 2452 772 2504 et
805 2448 864 2503 in
904 2444 1146 2515 Alter0,
1202 2447 1307 2504 ubi
1351 2449 1549 2522 agitur
1598 2445 1675 2505 de
1708 2444 2301 2524 Repraesentativie

201 2551 264 2604 et
306 2544 724 2623 Apparentiic
757 2545 826 2604 in
861 2542 1074 2614 Goel0‚
1111 2564 1177 2604 n:
1231 2549 1367 2604 170
1412 2546 1489 2605 ad
1536 2543 1709 2620 1763
1772 2552 1835 2603 et
1878 2547 1938 2602 in
1986 2546 2295 2622 sequenti-

201 2642 320 2704 bus
375 2644 458 2702 ibi
507 2662 574 2701 n:
633 2647 761 2702 177
809 2645 882 2704 ad
939 2648 1096 2703 190.
1185 2645 1334 2705 Inde
1386 2663 1543 2706 nunc
1591 2652 1709 2719 cst,
1779 2645 1937 2721 quod
1983 2647 2049 2704 in
2095 2643 2299 2704 Verbo

197 2746 380 2804 toties
443 2747 818 2803 nominentur
869 2745 1165 2820 Arbores»,
1235 2748 1347 2822 per
1400 2763 1551 2823 quas
1614 2745 1699 2804 ibi
1754 2743 2161 2821 significantur
2226 2761 2301 2802 ea

195 2846 363 2924 apud
393 2845 666 2904 homines
703 2863 856 2922 quae
908 2851 1048 2904 sunt
1084 2849 1298 2904 mentis
1347 2863 1585 2922 eorum3
1642 2853 1702 2904 et
1752 2845 1889 2904 inde
1928 2862 2165 2923 quoque
2205 2852 2297 2903 est

199 2946 360 3022 quod
409 2947 471 3004 in
516 2946 736 3004 Primis
780 2945 1094 3022 Capitibus
1145 2945 1457 3006 Geneseos
1505 2947 1777 3007 dicantur
1822 2946 1999 3006 binae
2034 2946 2299 3006 Arbores

198 3049 264 3104 in
297 3044 468 3104 horto
501 3047 726 3105 Edenis
763 3048 1030 3122 positae,
1095 3065 1215 3105 una
1251 3065 1409 3124 quae
1443 3054 1697 3108 vocatur
1731 3047 1927 3106 Arbor
1961 3047 2173 3120 Vitae,
2237 3054 2297 3108 et
2337 3059 2461 3124 [95]

199 3145 392 3205 altera
435 3163 594 3222 quae
644 3145 844 3204 Arbor
891 3145 1227 3222 Scientiae5
1280 3165 1392 3224 per
1424 3148 1716 3208 Arborem
1755 3151 1914 3210 vitae
1950 3147 2033 3206 ibi
2068 3149 2297 3225 signifi·-

201 3252 373 3303 catur
405 3247 624 3306 bonum
663 3248 880 3305 amoris
916 3248 976 3303 in
1012 3247 1367 3321 Dominum,
1426 3255 1485 3307 et
1520 3249 1657 3308 inde
1694 3248 1978 3326 gaudium
2014 3249 2300 3322 coeleste,

202 3361 358 3421 quae
407 3353 578 3406 erant
631 3345 751 3404 illis
805 3349 908 3422 qui
943 3353 1084 3406 tunc
1121 3348 1195 3405 ab
1242 3347 1557 3420 Ecclesia,
1628 3356 1689 3408 et
1738 3350 2150 3426 intelliguntur
2194 3367 2305 3424 per

194 3444 517 3506 Hominem
557 3452 617 3504 et
654 3447 786 3522 ejus
827 3445 1093 3507 Uxorem
1107 3467 1122 3521 3
1181 3455 1242 3506 et
1285 3465 1399 3525 per
1444 3449 1738 3508 Arborem
1776 3446 2063 3508 scientiae
2113 3448 2303 3522 signi·-

191 3543 414 3604 ficatur
453 3545 790 3622 jucundum
843 3547 1244 3623 cognitionum
1287 3547 1517 3624 absque
1555 3549 1671 3607 alio
1710 3565 1825 3608 usu
1864 3565 2043 3622 quam
2076 3551 2145 3602 ut
2187 3561 2301 3602 au-

193 3645 364 3704 diant
399 3645 556 3705 docti
596 3651 658 3705 et
694 3653 937 3722 captent
961 3647 1184 3706 famam
1221 3649 1569 3708 eruditionis
1606 3649 1798 3707 solum
1825 3651 2076 3722 propter
2108 3644 2328 3708 honor

192 3763 322 3804 rem
359 3751 468 3804 aut
505 3745 756 3805 lucrum.
832 3746 1009 3822 Quod
1043 3746 1240 3806 Arbor
1278 3747 1436 3810 vitae
1475 3751 1652 3808 etiam
1690 3745 1984 3822 significet
2020 3743 2303 3818 gaudium

195 3845 498 3922 coeleste,
555 3853 647 3906 est
685 3849 829 3922 quia
861 3846 1084 3906 bonum
1119 3851 1336 3907 amoris
1374 3851 1437 3908 in
1470 3848 1822 3913 Dominum,
1862 3842 2023 3919 quod
2058 3845 2118 3901 in
2154 3859 2300 3919 spe-

195 3945 286 4004 cie
337 3961 452 4022 per
497 3945 663 4004 illam
708 3947 984 4006 arborem
1029 3947 1426 4024 significatur,
1480 3945 1761 4023 gaudium
1816 3943 2083 4004 coeleste
2131 3947 2192 4002 in
2236 3961 2303 4003 se

194 4043 407 4120 habet,
467 4045 744 4105 videatur
791 4050 853 4106 in
899 4046 1101 4124 Opere
1139 4048 1213 4108 de
1246 4046 1457 4108 Conco
1490 4065 1570 4104 nr
1607 4044 1883 4104 Inrnnno
1928 4064 1995 4104 n:
2048 4047 2185 4105 395
2229 4045 2305 4104 ad

201 4147 376 4220 4143
419 4150 480 4206 et
513 4148 576 4204 in
608 4146 938 4208 Doe'rnnu
969 4147 1185 4208 Novm
1218 4148 1725 4217 Hlnnosonrmn,
1760 4164 1829 4204 n:
1874 4149 2013 4207 230
2038 4145 2114 4205 ad
2139 4147 2301 4205 239.

199 4243 372 4324 Quod
415 4245 714 4323 Arbores,
750 4265 931 4338 vquae
968 4251 1147 4308 toties
1185 4250 1564 4310 nominantur
1596 4249 1664 4310 in.
1692 4245 1899 4308 Verbo
1918 4293 1934 4322 ‚
1974 4245 2311 4324 significent.
