2700 4792
441 350 550 402 330
780 335 1274 392 APOCALYPSIS
1315 334 1754 394 EXPLIGATA.
1817 333 1864 401 §.
1906 343 2045 394 211.
2098 335 2228 398 212.

441 498 738 571 charitas,
799 510 868 554 n:
925 497 1136 554 2417.
1195 494 1410 554 3603.
1468 495 1682 552 4126.
1738 493 1957 552 9995..
2029 489 2211 566 Quod
2254 488 2543 565 simplices

439 597 645 666 corde,
699 602 761 654 et
797 611 990 671 usque
1029 596 1356 670 sapientes,
1396 596 1589 652 sciant
1624 591 1768 673 quid
1801 592 2029 651 bonum
2064 592 2250 664 vitae,
2306 593 2389 648 ita
2416 589 2547 665 quid

441 697 730 770 chal-itae,
789 702 848 754 et
882 712 1001 754 non
1037 695 1178 770 quid
1210 693 1361 754 fides
1396 699 1709 769 separata,
1765 711 1833 751 n:
1877 693 2100 750 4741.
2146 689 2362 749 4754.

481 837 492 846 -
597 798 758 856 212.
812 794 969 856 Ecce
1005 795 1218 854 faciam
1263 793 1401 852 illos
1449 801 1518 852 ut
1558 794 1803 853 veniant
1850 800 1910 852 et
1958 791 2225 849 adore-nt
2270 789 2347 847 ad
2379 787 2551 864 pedes

436 903 591 970 tuost,
649 896 810 971 quod
845 893 1141 971 significet
1178 901 1399 954 statum
1439 911 1646 952 eorum
1692 897 1831 968 post
1865 899 2145 964 mortem,
2208 889 2367 966 quod
2402 894 2551 946 extra

438 996 672 1056 coelum
710 1000 884 1054 erunt
917 1011 1035 1052 nou
1079 993 1455 1066 admittendi,
1505 999 1675 1069 patet
1712 1010 1749 1050 a
1784 995 1941 1051 serie
1978 990 2467 1050 antecedentium
2501 993 2549 1046 et

439 1097 970 1171 consequentium3
1009 1096 1203 1171 agitur
1230 1095 1290 1152 in
1315 1094 1431 1154 hoc
1457 1093 1657 1152 Versu
1696 1093 1770 1152 de
1798 1092 1914 1150 illis
1946 1094 2055 1168 qui
2088 1091 2297 1148 dicunt
2334 1105 2399 1146 se
2428 1103 2548 1146 esse

435 1198 497 1259 in
529 1197 692 1254 veris
728 1213 861 1254 cum
895 1201 1096 1253 tamen
1135 1200 1274 1254 sunt
1313 1195 1375 1252 in
1412 1193 1581 1251 falsis
1630 1195 1770 1270 quia
1804 1195 1867 1251 in
1920 1192 2093 1250 nulla
2130 1191 2451 1256 charitate,
2486 1187 2549 1244 de

435 1295 529 1357 his
565 1297 626 1355 in
661 1294 863 1356 Verbo
901 1293 1142 1363 dicitur,
1191 1293 1353 1368 quod
1386 1295 1623 1350 venturi
1674 1296 1791 1352 sint
1828 1292 1902 1352 ad
1942 1293 2205 1359 ostium,-
2259 1297 2319 1348 et
2351 1287 2543 1364 pulsa-

239 1408 401 1472 [220]
442 1398 594 1470 turi,
651 1396 760 1455 sed
795 1393 953 1470 quod
990 1411 1106 1452 non
1137 1393 1521 1452 admittentur
1532 1413 1548 1468 3
1604 1394 1679 1452 ad
1716 1397 1933 1452 ostium
1970 1395 2190 1450 venire
2230 1396 2291 1448 et
2324 1387 2545 1464 pulsare

443 1502 536 1556 est
571 1495 825 1554 adorare
863 1495 942 1552 ad
976 1494 1198 1570 pedes:
1255 1493 1417 1570 quod
1449 1493 1683 1552 dicatur
1722 1494 1800 1552 ad
1834 1493 2029 1568 pedes
2070 1498 2242 1564 tuos,
2300 1494 2389 1546 est
2420 1487 2545 1562 quia

439 1595 686 1656 Ocelum
735 1597 798 1654 in
832 1601 954 1654 toto
991 1595 1310 1670 complexu
1356 1593 1540 1652 refert
1588 1611 1770 1652 unum
1824 1593 2166 1664 hominem,
2222 1601 2546 1663 supremum

437 1712 559 1754 sen-
581 1697 820 1755 tertium
859 1693 1106 1753 Coelum
1143 1694 1326 1752 refert
1365 1691 1588 1768 Caput,
1646 1694 1905 1752 medium
1941 1709 2055 1751 seu
2092 1689 2421 1750 secundum
2453 1702 2536 1742 re-

436 1795 552 1854 fert
591 1793 860 1871 Corpus,
901 1810 972 1853 ac
1007 1793 1276 1852 ultimum
1313 1809 1427 1852 seu
1462 1796 1715 1868 primum
1752 1794 1937 1852 refert
1971 1792 2177 1852 Pedes
2190 1834 2209 1866 ,
2268 1803 2447 1864 quare
2478 1781 2541 1840 ad

434 1893 626 1972 pedes
661 1900 822 1953 stare
864 1899 924 1952 et
959 1894 1232 1963 adorare,
1271 1900 1365 1952 est
1400 1900 1571 1951 extra
1608 1893 1859 1951 Coelum
1896 1899 1955 1952 et
1993 1892 2155 1951 velle
2188 1887 2413 1947 admitti
2444 1881 2539 1942 sed

433 2011 556 2053 non
593 2009 810 2068 posse:
870 1993 1027 2068 quod
1067 1993 1234 2052 Cocli
1281 1995 1342 2054 in
1378 2010 1497 2051 uno
1534 1993 1851 2069 complexu
1894 1993 2168 2052 reserant
2211 2005 2391 2048 unum
2422 1983 2535 2041 Ηο-

435 2095 683 2168 minem,
739 2093 1014 2153 videatur
1053 2094 1116 2151 in
1153 2092 1355 2169 Opere
1392 2093 1467 2152 de
1522 2092 1727 2152 Ounno
1774 2111 1855 2152 m*
1897 2093 2185 2159 Immmeo
2248 2108 2311 2146 n:
2358 2086 2433 2145 59
2472 2080 2535 2140 ad

445 2195 527 2253 67
571 2209 714 2270 seq:
797 2193 973 2270 Quod
1020 2199 1144 2252 tres
1184 2192 1354 2252 Coeli
1402 2195 1553 2268 sint,
1616 2211 1683 2250 n:
1744 2195 1830 2252 29
1876 2193 1949 2252 ad
1990 2196 2085 2251 40
2126 2192 2241 2264 ibi;
2296 2195 2355 2246 et
2398 2179 2532 2259 quod

439 2292 690 2353 Coelum
737 2303 1082 2370 supremum
1139 2293 1353 2368 formet
1388 2292 1613 2370 Caput,
1665 2291 1925 2352 medium
1964 2292 2231 2368 Corpus,
2286 2286 2531 2346 ultimum

438 2393 666 2468 PedeS,
707 2412 776 2452 n:
825 2394 910 2452 65
955 2393 1070 2469 ibi;
1111 2411 1186 2452 ex
1218 2393 1312 2455 his
1349 2399 1549 2469 patet,
1606 2410 1713 2451 cur
1766 2393 1981 2451 dicitur
2016 2393 2096 2450 ad
2136 2390 2325 2468 pedes
2372 2390 2527 2451 stare,

433 2510 568 2554 cum
617 2500 784 2554 extra
824 2492 1092 2553 Ocelum.
1161 2492 1338 2568 Quod
1372 2510 1490 2552 non
1527 2493 1759 2552 admitti
1789 2497 2052 2569 possint,
2097 2497 2194 2551 est
2231 2489 2368 2565 quia
2396 2481 2525 2542 Uni-

431 2611 673 2654 versum
718 2593 968 2654 Coelum
1017 2595 1332 2652 formatum
1381 2598 1477 2652 est
1524 2593 1854 2652 secundum
1906 2593 2257 2652 affectiones
2306 2585 2437 2643 boni
2476 2581 2527 2636 et

431 2696 577 2769 veri,
617 2713 688 2754 ac
725 2695 1069 2752 distinctum
1098 2700 1190 2752 est
1223 2695 1284 2750 in
1312 2695 1635 2752 societates
1671 2693 1995 2752 secundum
2036 2707 2247 2752 omnes
2274 2685 2525 2746 differen-

431 2796 546 2854 tias
581 2794 958 2856 affectionum
993 2795 1229 2854 illarum
1248 2838 1264 2867 ,
1300 2796 1404 2871 qui
1422 2796 1625 2870 itaque
1659 2810 1777 2850 non
1814 2795 1875 2852 in
1912 2793 2207 2852 charitate
2243 2791 2394 2858 sunt3
2425 2793 2523 2838 non

431 2895 494 2952 in
529 2895 733 2969 aliqua
771 2893 1116 2966 affectione,
1173 2897 1233 2953 in
1273 2911 1393 2969 qua
1429 2893 1695 2964 coelum,
1751 2901 1907 2968 sunt,
1964 2911 2101 2952 nam
2141 2889 2393 2952 charitas
2426 2893 2521 2938 seu

430 3009 598 3052 amor
633 3010 780 3068 erga
822 2990 1160 3068 preximum
1213 2999 1310 3054 est
1362 2995 1626 3064 affectio,
1668 3001 2048 3070 ’quapropter
2095 3011 2217 3052 non
2262 2992 2322 3048 in
2357 2978 2521 3042 Coelo

429 3091 633 3150 locum
667 3092 918 3168 habent,
974 3095 1080 3152 sed
1122 3101 1294 3154 extra
1329 3094 1511 3169 illud,
1570 3100 1631 3152 et
1667 3096 1767 3170 qui
1806 3112 1880 3154 ex
1913 3094 2035 3154 illis
2080 3095 2139 3152 in
2180 3087 2349 3150 malis
2384 3087 2437 3141 et
2464 3080 2515 3135 in

431 3191 602 3251 fals-is
631 3192 898 3263 fuerunt,
933 3194 1020 3251 illi
1056 3195 1385 3253 secundum
1422 3209 1657 3254 amores
1690 3211 1831 3253 suos
1872 3211 1983 3254 seu
2018 3193 2357 3253 affectiones
2390 3196 2513 3240 con-

423 3291 759 3369 junguntur
792 3293 910 3351 illis
949 3297 1051 3370 qui
1083 3297 1146 3352 in
1179 3296 1425 3354 infernis
1464 3301 1621 3366 sunt,
1664 3301 1724 3352 et
1756 3294 1899 3354 illuc
1936 3295 2310 3371 dejiciuntur.
2366 3272 2517 3357 Quod

429 3392 567 3452 talis
605 3409 738 3452 sors
775 3400 1012 3453 maneat
1047 3394 1182 3452 illos
1245 3397 1349 3470 qui
1386 3397 1445 3454 in
1482 3395 1614 3454 sola
1648 3393 1764 3453 fide
1822 3402 1885 3454 et
1932 3397 1991 3451 in
2036 3393 2205 3452 nulla
2238 3383 2508 3450 charitate,

425 3494 809 3571 praedictum
867 3501 959 3554 est
1007 3512 1043 3552 a
1079 3495 1335 3552 Domino
1384 3495 1659 3570 pluribus
1718 3496 1779 3552 in
1826 3493 1973 3554 locis
1988 3513 2005 3567 3
2060 3501 2130 3552 ut
2180 3487 2337 3568 apud
2376 3478 2506 3540 Mat·

425 3593 668 3654 thaeum
731 3637 770 3668 ‚,
785 3593 1012 3654 Omnis
1047 3593 1258 3654 Arbor
1289 3614 1415 3655 non
1434 3593 1693 3672 faciens
1712 3595 2005 3674 fructum
2042 3593 2265 3653 bonum
2296 3575 2507 3645 635802'22‘

425 3692 607 3754 ditur
649 3699 712 3753 et
751 3693 822 3753 in
867 3693 1079 3773 ignem
1121 3694 1473 3776 conjicitur,
1525 3713 1677 3754 nam
1709 3712 1790 3754 ex
1815 3693 2146 3772 fructibus
2178 3702 2379 3753 eorum
2420 3691 2505 3736 ⁶0·

403 3823 408 3828 ·
422 3793 740 3874 qnosoetz‘s
787 3813 926 3854 eos:
989 3812 1114 3854 non
1165 3794 1373 3854 omnis
1422 3793 1637 3853 dicem
1668 3792 1871 3869 Mihi,
1930 3791 2217 3854 Domine
2246 3775 2499 3852 Domine,

424 3894 694 3956 intrabit
763 3895 833 3955 in
891 3894 1194 3973 R-eynum
1246 3891 1575 3955 coelorum
1600 3939 1615 3968 ,
1690 3892 1804 3952 sed
1850 3894 2107 3975 faciens
2166 3883 2502 3956 voluntatem

423 3991 655 4054 Patris
699 3995 826 4055 mei
871 3993 984 4074 qui
1025 3995 1097 4054 in
1147 3991 1372 4056 00elis:
1426 3991 1619 4054 multi
1656 3992 1865 4055 dicent
1916 3993 2091 4056 Mihi
2142 3995 2211 4056 in
2262 3981 2362 4050 illo
2399 3971 2495 4042 die,

428 4089 717 4150 ‚Domine
752 4093 1063 4170 Domine,
1115 4113 1315 4154 nonne
1336 4113 1458 4174 per
1496 4092 1741 4155 Nomen
1794 4100 1977 4156 tuum
2008 4081 2499 4176 prophetavimus,

421 4189 482 4242 et
507 4201 630 4261 per
663 4185 906 4250 Nomen
929 4197 1140 4254 -tuum
1175 4193 1513 4254 daemonia
1546 4189 1871 4276 ejecimus,
1907 4200 1967 4256 et
2016 4195 2086 4256 in
2122 4187 2374 4256 Nomine
2408 4177 2495 4234 Μ)
