2700 4792
17 393 42 576 uun—-

333 397 566 452 CAPUT
605 397 946 455 TERTIUM.
1031 361 1034 364 ’
1744 400 1956 459 vana:
2002 415 2055 466 1.
2212 417 2323 470 ‘259

216 561 342 618 vita
371 575 444 618 ex
479 557 793 634 spirituali,
838 565 899 616 et
935 556 1076 634 quid
1111 558 1353 616 moralis
1392 559 1515 618 vita
1548 559 1777 644 absque
1814 565 2129 640 spirituali,
2166 567 2323 642 quod

217 675 432 735 nempe
470 658 712 716 moralis
751 659 875 716 vita
917 675 991 716 ex
1029 657 1326 734 spirituali
1380 661 1459 717 sit
1502 677 1644 719 vere
1681 663 1922 722 moralis
1959 668 2110 738 vita,
2164 685 2322 743 quae

217 759 471 818 dicenda
519 765 613 817 est
659 757 989 834 spiritualis
1002 803 1019 833 ,
1063 760 1340 833 quoniam
1384 776 1569 818 causa
1616 768 1676 818 et
1712 764 1877 838 origo
1915 765 2045 841 ejus
2084 773 2177 826 est
2224 771 2320 827 in-

207 860 324 936 .de;
358 859 426 918 'at
462 859 621 937 quod
657 861 781 918 vita
814 857 1055 917 moralis
1093 858 1320 940 absque
1358 859 1656 937 spirituali
1688 879 1807 920 non
1842 866 1921 922 sit
1966 867 2087 928 vita
2122 863 2320 926 morass·

213 960 322 1034 lis,
375 968 438 1018 et
473 976 629 1036 quae
666 957 917 1018 dicenda
955 964 1050 1018 est
1082 958 1420 1031 infernalis,
1474 977 1611 1018 nam
1648 969 1933 1036 quantum
1966 967 2027 1023 in
2068 982 2141 1026 ea
2178 984 2321 1042 reg-

217 1068 320 1120 nat
360 1077 528 1118 amor
567 1061 662 1118 sui
699 1065 758 1118 et
803 1059 1009 1117 mundi
1020 1104 1037 1134 ,
1082 1065 1311 1118 tantum
1344 1059 1449 1118 illa
1486 1065 1579 1118 est
1613 1061 1993 1122 fraudulenta
2032 1070 2093 1124 et
2124 1065 2323 1143 hypo-

219 1163 443 1220 critica.
505 1160 594 1218 Ex
631 1159 786 1219 nunc
823 1159 992 1218 dictis
1031 1161 1210 1218 etiam
1247 1161 1525 1220 concludi
1557 1166 1787 1236 potest,
1828 1163 2003 1238 quale
2050 1171 2143 1224 est
2176 1183 2319 1225 san-

219 1268 378 1320 ctum
425 1257 772 1330 externum,
814 1277 926 1334 per
961 1259 1120 1336 quod
1152 1260 1501 1337 intelligitur
1542 1261 1738 1320 cultus
1772 1263 1833 1320 in
1868 1265 2137 1342 templiS,
2175 1283 2321 1343 pre·-

214 1365 484 1421 cationes
523 1377 592 1452 ac
619 1367 828 1436 gestus
856 1367 1026 1434 tunc,
1071 1359 1232 1437 apud
1265 1359 1401 1420 illos
1430 1363 1531 1436 qui
1562 1363 1626 1420 in
1672 1379 1873 1422 amore
1902 1367 1997 1424 sui
2026 1371 2086 1425 et
2121 1365 2326 1426 mundi

215 1469 392 1532 sunt,
466 1468 526 1520 et
580 1477 774 1536 usque
835 1467 1227 1543 apparentem
1283 1464 1463 1522 vitam
1522 1462 1807 1521 moralem
1861 1473 2079 1540 agunt,
2164 1463 2325 1543 quod

215 1581 436 1640 nempe
473 1563 619 1620 nihil
663 1579 739 1620 ex
771 1560 890 1619 illis
929 1561 1198 1620 elevetur
1236 1561 1313 1620 ad
1341 1561 1620 1638 Coelum,
1664 1569 1724 1623 et
1764 1564 2039 1625 audiatur
2064 1565 2165 1642 ibi,
2213 1566 2339 1627 sed.

215 1664 375 1741 quod
420 1662 667 1722 effluant
717 1680 788 1722 ex
837 1662 1040 1738 aliqua
1068 1664 1425 1738 cogitatione
1456 1665 1685 1722 externi
1730 1681 1843 1723 seu
1881 1667 2170 1726 naturalis
2206 1666 2319 1724 ho·-

213 1767 426 1840 minis,
483 1771 544 1821 et
601 1764 685 1824 sic
737 1781 810 1822 ex
869 1780 970 1822 ore
1027 1761 1264 1822 illorum
1313 1766 1375 1822 in
1428 1763 1744 1839 mundum,
1798 1767 2109 1827 interiores
2166 1766 2323 1827 enim

213 1883 423 1925 eorum
479 1865 890 1940 cogitationeS,
956 1879 1110 1939 quae
1159 1869 1298 1922 sunt
1349 1866 1539 1940 ipsius
1590 1867 1834 1940 spiritus
1884 1883 2118 1943 eorum,
2181 1873 2321 1926 sunt
2358 1864 2523 1928 [1⁷5]

213 1966 433 2042 plenae
480 1966 704 2022 astutia
739 1971 800 2023 et
838 1963 1047 2022 fraude
1087 1971 1294 2023 contra
1327 1967 1695 2040 proximum,
1736 1974 1795 2025 et
1835 1983 2029 2044 usque
2068 1967 2323 2030 elevatio

211 2069 270 2125 in
333 2053 618 2136 Goelum,
675 2064 740 2124 fit
792 2082 902 2142 per
947 2067 1231 2130 interiora
1245 2085 1280 2140 ς,
1309 2070 1371 2123 et
1418 2072 1739 2142 praeterea
1774 2067 1970 2126 cultus
2012 2085 2217 2128 eorum
2259 2071 2325 2127 in

213 2166 483 2243 templis,
524 2182 594 2223 ac
626 2167 1008 2242 precationes
1038 2151 1107 2224 ⁸ct
1139 2171 1348 2242 gestus
1398 2173 1571 2236 tunc,
1620 2174 1761 2225 sunt
1796 2168 1893 2226 vel
1934 2183 2006 2227 ex
2040 2175 2325 2228 assuetu-

215 2263 350 2326 dine
415 2266 492 2325 ab
549 2267 802 2324 infantia
861 2271 920 2324 et
977 2265 1115 2324 inde
1177 2266 1482 2341 familiari,
1546 2265 1645 2327 vel
1682 2284 1756 2326 ex
1822 2269 2113 2344 principio
2165 2268 2324 2345 quod
2387 2335 2392 2339 ,

215 2375 464 2426 externa
501 2366 646 2425 talia
683 2367 904 2425 saciant
947 2382 1121 2428 omne
1175 2366 1250 2424 ad
1285 2365 1576 2436 salutem,
1609 2366 1711 2426 vel
1748 2385 1822 2426 ex
1869 2384 1941 2426 eo
1993 2369 2153 2445 quod
2190 2369 2320 2429 die-

215 2467 332 2526 bus
369 2467 538 2526 festis
563 2465 712 2525 nihil
746 2469 972 2542 negotii
1015 2468 1092 2524 sit
1124 2465 1242 2524 illis
1280 2466 1439 2525 domi
1476 2481 1547 2524 ac
1582 2465 1759 2537 soriS,
1827 2467 1928 2526 vel
1961 2485 2036 2527 ne
2074 2485 2111 2526 a
2144 2471 2323 2527 sociis

223 2566 544 2626 credantur
575 2569 773 2644 impii:
837 2573 899 2624 at
933 2566 1129 2625 cultus
1171 2567 1335 2642 apud
1368 2566 1524 2642 illos,
1565 2568 1667 2642 qui
1701 2566 1987 2640 moralem
2021 2569 2207 2625 'vitam
2249 2582 2325 2627 ex

221 2667 452 2742 origine
485 2667 780 2742 spirituali
825 2669 1064 2742 vivunt,
1124 2683 1376 2743 prorsus
1426 2666 1579 2725 alius
1640 2673 1762 2742 est,
1832 2675 1926 2726 est
1974 2668 2130 2729 enim
2178 2683 2325 2727 vere

215 2767 414 2826 cultus
450 2766 592 2842 Dei,
656 2785 794 2826 nam
839 2770 1218 2844 precationes
1268 2784 1475 2827 eorum
1524 2768 1833 2827 elevantur
1869 2767 1946 2826 ad
1982 2766 2230 2828 Coelum
2266 2772 2327 2826 et

215 2867 585 2942 audiuntur,
633 2869 794 2926 ducit
830 2871 986 2927 enim
1017 2868 1311 2927 Dominus
1346 2871 1727 2944 precationes
1764 2885 1971 2927 eorum
2019 2885 2131 2944 per
2169 2865 2327 2928 Goe-

213 2969 340 3027 lum
376 2968 455 3027 ad
483 2967 564 3028 Se
589 2988 620 3027 ε·
669 2967 791 3028 Sed
834 2968 1012 3044 plura
1050 2968 1123 3027 de
1169 2967 1264 3028 his
1313 2955 1630 3028 videantur
1663 2971 1725 3027 in
1762 2967 1962 3046 Opere
2010 2968 2085 3028 de
2116 2966 2323 3028 Coeno

212 3087 290 3128 nr
323 3069 623 3145 Ins-nuno,
674 3087 750 3128 n:
797 3071 961 3128 468.
1007 3071 1168 3129 484.
1211 3069 1372 3128 529.
1418 3069 1557 3128 530
1598 3067 1893 3146 eid-5343
1948 3076 2009 3130 et
2044 3087 2231 3146 supra
2262 3070 2327 3128 in

212 3169 631 3246 Explicatione
680 3184 866 3246 super
920 3169 1334 3247 Apocalypsin
1394 3188 1464 3228 n:
1521 3172 1653 3228 107
1666 3216 1679 3229 .
1766 3170 1939 3248 Haec
1988 3173 2326 3248 praemissa

213 3275 374 3342 sunt,
414 3271 556 3346 quia
605 3271 666 3328 in
711 3272 951 3347 scriptis
1003 3269 1080 3328 ad
1119 3268 1419 3346 Angelum
1448 3269 1628 3348 hujus
1662 3269 1975 3334 Ecclesiae
2012 3275 2211 3350 agitur
2250 3269 2325 3329 de

213 3368 338 3427 illis
366 3373 469 3446 qui
499 3371 784 3430 moralem
825 3372 1010 3431 vitam
1049 3377 1260 3446 agunt,
1310 3369 1421 3428 sed
1457 3388 1573 3429 non
1614 3373 2013 3448 spiritualem,
2058 3390 2133 3431 ex
2174 3386 2322 3430 cau-

213 3485 290 3528 sa
329 3471 468 3547 quia
500 3473 672 3547 parvi
711 3468 978 3546 pendunt
1017 3473 1384 3546 cognitiones
1424 3471 1841 3548 spititualium.

305 3599 318 3616 ν
374 3571 537 3630 183.
591 3570 762 3630 Haec
799 3570 940 3630 dicit
983 3570 1212 3630 habens
1263 3576 1500 3648 septem
1544 3572 1790 3648 spiritus
1834 3571 1981 3638 Dei,
2038 3567 2197 3644 quod
2236 3569 2323 3626 si·-

211 3669 458 3747 gnificet
501 3671 824 3730 Dominum
877 3689 952 3730 ex
1011 3671 1146 3748 Quo
1211 3674 1411 3730 omnia
1461 3687 1608 3730 vera
1668 3669 1836 3728 Coeli
1876 3675 1937 3730 et
1978 3666 2289 3726 Ecclesiae
2304 3685 2323 3742 3

211 3770 375 3847 quod
411 3773 492 3829 sit
523 3769 817 3831 Dominus
867 3775 968 3848 qui
1025 3772 1403 3850 intelligitur,
1464 3775 1557 3830 est
1596 3769 1738 3844 quia
1778 3774 1873 3827 est
1909 3765 2097 3826 Filius
2124 3764 2322 3823 homi-

207 3874 303 3930 nis
361 3872 466 3946 qui
524 3869 676 3932 haec
725 3871 902 3946 dixit,
970 3879 1036 3931 ut
1085 3889 1324 3952 quoque
1386 3871 1463 3929 ad
1509 3869 1875 3946 reliquarum
1917 3865 2327 3926 Ecclesiarum

207 3971 512 4048 Angelos,
553 3979 612 4030 et
647 3973 838 4032 Filius
875 3971 1128 4034 hominis
1167 3980 1262 4034 est
1299 3971 1593 4031 Dominus
1641 3967 1838 4045 quoad
1867 3968 2152 4028 Divinum
2186 3965 2325 4026 Hu-

207 4089 484 4146 manum,
545 4072 822 4132 videatur
877 4090 1062 4150 supra
1116 4092 1185 4134 n:
1236 4075 1346 4133 63.
1395 4071 1569 4131 151:
1644 4086 1755 4146 per
1804 4076 2041 4148 septem
2082 4070 2331 4146 spiritus

205 4171 325 4232 Dei
369 4172 788 4252 intelliguntur
839 4176 1036 4234 omnia
1081 4191 1230 4234 vera
1279 4171 1449 4232 Coeli
1508 4178 1569 4232 et
1613 4169 1957 4242 Ecclesiae,
2026 4188 2103 4231 ex
2142 4185 2333 4230 causa

209 4275 351 4346 quia
387 4271 650 4351 Spiritus
690 4274 810 4334 Dei
841 4276 903 4334 in
938 4273 1144 4335 Verbo
1185 4272 1482 4352 significat
1508 4272 1795 4332 Divinum
1833 4271 2065 4333 Verum
2101 4287 2321 4348 proce·-

1771 4375 1799 4430 1
1822 4379 1851 4430 7
1880 4367 1915 4406 '³'
