2700 4792
357 371 594 430 CAPUT
645 371 946 432 PRIMUM.
1712 371 1922 426 VERS:
1970 382 2057 434 15.
2236 383 2319 436 85·

191 531 476 609 fiumina
501 551 534 590 e
559 537 766 592 ventre
787 530 1002 610 ipsius
1022 529 1230 608 fluent
1256 531 1479 610 Aquae
1510 529 1833 592 viventiffl·
1860 531 2009 592 VH:
2054 533 2091 592 3
2109 537 2165 594 7.
2193 534 2303 592 38.

191 636 276 695 In
309 633 684 710 Apocalypsi
721 609 1036 706 {sitienti
1063 630 1326 693 dabitur
1349 649 1381 688 e
1394 633 1579 710 sonte
1600 632 1825 710 Aquae
1851 631 2019 693 vitae
2040 632 2306 712 qratis“

193 733 394 796 XXI:
461 736 520 791 6.
613 733 692 790 Et
740 731 882 790 alibi
930 729 1268 810 „Angelus
1307 729 1585 790 ostendit
1636 729 1743 791 illi-
1767 732 2050 810 fluvium
2086 731 2309 811 Aquae

196 835 376 896 vitae
387 879 404 909 ,
471 830 882 913 splendidum
919 831 1085 891 sicut
1123 827 1504 912 crystallum
1517 873 1533 904 ,
1595 837 1919 894 eoeeuntem
1958 851 2037 892 θαι·
2086 831 2307 892 throno

195 933 345 996 Dei
375 937 436 992 et
469 931 697 1013 ,Δρ-πμ
743 931 966 992 XXII:
1023 935 1078 990 1.
1146 932 1224 990 Et
1260 930 1455 989 adhuc
1496 930 1578 988 ibi
1616 929 1953 1009 „Spiritu-s·
1984 937 2045 990 et
2073 949 2307 1010 sponsa

199 1034 456 1108 dicunt,
517 1032 631 1112 qui
663 1029 882 1102 audit,
929 1030 1106 1091 dicat
1143 1031 1312 1105 veni,
1370 1036 1429 1089 et
1478 1029 1591 1110 qui
1634 1030 1781 1090 ‚sitit
1815 1030 2054 1103 veniat,
2104 1037 2164 1090 et
2198 1032 2307 1110 qui

201 1131 376 1208 vult,
417 1132 684 1211 accipiet
710 1130 966 1209 Aquam
991 1131 1161 1191 vitae
1183 1131 1447 1210 qrati8“
1484 1131 1702 1190 XXII:
1749 1135 1775 1188 1
1800 1136 1857 1192 7.
1928 1131 2097 1190 Haec
2126 1130 2308 1190 allata

203 1241 376 1308 sunt,
434 1240 500 1290 ut
537 1234 762 1290 sciatur
799 1231 958 1306 quod
991 1249 1102 1306 per
1135 1224 1342 1306 Aquas
1387 1234 1447 1290 in
1484 1230 1687 1290 Verbo
1725 1232 2131 1307 significentur
2163 1249 2307 1288 vcra

200 1334 376 1406 fidei,
416 1340 476 1390 et
507 1331 644 1390 inde
673 1331 818 1407 quid
849 1350 960 1407 per
993 1331 1231 1406 Aquam
1257 1332 1581 1407 Baptismi,
1626 1331 1700 1389 de
1740 1349 1855 1406 quo
1892 1335 1979 1390 ita
2011 1331 2301 1390 Dominus
2346 1333 2467 1392 [61]

206 1433 388 1492 docet
448 1431 608 1507 apud
666 1431 1004 1490 Johannem
1066 1430 1273 1506 „Nisi
1323 1430 1503 1490 homo
1568 1435 1905 1509 ymeratus
1955 1431 2167 1509 suerit
2225 1450 2305 1490 ex

209 1531 406 1609 Aqua
458 1536 516 1590 et
567 1529 852 1610 Spiritu,
903 1537 1036 1594 ‘ium
1070 1535 1280 1610 potest
1337 1531 1593 1609 inyredi
1650 1529 1721 1589 in
1768 1531 2069 1611 Reynum
2117 1529 2255 1590 Dee·
2266 1533 2304 1563 ί(

207 1631 342 1690 111:
386 1633 418 1690 5
438 1651 456 1705 ;
511 1649 700 1707 aquae
737 1632 820 1689 ibi
855 1639 995 1692 sunt
1021 1649 1168 1690 vera
1201 1632 1373 1706 fidei,
1416 1637 1475 1688 et
1509 1634 1755 1708 spiritus
1795 1634 2046 1713 est2vita
2079 1647 2301 1692 secun-

203 1732 345 1790 dum
381 1725 519 1802 illa,
580 1732 856 1791 videatur
908 1736 971 1790 in
1005 1733 1332 1791 DocrmNA
1383 1731 1597 1790 Novas
1652 1731 2168 1802 Hlssuosowimu,
2227 1751 2300 1790 n:

208 1835 349 1892 202
395 1833 472 1890 ad
513 1835 652 1890 209
702 1849 846 1908 seq:
950 1831 1106 1908 Quia
1150 1849 1269 1890 non
1325 1837 1533 1889 notum
1593 1831 1815 1904 fuerat,
1874 1833 2033 1908 quod
2086 1831 2301 1908 Aquae

201 1933 608 2010 significarent
645 1949 792 1991 vera
847 1932 1016 2006 fidei,
1087 1949 1196 1990 nec
1243 1931 1402 2008 quod
1450 1932 1671 2004 omnia,
1738 1949 1894 2007 quae
1941 1932 2103 2008 apud
2144 1932 2299 1993 filios

197 2033 448 2092 Israelis
487 2034 759 2090 instituta
793 2033 1059 2102 fuerunt,
1102 2039 1304 2091 essent
1331 2033 1850 2108 repraesentativa
1877 2031 2301 2108 spiritualium,

196 2133 336 2192 ideo
379 2133 672 2192 credItum
717 2139 842 2207 est,
899 2132 1060 2208 quod
1097 2149 1206 2208 per
1253 2133 1617 2190 Lavationes
1668 2131 1791 2192 illis
1830 2132 2143 2192 mandatas
2192 2133 2305 2191 ab·-

199 2241 400 2292 stersa
429 2233 650 2292 fuerint
693 2232 810 2290 illis
850 2239 1129 2308 peccata,
1171 2249 1302 2292 cum
1339 2239 1540 2292 tamen
1574 2251 1649 2292 ne
1685 2232 1909 2308 hilum;
1944 2251 2309 2310 repraesen—

195 2332 410 2392 tabant
449 2333 622 2392 modo
659 2331 1130 2408 purificationem
1167 2349 1204 2390 a
1237 2333 1410 2392 malis
1450 2340 1509 2392 et
1546 2332 1715 2392 falsis
1751 2351 1861 2409 per
1892 2350 2039 2392 vera
2070 2333 2210 2392 fidei
2244 2340 2307 2394 et

197 2436 392 2492 vitam
432 2432 760 2490 secundum
798 2432 934 2508 illa,
987 2433 1264 2492 videatur
1297 2436 1361 2492 iu
1402 2435 1681 2492 Auctmls
1719 2431 2163 2503 Connusnmm,
2231 2451 2307 2492 n:

203 2533 422 2591 3147.
457 2531 664 2588 5954.
709 2534 962 2592 10237.
1005 2535 1264 2593 10240.
1315 2534 1409 2592 Ex
1452 2533 1548 2592 his
1601 2549 1757 2591 nunc
1787 2538 1979 2609 patet,
2012 2531 2307 2611 quodper

198 2647 410 2692 vocem
423 2675 438 2704 ,
479 2647 662 2708 -quae
719 2629 886 2690 sieut
947 2650 1068 2692 voa:
1119 2651 1433 2711 aquarum
1484 2629 1835 2692 multarum
1851 2676 1871 2706 ,
1939 2631 2305 2706 intelligatur

195 2732 490 2792 Divinum
529 2729 784 2804 Verum3
838 2737 902 2788 ut
935 2749 1170 2808 quoque
1210 2733 1373 2810 apud
1406 2732 1787 2791 Ezechielem
1830 2729 2043 2805 „Ecce
2072 2727 2305 2790 Gloria

195 2831 342 2894 Dei
362 2827 646 2892 Israelis
679 2829 847 2892 venit
879 2851 921 2891 a
951 2832 1060 2892 via
1097 2833 1391 2906 mentis,
1431 2837 1503 2918 ,et
1541 2850 1665 2892 vox
1702 2831 1929 2912 Ipsius
1968 2829 2135 2890 sicut
2174 2849 2299 2892 vom

193 2951 512 3012 aquarum
550 2927 903 2991 multarum
914 2976 932 3006 ,
987 2937 1048 2992 et
1103 2937 1276 2994 terra
1317 2929 1655 2994 illustrata
1694 2951 1737 2994 a
1772 2930 1989 3012 ¹qlom'a
2021 2930 2295 3011 Ipsius«

196 3033 438 3094 XLIII:
497 3035 558 3090 2.
610 3031 773 3106 apud
809 3032 1108 3092 Davidem
1155 3079 1190 3108 „
1215 3031 1355 3095 Voce
1390 3031 1662 3094 Jehovae
1696 3051 1887 3112 super
1910 3031 2137 3111 Aquis,
2187 3029 2301 3092 Je-

202 3130 408 3192 hovah
457 3149 646 3208 cuper
692 3129 902 3209 Aquis
941 3129 1214 3192 multis“
1274 3133 1508 3192 Psalrn:
1550 3133 1801 3192 XXIX:
1848 3136 1921 3193 3:
1986 3139 2045 3192 et
2092 3135 2153 3191 in
2198 3149 2301 3192 se-

205 3230 524 3306 quentibus
567 3233 629 3287 in
674 3231 1046 3308 Apocalypsi
1089 3232 1389 3307 „Audivi
1437 3251 1642 3293 vocem
1690 3252 1723 3290 e
1771 3230 1950 3294 Coelo
2003 3239 2306 3310 tanquam

200 3347 412 3390 vocem
447 3347 756 3408 aquarum
791 3328 1192 3392 multarum“
1239 3333 1423 3393 XIV:
1478 3338 1535 3392 2.
1618 3332 1755 3392 Scio
1770 3378 1787 3407 ,
1842 3334 2001 3410 quod
2036 3334 2307 3392 miraturi

191 3432 320 3490 sint
357 3430 624 3506 quidam,
667 3449 852 3507 quare
888 3434 949 3490 in
975 3429 1176 3492 Verbo
1203 3435 1417 3508 Aquae
1444 3436 1845 3509 nominantur,
1903 3441 1962 3492 et
1997 3450 2117 3492 non
2153 3449 2307 3492 vera

193 3530 368 3605 fidoi,
407 3547 544 3589 cum
581 3537 783 3590 tamen
813 3530 1088 3590 Verbum
1129 3533 1369 3592 docebit
1401 3533 1699 3592 hominem
1741 3533 1813 3593 de
1854 3536 1977 3592 vita
2010 3530 2310 3608 spirituali

193 3631 362 3708 ejus3
419 3637 480 3690 et
517 3633 572 3689 si
621 3648 768 3690 vera
799 3631 940 3691 fidei
970 3631 1105 3690 loco
1149 3648 1449 3709 aquarum·
1488 3633 1647 3693 dicta
1693 3633 1977 3707 fuissent,
2028 3632 2309 3690 scivisset

190 3731 374 3790 homo
407 3731 569 3807 quod
607 3749 728 3789 non
764 3749 958 3808 aquae
993 3732 1277 3808 baptismi
1314 3739 1376 3790 et
1408 3732 1777 3793 lavationum
1814 3731 2039 3809 aliquid
2073 3730 2150 3790 ad
2185 3748 2304 3807 pu-

193 3831 594 3891 rificationem
643 3831 900 3890 hominis
947 3848 984 3890 a
1029 3833 1202 3892 malis
1257 3839 1316 3892 et
1370 3833 1539 3893 falsis
1574 3835 1891 3909 fecissent3
1947 3831 2055 3892 sed
2102 3833 2303 3890 scien-

193 3931 342 3990 dum
369 3938 496 4007 est,
555 3931 715 4010 quod
755 3931 1052 4007 Verbum,
1093 3941 1160 3992 ut
1195 3933 1483 3993 Divinum
1522 3937 1629 4008 sit,
1675 3940 1735 3992 et
1772 3932 1948 3993 simul
1974 3951 2083 4010 pro
2124 3931 2307 3991 Coelo

195 4036 260 4092 et
294 4049 408 4108 pro
445 4031 742 4105 Ecclesia,
785 4035 1020 4092 omnino
1057 4033 1329 4092 naturale
1360 4035 1473 4093 erit
1510 4037 1573 4090 in
1604 4033 1812 4108 litera,
1862 4051 2000 4094 nam
2046 4034 2159 4092 nisi
2192 4051 2305 4090 na·-

193 4131 391 4192 turale
448 4138 616 4191 esset
662 4134 724 4189 in
771 4131 976 4204 litera,
1031 4151 1148 4192 non
1196 4135 1350 4193 foret
1394 4149 1507 4210 per
1551 4132 1703 4192 illud
1754 4134 2089 4210 conjunctio
2140 4131 2309 4192 Coeli

191 4247 328 4292 cum
363 4231 668 4308 Ecclesia,
715 4231 868 4296 foret
907 4235 1068 4296 enim
1095 4235 1254 4294 sicut
1287 4232 1499 4294 domus
1529 4233 1759 4320 absque
1794 4217 2207 4322 fundamenti),
2248 4237 2311 4302 cg
