2700 4792
309 357 554 416 CAPUT
596 357 940 416 TERTIUM.
1522 359 1738 416 VERS:
1790 371 1882 424 10.
1929 373 2021 425 11.
2176 375 2285 428 333

169 520 292 580 iicet
329 518 496 596 qnod
531 519 794 578 vixerint
847 515 1178 576 secundum
1228 524 1559 594 praecepta
1606 518 1879 595 Domini,
1942 528 2177 582 constat
2212 543 2287 586 ex

169 619 602 696 significatione
667 633 912 676 servare
973 615 1224 674 verbum
1259 617 1531 693 Domini,
1590 620 1748 696 quod
1801 622 1879 680 sit
1926 624 2131 684 vivere
2179 641 2283 686 se·-

173 719 420 778 cundum
459 724 794 794 praecepta
826 716 1060 792 IpsiuS,
1115 716 1365 776 verbum
1402 720 1557 777 enim
1616 727 1707 779 est
1740 729 2169 798 praeceptum,
2224 732 2286 786 et

171 836 402 879 servare
443 819 506 876 id
545 825 638 877 est
663 819 898 876 vivere:
937 815 1265 875 secundum
1297 818 1550 878 verbum
1586 819 1941 881 tolerantiae
1972 822 2184 882 dicitur
2210 841 2285 885 ex

169 920 582 995 permanentia
627 920 688 974 in
738 935 839 990 eo,
894 922 1138 991 praeter
1175 916 1336 992 quod
1370 917 1763 995 defatigetur:
1816 922 1876 978 in
1912 921 2285 999 Apocalypsi

172 1020 486 1095 aliquoties
525 1017 740 1076 dicitur
775 1015 1094 1075 tolerantia
1113 1059 1130 1089 ,
1188 1021 1248 1074 et
1283 1033 1418 1074 cum
1454 1017 1667 1078 dicitur
1700 1019 1994 1094 significat
2026 1021 2086 1080 id
2124 1023 2286 1096 quod

173 1117 510 1195 applicatur
541 1119 739 1191 vitae,
793 1121 884 1214 111ο
897 1131 1133 1191 quoque
1163 1131 1348 1191 snpra
1383 1135 1455 1174 n:
1501 1120 1611 1176 98.
1658 1139 1665 1144 ·

314 1220 401 1276 21
425 1217 462 1277 5
482 1261 495 1274 .
547 1216 626 1274 Et
659 1217 788 1293 Ego
823 1222 886 1273 te
914 1214 1172 1274 servabo
1206 1217 1267 1272 in
1301 1216 1451 1274 hora
1478 1219 1815 1278 tentationis
1850 1218 2087 1279 futurae
2111 1221 2285 1280 veni-

171 1333 230 1377 re
261 1333 454 1393 super
492 1314 696 1376 orbem
735 1319 1110 1384 universum,
1163 1314 1479 1391 explorare
1512 1317 1851 1378 habitantes
1886 1335 2071 1395 super
2104 1326 2285 1393 terra,

174 1417 320 1494 quod
355 1415 662 1492 significet
694 1423 932 1492 tempus
983 1415 1176 1473 ultimi
1210 1415 1435 1475 ,Iudicii
1480 1418 1717 1499 quando
1766 1418 2045 1478 visitandi
2082 1422 2183 1494 qui
2222 1422 2287 1478 in

174 1515 344 1577 Coelo
373 1518 600 1593 priori,
641 1516 798 1592 quod
840 1515 929 1574 illi
963 1521 1106 1574 tunc
1134 1514 1449 1590 salvandi,
1492 1525 1725 1576 constat
1752 1535 1829 1577 ex
1856 1518 2285 1595 significatione

171 1616 348 1676 horae
384 1617 742 1675 tentationis
781 1621 1070 1676 venturae
1115 1629 1299 1691 super
1333 1617 1677 1676 universum
1726 1618 1959 1692 orbem,
2012 1618 2172 1694 quod
2206 1620 2287 1678 sit

169 1723 402 1793 tempus
433 1715 630 1774 ultimi
655 1713 897 1784 Judicii,
933 1720 994 1773 et
1031 1729 1105 1773 ex
1142 1714 1571 1791 significatione
1600 1717 1917 1795 explorare
1944 1717 2283 1778 habitantes

169 1833 346 1893 super
389 1821 588 1889 terra,
634 1817 792 1890 quod
834 1818 914 1874 sit
955 1815 1216 1872 visitatio
1261 1830 1448 1890 super
1472 1815 1609 1876 illos
1648 1820 1750 1894 qui
1786 1820 1845 1876 in
1869 1820 2055 1894 priori
2082 1817 2285 1891 Coelo,

173 1918 322 1993 quod
367 1923 518 1974 tunc
561 1915 648 1972 illi
699 1919 803 1992 qui
849 1917 911 1972 in
949 1913 1066 1972 fide
1117 1931 1192 1972 ex
1237 1914 1525 1975 charitate
1575 1926 1744 1992 sunt,
1812 1918 1886 1976 de
1928 1918 2145 1993 quibus
2187 1918 2283 1978 hic
2322 1918 2482 1980 [222]

175 2020 396 2092 agitur,
447 2013 872 2085 salvabuntur,
923 2013 1274 2090 intelligitur
1323 2031 1435 2090 per
1474 2015 1602 2092 Ego
1651 2025 1711 2077 te
1768 2018 2056 2077 servabo:
2124 2018 2283 2094 quod

173 2116 314 2175 haec
355 2116 434 2174 de
476 2113 699 2175 Ultimo
741 2115 982 2175 Judicio
1027 2113 1186 2172 dicta
1221 2115 1377 2186 sint,
1428 2123 1628 2190 patet,
1696 2133 1834 2176 nam
1885 2117 2099 2178 dicitur
2134 2117 2285 2176 hora

173 2216 512 2275 tentationis
551 2220 840 2275 venturae
885 2230 1070 2288 super
1105 2213 1310 2273 orbem
1351 2216 1701 2274 universum
1715 2261 1733 2291 ,
1776 2234 1957 2292 quum
1998 2217 2280 2294 explora-

175 2315 390 2374 buntur
429 2313 770 2374 habitantes
815 2332 1000 2391 super
1041 2319 1234 2372 terra:
1291 2314 1401 2374 sed
1428 2317 1569 2390 quia
1596 2321 1793 2374 actum
1824 2322 1917 2375 est
1955 2317 2029 2376 de
2056 2315 2281 2378 Ultimo

176 2413 448 2484 Judicio,
497 2431 568 2474 ac
610 2415 684 2474 de
735 2416 932 2474 Priori
974 2412 1155 2474 Coelo
1199 2419 1260 2472 et
1299 2415 1431 2491 ejus
1472 2414 1821 2490 abolitione,
1876 2421 1935 2474 et
1990 2415 2065 2475 de
2108 2416 2279 2476 Novo

181 2514 364 2573 Coelo
409 2521 466 2571 et
501 2515 628 2590 ejus
672 2514 1054 2588 formatione,
1097 2516 1162 2574 in
1191 2512 1515 2590 opusculis
1557 2515 1631 2573 de
1660 2513 1903 2576 Unrmo
1930 2513 2178 2574 Jumcro
2216 2522 2280 2574 et

180 2613 256 2672 110
301 2613 471 2672 Nova
505 2614 978 2688 Hmnosomm‚
1019 2621 1080 2672 et
1115 2613 1190 2672 de
1229 2614 1441 2673 iisdem
1478 2614 1729 2674 ulterius
1760 2613 2055 2690 agendum
2084 2620 2179 2672 est
2217 2616 2279 2672 in

181 2711 562 2791 sequentibus
583 2757 600 2787 ,
654 2715 1024 2790 praeteritur
1058 2713 1156 2773 hic
1191 2713 1450 2789 amplius
1486 2714 1591 2772 illa
1630 2714 1819 2774 verba
1854 2712 2173 2790 explicare.

274 2817 357 2873 21
377 2817 438 2872 6.
509 2813 666 2873 Εο00
713 2816 890 2873 venio
929 2816 1076 2887 cito,
1135 2814 1297 2890 quod
1345 2814 1641 2890 significet
1690 2814 1849 2891 quod
1895 2813 2009 2872 hoc
2050 2817 2281 2874 certum

177 2916 276 2988 sit,
317 2920 556 2973 constat
583 2929 657 2972 ex
685 2914 1115 2990 significatione
1151 2915 1298 2988 cito,
1347 2915 1509 2990 quod
1548 2915 1625 2972 sit
1654 2923 1879 2974 certum
1916 2919 1977 2973 et
2013 2912 2279 2990 plenum,

177 3012 244 3072 de
277 3033 400 3091 qua
456 3030 644 3090 supra
700 3031 770 3072 n:
821 3019 892 3072 7:
936 3014 1096 3090 quod
1135 3015 1250 3072 cito
1291 3015 1587 3089 significet
1630 3021 1858 3074 certum
1910 3019 1970 3073 et
2012 3013 2279 3091 plenum,

179 3119 262 3171 est
309 3116 454 3190 quia
503 3121 739 3190 tempus
783 3121 842 3173 et
875 3115 1074 3174 omnia
1125 3129 1281 3189 quae
1335 3120 1479 3172 sunt
1514 3117 1801 3190 temporis
1842 3117 1903 3174 111
1938 3113 2141 3173 Verbo
2188 3116 2275 3174 si-

179 3215 448 3288 gnificant
509 3221 734 3289 status,
805 3219 866 3272 et
916 3215 1052 3273 inde
1109 3215 1226 3271 cito
1291 3219 1353 3272 et
1406 3215 1619 3272 festino
1675 3223 1895 3275 statum
1950 3213 2277 3274 affectionis

181 3318 234 3370 01
279 3313 416 3372 inde
487 3313 860 3390 cogitationis
919 3319 1330 3391 praesentem,
1415 3314 1552 3373 inde
1604 3322 1833 3374 certum
1887 3320 1947 3375 et
2000 3314 2275 3390 plenum:

182 3413 332 3486 quod
368 3419 608 3491 tempus
653 3419 714 3473 et
751 3415 947 3472 omnia
989 3414 1276 3488 temporis
1329 3415 1840 3491 correspondeant
1876 3413 2161 3485 statibus,
2216 3419 2279 3470 et

177 3511 306 3572 inde
359 3513 697 3590 significent
721 3512 884 3588 illoS,
927 3514 1205 3573 videatur
1243 3514 1302 3572 in
1333 3511 1535 3590 Opere
1566 3514 1641 3572 de
1672 3513 1873 3573 001110
1894 3528 1975 3570 111*
2001 3511 2277 3568 Ins-narro

176 3627 238 3669 n:
287 3616 426 3672 162
478 3613 556 3671 ad
601 3614 776 3689 1693
833 3621 892 3672 et
938 3612 1097 3690 quod
1135 3614 1250 3671 cito
1289 3614 1583 3690 significet
1626 3614 1943 3672 excitatum
1988 3608 2065 3667 ab
2090 3607 2276 3668 affec·-

175 3712 324 3772 tione
351 3758 368 3787 ,
445 3716 560 3772 ita.
595 3728 886 3789 praesens
953 3720 1014 3774 et
1075 3718 1334 3786 certum,
1402 3715 1464 3770 111
1526 3711 1803 3776 Alienus
1860 3708 2276 3768 consumas

175 3825 236 3870 n:
284 3815 496 3874 7695.
544 3815 754 3874 7866.

324 3917 408 3971 21
429 3919 488 3972 7.
538 3913 754 3974 Retine
795 3914 956 3989 quod
992 3913 1180 3974 habes
1198 3957 1215 3988 ,
1275 3910 1435 3988 quod
1470 3908 1764 3986 significet
1804 3905 2277 3984 permanentiam

178 4010 230 4068 in
268 4018 430 4071 statu
475 4012 617 4073 fidei
665 4031 739 4073 ex
779 4011 1070 4074 charitate
1128 4029 1326 4090 usque
1375 4009 1453 4070 ad
1500 4009 1709 4084 finem,
1768 4011 2001 4068 constat
2044 4022 2119 4067 ex
2156 4004 2279 4077 illis

175 4127 324 4186 quae
363 4129 550 4189 supra
585 4132 656 4173 n:
709 4118 738 4172 l
760 4119 790 4172 7
809 4116 844 4173 3
891 4114 1050 4172 dicta
1093 4120 1234 4175 sunt
1250 4156 1266 4186 ‚
1323 4111 1428 4169 ubi
1466 4108 1699 4169 similia.

323 4216 360 4272 2
378 4216 405 4271 1
424 4216 486 4272 8.
559 4213 642 4274 Ut
679 4231 854 4274 nemo
893 4215 1153 4291 accipiat
1179 4229 1460 4272 coronam
1500 4217 1683 4282 tuam,
1732 4207 1923 4286 [quod
1964 4209 2277 4287 significet,
