2700 4792
1769 155 1801 192 2.

362 346 600 404 CAPUT
633 346 1006 415 QUARTUM.
1713 347 1923 403 VERS:
1969 357 2057 408 11.
2214 356 2323 409 515

177 507 492 580 tellecta,
527 523 598 565 n:
631 509 722 568 28
759 505 838 564 ad
873 506 983 564 35.
1037 503 1196 581 Quia
1227 505 1509 566 voluntas
1540 504 1799 564 hominis
1838 512 1933 566 est
1972 521 2139 564 amor
2172 505 2322 582 ejus,

181 617 260 671 et
301 606 608 667 Voluntas
643 605 762 666 Dei
797 614 893 665 est
924 603 1180 665 Divinus
1215 605 1429 680 Amor,
1486 612 1761 665 constare
1796 612 2034 685 potest,
2090 606 2235 682 quid
2266 608 2328 664 in

180 706 513 788 spirituali
547 723 732 766 sensu
763 706 1112 782 intelligitur
1144 723 1256 782 per
1289 706 1490 766 facere
1528 705 1914 766 Voluntatem
1949 707 2067 765 Dei
2102 711 2161 766 et
2196 704 2327 768 Vo-

179 811 507 870 luntatem
539 805 768 875 PatriS,
821 806 982 883 quod
1025 823 1240 883 nempe
1287 809 1367 865 sit
1414 823 1613 866 amare
1648 807 1847 866 Deum
1901 823 2088 884 supra
2130 807 2329 864 omnia

183 916 262 971 et
301 907 648 986 proximum
683 907 840 966 sieut
873 909 1172 984 seipsum,
1213 912 1274 966 et
1303 898 1451 984 'quia
1486 923 1687 965 amare
1725 912 1820 965 est
1852 907 2013 966 velle
2048 908 2133 964 ita
2174 922 2329 981 quo-

183 1025 330 1088 que
365 1013 462 1066 est
495 1007 726 1081 faeere,
765 1008 926 1083 quod
961 1008 1118 1066 enim
1150 1005 1326 1067 homo
1366 1013 1527 1065 amat
1561 1006 1674 1065 hoe
1701 1005 1861 1081 vult,
1901 1014 1969 1066 et
2004 1006 2164 1082 quod
2195 1004 2329 1062 vult

187 1111 398 1171 etiam
431 1107 606 1183 facit,
660 1105 798 1166 inde
832 1124 944 1184 per
977 1108 1178 1166 facere
1212 1105 1603 1166 Voluntatem
1634 1105 1751 1165 Dei
1796 1123 1907 1167 seu
1944 1107 2140 1166 Patris
2162 1149 2180 1174 ,
2232 1107 2326 1162 in-

185 1208 502 1284 telligitur
545 1206 746 1267 facere
791 1212 1150 1284 praecepta,
1199 1223 1310 1266 seu
1359 1211 1565 1267 vivere
1600 1207 1927 1266 secundum
1976 1207 2081 1266 illa
2118 1224 2191 1264 ex
2230 1205 2323 1263 af-

185 1309 470 1370 fectione
503 1309 724 1366 amoris
770 1324 882 1367 seu
917 1308 1256 1383 eharitatis3
1309 1308 1463 1368 haee
1498 1305 1909 1383 intelliguntur
1943 1325 2055 1384 per
2089 1306 2323 1365 Volun-

185 1414 398 1469 tatem
423 1407 544 1467 Dei
579 1412 639 1467 et
671 1408 868 1468 Patris
903 1410 966 1467 in
999 1408 1394 1483 sequentibus
1429 1408 1522 1467 his
1566 1407 1749 1482 locis3
1789 1408 1949 1484 apud
1985 1406 2323 1467 Johannem

191 1507 454 1586 „Deus
487 1512 848 1586 peccatores
898 1527 1024 1568 non
1057 1506 1277 1578 audit,
1330 1506 1444 1567 sed
1482 1506 1544 1565 si
1580 1506 1727 1584 quis
1768 1505 1919 1568 colit
1958 1505 2209 1577 Dea-m,
2264 1509 2326 1563 et

205 1605 626 1673 Voluntatem
663 1605 888 1687 Ipsius
914 1606 1114 1689 facit,
1168 1606 1334 1670 huno
1364 1606 1600 1668 ιηκίἰία
1655 1607 1769 1666 IX:
1814 1610 1925 1668 31:
1966 1606 2126 1682 apud
2162 1607 2321 1665 Mat-

189 1711 454 1769 thaeum
481 1750 520 1782 „
531 1705 804 1774 Faciem
835 1705 1234 1772 Voluntatem
1258 1707 1493 1770 Patris
1518 1707 1630 1786 qui
1654 1712 1748 1768 est
1774 1706 1843 1768 in
1863 1705 2086 1781 Coeli-9,
2117 1706 2327 1767 intra-

189 1807 302 1870 hit
334 1808 406 1869 in
441 1807 740 1888 Reynum
767 1806 1093 1870 Coelorum
1112 1832 1131 1870 .·
1166 1828 1292 1871 non
1315 1809 1523 1870 omni-s·
1560 1806 1774 1870 dicens
1801 1807 1998 1879 Mihi,
2025 1805 2325 1878 Domine,

197 1907 514 1979 Domine,
549 1907 815 1969 intrabit
847 1908 918 1969 in
955 1909 1254 1988 Reynum
1283 1907 1610 1970 Ooelorum
1624 1953 1641 1978 ‚
1694 1907 1805 1970 sed
1844 1908 1957 1988 qui
1980 1907 2155 1988 facit
2202 1903 2327 1969 Vo-

201 2006 763 2070 luntatemPatris
805 2009 940 2085 Qui
973 2015 1066 2069 est
1104 2010 1170 2070 in
1203 2007 1456 2071 C‘oelis“
1504 2009 1658 2068 VII:
1702 2015 1812 2068 21:
1863 2010 2024 2085 apud
2058 2008 2328 2066 Eundem
2369 2013 2527 2074 [340]

206 2152 252 2183 „
278 2106 504 2171 Veniat
538 2108 836 2188 Reynum
891 2114 1099 2184 tuum,
1141 2110 1271 2190 fiat
1322 2107 1633 2172 Voluntas
1668 2113 1800 2183 tua,
1838 2106 2005 2168 sieut
2044 2107 2115 2168 in
2152 2103 2333 2166 Coelo

216 2209 326 2268 ita
357 2209 427 2268 in
461 2211 679 2270 terra‘f
719 2209 825 2269 VI:
873 2213 900 2267 1
921 2212 980 2268 0:
1021 2210 1184 2286 apud
1218 2209 1490 2268 Eundem
1531 2206 1731 2280 „Non
1758 2212 1853 2268 est
1892 2205 2203 2270 Voluntas
2228 2223 2331 2266 σο-

209 2323 361 2369 ram
391 2305 624 2390 Patre,
680 2313 752 2371 nt
776 2314 998 2389 pereat
1035 2328 1202 2370 unus
1233 2308 1312 2369 de
1339 2302 1615 2388 pusillis
1626 2309 1663 2339 “
1700 2307 1949 2368 XVIII:
1996 2312 2024 2365 1
2042 2312 2117 2384 43
2175 2307 2335 2384 quod

208 2406 492 2470 voluntas
525 2409 728 2487 Ipsius
766 2428 840 2469 ne
874 2415 1088 2486 pereat
1121 2425 1278 2468 unus
1317 2395 1410 2466 rde
1446 2405 1719 2484 pusillis,
1774 2409 1853 2466 sit
1890 2424 2073 2479 amor,
2128 2413 2329 2482 patet:

205 2507 488 2568 voluntas
525 2510 724 2570 Patris
756 2510 1006 2581 dicitur,
1059 2512 1206 2587 quia
1237 2527 1349 2587 per
1383 2509 1627 2569 Patrem
1657 2507 2009 2584 intelligitur
2044 2506 2335 2565 Divinum

205 2610 476 2670 Bonum:
516 2610 678 2687 apud
703 2611 745 2670 J
749 2609 1043 2670 ohannem
1078 2608 1206 2686 „Si
1229 2607 1605 2670 manseritis
1631 2607 1701 2669 in
1724 2605 1848 2681 Me,
1891 2610 1951 2666 et
1978 2605 2163 2666 verba
2192 2621 2333 2665 mea

203 2709 282 2772 in
333 2710 508 2772 vobis
565 2709 945 2784 manserint,
1020 2710 1322 2790 quiequid
1372 2706 1733 2782 volueritiS,
1775 2704 2049 2786 petatis,
2114 2710 2174 2765 et
2212 2705 2331 2786 fiet

201 2810 432 2894 vobis“
481 2811 623 2872 XV:
669 2817 701 2870 7
711 2833 726 2887 3
783 2810 944 2888 quod
977 2811 1080 2869 fiet
1126 2811 1245 2869 illis
1283 2808 1565 2886 quicquid
1600 2807 1813 2870 volunt
1852 2813 1913 2866 et
1947 2811 2191 2883 petunt,
2228 2807 2333 2880 qui

199 2919 452 2971 manent
511 2914 569 2971 in
613 2912 902 2984 Domino,
959 2917 1020 2968 et
1077 2912 1138 2968 in
1175 2908 1391 2987 quibus
1436 2907 1624 2968 verba
1664 2908 1867 2984 Ipsius
1912 2911 2181 2981 manent,
2236 2911 2331 2965 est

199 3014 353 3091 quia
386 3020 524 3072 tunc
559 3029 679 3072 non
713 3011 876 3072 aliud
907 3011 1116 3071 volunt
1150 3028 1328 3085 quam
1366 3009 1527 3086 quod
1550 3009 1843 3068 Dominus
1872 3009 1973 3068 dat
2006 3005 2123 3065 illis
2151 3007 2327 3082 velle,

199 3119 274 3174 et
305 3112 420 3174 hoe
458 3119 550 3174 est
583 3114 832 3187 bonum,
891 3118 952 3171 et
984 3111 1207 3170 bonum
1261 3115 1357 3170 est
1394 3109 1471 3168 ab
1504 3109 1666 3186 Ipso.
1755 3109 2050 3168 Voluntas
2087 3108 2332 3167 Domini

197 3220 464 3275 vocatur
495 3214 950 3290 Beneplacitum
985 3212 1185 3287 Ipsius
1222 3213 1284 3270 in
1312 3210 1524 3270 Veteri
1561 3211 1967 3281 Testamento,
2008 3216 2067 3268 et
2100 3211 2333 3286 pariter

195 3314 506 3390 signifieat
547 3313 834 3372 Divinum
867 3313 1181 3386 Amorem,
1239 3318 1300 3370 et
1337 3311 1539 3369 faeere
1593 3311 1747 3371 illud
1795 3328 1906 3370 seu
1944 3309 2333 3368 Voluntatem

196 3415 414 3489 Ipsius
449 3410 746 3488 significat
781 3429 982 3471 amare
1017 3411 1217 3472 Deum
1251 3417 1310 3468 et
1346 3413 1718 3487 proximum,
1751 3413 1837 3470 ita
1872 3410 2077 3468 vivere
2106 3408 2331 3467 secun-

199 3515 350 3575 dum
375 3511 976 3587 praeceptaDomini,
1011 3514 1289 3587 quoniam
1316 3511 1431 3569 hoc
1462 3517 1555 3568 est
1584 3510 2003 3569 amarevDeum
2036 3513 2097 3565 et
2120 3507 2330 3582 proxi-

199 3630 389 3687 mum,
419 3618 488 3683 „et
523 3612 800 3686 quoniam
833 3610 947 3668 hoo
977 3609 1288 3671 descendit
1324 3628 1398 3670 ex
1438 3626 1641 3688 amm-‚e
1668 3591 1924 3681 Domini,
1962 3623 2135 3666 nemo
2174 3607 2332 3665 enim

205 3719 414 3792 potest
449 3727 648 3772 amare
673 3709 994 3770 Dominum
1025 3717 1086 3770 et
1110 3713 1451 3786 proximum
1487 3709 1603 3767 nisi
1631 3726 1704 3767 ex
1732 3709 2007 3782 Domino,
2050 3713 2147 3767 est
2174 3707 2332 3764 enim

206 3813 270 3871 id
303 3815 500 3889 ipsum
537 3811 756 3870 boumn
790 3810 1038 3884 homini,
1080 3817 1140 3869 et
1163 3827 1338 3869 omne
1373 3808 1593 3867 bonum
1632 3814 1725 3868 est
1758 3825 1795 3866 a
1821 3808 2111 3867 Domino:
2172 3807 2333 3883 quod

208 3913 671 3990 Beneplacitum
705 3908 808 3971 illa
842 3909 1165 3986 significet,
1204 3916 1375 3986 patet
1413 3909 1489 3967 ab
1522 3909 1616 3968 his
1659 3907 1836 3984 locis;
1892 3907 2053 3985 apud
2086 3905 2332 3983 Esajam

213 4009 345 4085 „In
377 4011 483 4073 ira
525 4030 664 4074 mea
691 4009 988 4094 percus-32·
1027 4016 1112 4085 te,
1151 4009 1264 4072 sed
1301 4010 1373 4072 in
1396 4005 1807 4090 Beneplaoito
1858 4027 1991 4068 meo
2030 4006 2337 4069 misertus

210 4128 356 4172 sum
381 4111 528 4173 ταῦ(
564 4113 697 4175 LX:
734 4117 842 4190 103
879 4115 939 4172 in
971 4115 1063 4172 ira
1085 4120 1436 4189 percutere,
1471 4111 1763 4188 significat
1795 4097 2181 4170 tentationem
2198 4129 2214 4185 3
2268 4110 2329 4166 in

185 4208 600 4288 Beneplaoito
624 4217 912 4292 misereri,
945 4213 1238 4293 significat
1263 4213 1674 4274 liberationem
1704 4229 1780 4272 ex
1808 4227 2027 4286 amore,
2059 4209 2331 4270 misereri
