2700 4792
387 355 624 418 CAPUT
665 353 1030 422 QUARTUM.
1872 363 1877 368 ’
2231 371 2346 430 439

229 508 516 580 habens
580 506 850 580 faciem
915 507 1108 578 sicut
1159 501 1437 598 Homo}
1516 521 1592 578 et
1654 523 1993 602 quartum
2058 508 2345 580 Animal

229 608 467 681 simile
519 607 836 705 Aquilae
887 607 1188 680 volanti.

387 725 452 789 8.
505 711 601 780 Et
653 724 970 806 quatuor
1001 703 1399 794 Animalia,
1456 706 1743 804 singula
1792 733 1927 806 per
1960 732 2065 795 se,
2120 709 2343 782 habe-

227 809 409 882 bant
459 809 612 881 alas
666 835 791 880 sex
856 810 934 879 in
984 809 1342 894 circuitu,
1398 824 1475 878 et
1544 807 1743 879 intus
1806 808 2070 907 plenae
2134 829 2343 882 erant

229 910 502 998 oculiS,
571 927 646 982 et
719 911 1050 1006 requiem
1113 934 1270 980 non
1336 905 1707 980 habebant
1768 909 1889 980 die
1954 926 2029 980 et
2090 927 2337 998 nocte,

231 1011 554 1083 dicentia
591 1011 931 1097 Sanctus,
989 1009 1328 1095 Sanctus,
1387 1009 1701 1080 Sanctus
1746 1011 2103 1082 Dominus
2140 1012 2339 1082 Deus

229 1113 738 1210 OmnipotenS,
795 1111 938 1209 Qui
991 1127 1140 1181 erat
1190 1126 1266 1181 et
1313 1109 1461 1206 Qui
1509 1128 1623 1181 est
1672 1128 1748 1181 et
1792 1111 1937 1209 Qui
1970 1128 2336 1184 venturus.

387 1229 452 1293 9.
515 1214 610 1284 Et
661 1238 828 1283 cum
881 1210 1244 1282 dederunt
1293 1209 1658 1282 Animalia
1708 1210 2013 1306 gloriam
2080 1231 2156 1284 et
2206 1213 2341 1284 ho-

225 1337 482 1384 norem
507 1365 528 1402 ,
629 1331 701 1384 et
789 1312 1178 1410 gratiarum
1269 1311 1637 1382 actionem
1724 1311 2029 1383 Sedenti
2123 1339 2344 1411 super

227 1415 568 1500 Thron0,
634 1413 929 1487 Viventi
983 1413 1062 1482 in
1113 1410 1407 1482 saecula
1460 1411 1953 1498 saeculorum,

384 1531 496 1593 10.
566 1513 1057 1586 Procidebant
1131 1513 1389 1608 viginti
1454 1528 1529 1581 et
1608 1529 1926 1608 quatuor
1990 1512 2337 1582 Seniores

226 1641 474 1687 eoram
511 1614 822 1686 Sedente
877 1638 1098 1711 super
1143 1613 1471 1700 Thr-ono,
1526 1630 1601 1684 et
1634 1611 2037 1684 adorabant
2073 1613 2337 1684 Viven-

227 1734 371 1788 tem
427 1717 497 1786 in
541 1714 832 1786 saecula
870 1712 1351 1800 saeculorum,
1408 1730 1483 1784 et
1535 1713 1988 1813 abjiciebant
2026 1739 2337 1786 coronas

227 1843 392 1890 suas
447 1841 698 1888 coram
747 1815 1055 1886 'Phrone
1065 1867 1086 1900 ,
1141 1813 1505 1902 dicentes,

378 1935 493 1996 11.
549 1916 832 2013 Dignus
885 1939 964 1985 es
1001 1915 1314 1985 Domine
1364 1916 1701 2014 accipere
1739 1913 2048 2011 gloriam
2099 1932 2173 1986 et
2209 1915 2339 1985 ho-

221 2043 481 2090 norem
551 2033 626 2087 et
675 2031 1155 2114 potestatem,
1213 2016 1388 2112 quia
1441 2019 1557 2086 'I'u
1609 2017 1874 2086 creasti
1932 2017 2209 2102 omnia,
2264 2031 2341 2086 et

224 2143 358 2217 per
409 2116 856 2190 voluntatem
909 2133 1108 2188 tuam
1159 2133 1330 2187 sunt
1380 2132 1489 2186 et·
1508 2133 1749 2186 creata
1802 2133 1997 2186 sunt.

777 2373 1757 2436 EXPLIGATIO.

390 2521 547 2578 258.
600 2520 798 2598 Supra
831 2539 907 2580 n:
953 2523 986 2580 5
1028 2520 1363 2580 indicatum
1398 2527 1493 2580 est
1528 2519 1685 2595 quod
1720 2521 1782 2578 in
1816 2519 1997 2581 Libro
2030 2521 2146 2580 hoc
2181 2522 2335 2581 Pro-

219 2619 470 2698 phetico
517 2637 622 2678 non
686 2627 900 2698 agatur
952 2621 1028 2680 de
1085 2623 1447 2680 successivis
1494 2620 1751 2680 statibus
1800 2620 2108 2680 Ecclesiae
2160 2620 2337 2680 Chri-

217 2724 456 2782 stianae
484 2739 520 2779 a
545 2724 833 2798 principio
870 2723 1000 2798 ejus
1039 2720 1114 2778 ad
1149 2721 1346 2790 finem,
1385 2724 1541 2781 sicut
1572 2721 1861 2780 hactenus
1896 2727 1991 2780 est
2022 2720 2333 2797 creditum,

216 2822 324 2882 sed
363 2821 524 2897 quod
561 2829 775 2898 agatur
811 2821 884 2880 de
923 2827 1079 2879 statu
1123 2821 1433 2880 Ecclesiae
1484 2829 1543 2880 et
1578 2821 1746 2880 Coeli
1780 2819 2149 2897 temporibus
2185 2820 2331 2879 ulti-

213 2924 359 2993 mis,
411 2922 652 2998 quando
689 2940 904 2981 novum
943 2920 1190 2980 Coelum
1227 2927 1287 2979 et
1319 2939 1481 2981 nova
1516 2922 1731 2995 Terra,
1770 2921 1883 2982 hoc
1920 2927 2049 2992 est,
2096 2921 2333 2997 quando

2376 2375 2536 2435 [2⁹0]

214 3039 374 3084 nova
416 3021 698 3082 Ecclesia
747 3024 809 3081 in
851 3020 1050 3083 Coelis
1100 3028 1162 3080 et
1195 3023 1256 3081 in
1302 3021 1539 3096 Terris,
1593 3023 1677 3080 ita
1726 3022 1963 3098 quando
1998 3022 2305 3082 Judicium
2315 3041 2332 3096 3
2437 3015 2442 3020 ’

210 3139 374 3182 nova
405 3122 684 3182 Ecclesia
732 3124 794 3181 in
841 3122 1042 3182 Coelis
1077 3121 1319 3194 dicitur,
1374 3124 1515 3198 quia
1562 3137 1757 3198 aeque
1804 3123 2081 3182 Ecclesia
2126 3123 2207 3182 ibi
2242 3129 2337 3181 est

213 3241 286 3283 ac
354 3225 418 3281 in
487 3205 664 3282 terris
678 3266 696 3296 ,
793 3222 1068 3282 videatur
1137 3223 1199 3280 in
1273 3221 1477 3298 Opere
1535 3222 1613 3282 de
1674 3221 1877 3284 Cento
1926 3242 2005 3282 nr
2052 3223 2337 3282 Iun-sano

213 3340 279 3382 n:
336 3325 471 3380 221
535 3321 610 3380 ad
664 3325 825 3381 227.
909 3321 1066 3397 Quia
1113 3321 1188 3380 de
1237 3320 1357 3380 illis
1401 3324 1461 3380 in
1509 3322 1623 3382 hoc
1671 3322 1849 3382 Libro
1902 3326 2128 3400 agitur,
2196 3324 2334 3382 ideo

211 3424 272 3482 in
335 3422 540 3481 Primo
603 3421 818 3498 Capite
859 3428 1059 3482 actum
1105 3427 1200 3480 est
1245 3421 1322 3480 de
1376 3421 1633 3482 Domino
1689 3421 1804 3498 Qui
1852 3429 1946 3482 est
1992 3421 2225 3497 Jude13
2274 3428 2337 3481 et

211 3523 274 3581 in
311 3521 598 3582 Secundo
635 3529 694 3580 et
732 3521 938 3581 Tertio
975 3521 1184 3596 Capite
1235 3520 1312 3579 de
1358 3519 1476 3578 illis
1540 3527 1643 3599 qui
1694 3523 1771 3582 ab
1806 3520 2081 3582 Ecclesia
2134 3525 2196 3578 et
2230 3522 2334 3597 qui

209 3639 334 3684 non
385 3620 464 3679 ab
500 3621 806 3697 Ecclesia,
859 3624 946 3682 ita
990 3621 1066 3679 de
1101 3619 1220 3680 illis
1275 3622 1378 3695 qui
1425 3623 1485 3678 in
1536 3625 1718 3698 priori
1754 3622 1937 3684 Coelo
1974 3626 2112 3680 sunt
2170 3621 2333 3697 quod

211 3721 614 3792 abolendum,
667 3729 732 3781 et
765 3722 840 3782 de
875 3722 993 3785 illis
1041 3721 1144 3795 qui
1191 3719 1248 3776 in
1296 3719 1469 3778 Novo
1522 3723 1683 3796 quod
1716 3722 2119 3791 formandum;
2174 3721 2337 3797 quod

211 3840 322 3899 per
357 3828 590 3898 septem
617 3820 941 3895 Ecclesias,
982 3820 1056 3879 de
1093 3818 1308 3894 quibus
1343 3821 1405 3878 in
1439 3818 1559 3878 illis
1595 3821 1749 3881 binis
1788 3823 2097 3901 Capitibus
2132 3829 2333 3882 actum

211 3927 340 3996 est,
397 3920 814 3998 intelligantur
857 3936 1062 3980 omnes
1115 3919 1218 3995 qui
1262 3921 1324 3978 in
1368 3918 1671 3996 Ecclesia,
1729 3927 1789 3980 et
1842 3939 2081 4002 quoque
2137 3925 2335 3983 omnia

214 4021 568 4096 Ecclesiae,
641 4021 920 4082 videatur
968 4037 1108 4080 mox
1159 4035 1346 4096 supra
1408 4037 1482 4078 n:
1537 4022 1677 4080 256
1730 4027 1792 4079 et
1846 4025 2009 4084 257.
2102 4024 2337 4104 InGhoc

211 4120 448 4195 Quarto
485 4121 698 4198 Capite
733 4139 890 4182 nunc
927 4122 1123 4197 agitur
1157 4120 1232 4181 de
1267 4120 1637 4180 ordinatione
1672 4122 1963 4195 omnium,
2012 4125 2335 4202 praecipue

209 4219 282 4278 in
319 4221 556 4296 Cot-lis,
614 4229 754 4282 ante
787 4221 1128 4298 Judicium3
1182 4228 1500 4300 propterea
1537 4221 1813 4284 Thronus
1860 4223 1923 4282 in
1958 4223 2143 4284 Coelo
2178 4241 2337 4282 nunc
