2700 4792
449 379 560 433 242
869 364 1358 420 APOCALYPSIS
1402 363 1836 420 EXPLICATA.
1914 364 1961 432 §-
2006 365 2132 426 Re.

447 527 722 604 Regnum
755 525 876 584 Dei
918 530 1198 600 vocatur3
1265 524 1425 600 quod
1468 528 1555 585 sic
1596 527 1783 584 mixta
1828 527 1947 586 sint
1988 539 2137 586 vera
2180 521 2362 596 161515,
2410 523 2501 582 sed

451 625 610 702 quod
643 641 836 700 usque
873 641 990 684 non
1025 625 1417 699 cohaereant,
1483 626 1835 702 intelligitur
1868 645 1980 704 per
2016 645 2092 686 ea
2124 623 2331 690 verba,
2374 622 2503 698 quod

450 725 657 788 vidisti
713 725 938 784 ferrum
995 727 1238 784 mixtum
1301 742 1439 784 cum
1494 727 1706 802 argilla
1762 728 1903 802 luti,
1974 722 2419 785 commiscebunt
2454 739 2507 781 se

447 844 558 903 per
591 841 799 885 semen
837 825 1121 900 hominis,
1186 825 1295 885 sed
1332 843 1451 884 non
1486 827 1897 886 cohaerebunt
1939 845 2127 886 unum
2162 841 2291 885 cum
2334 822 2507 895 altero,

449 925 948 1006 quemadmodum
986 925 1208 984 ferrum
1256 943 1375 1008 nop
1414 929 1835 986 commiscetur
1878 945 2013 986 cum
2050 924 2284 1003 argilla,
2340 938 2511 981 semen

445 1027 702 1086 hominis
731 1032 826 1084 est
859 1025 1138 1084 Divinum
1177 1024 1402 1085 Verum
1440 1027 1599 1102 quod
1636 1030 1699 1086 in
1726 1027 1949 1098 Verbo,
1986 1027 2147 1104 quod
2174 1040 2369 1084 semen
2396 1019 2514 1079 illud

447 1125 775 1206 significet,
827 1125 1104 1184 videatur
1153 1143 1221 1184 n:
1258 1128 1469 1186 3038.
1505 1129 1717 1187 3373.
1765 1129 2029 1187 10248.
2078 1125 2337 1199 10249;
2388 1119 2513 1198 quod

447 1229 644 1288 Homo
664 1225 985 1285 Dominum
1013 1243 1050 1283 a
1077 1225 1210 1301 Quo
1236 1224 1527 1297 Verbum,
1562 1236 1625 1286 et
1650 1245 1886 1305 quoque
1914 1227 2269 1298 Ecclesiam,
2300 1241 2355 1282 n:
2388 1223 2514 1280 768.

451 1331 666 1387 4287.
713 1329 922 1386 7424.
969 1328 1179 1386 7523.
1225 1327 1436 1385 8547.
1482 1329 1709 1403 92763
1771 1328 1929 1404 quod
1988 1326 2227 1404 Argilla
2258 1322 2412 1400 figuli
2447 1323 2513 1380 51-

449 1428 687 1506 gnificet
721 1425 878 1485 falsa
918 1443 1072 1502 quae
1115 1428 1177 1484 in
1225 1426 1484 1486 naturali
1530 1428 1796 1498 homine,
1860 1426 2144 1488 videatur
2187 1427 2249 1485 in
2284 1439 2407 1484 mox
2435 1437 2513 1480 56-

449 1535 668 1607 quente
707 1526 956 1587 articulo
1001 1545 1072 1586 n:
1119 1530 1148 1585 1
1169 1531 1291 1586 77:
1335 1544 1448 1602 per
1479 1526 1767 1604 Lapidem
1808 1531 2077 1587 excisum
2118 1544 2151 1586 e
2187 1525 2384 1597 Petra,
2432 1523 2514 1598 qui

447 1629 750 1706 percussit
785 1633 1044 1687 statuam
1075 1626 1152 1684 ad
1176 1626 1367 1704 pedes
1396 1627 1549 1704 ejus,
1585 1628 1937 1706 intelligitur
1963 1627 2262 1686 Dominus
2296 1641 2397 1700 per
2426 1621 2513 1680 Di-

447 1733 650 1787 vinum
682 1727 941 1797 Verum,
996 1735 1055 1785 et
1090 1727 1415 1786 destructio
1452 1728 1739 1787 falsorum
1776 1746 1897 1787 non
1935 1727 2376 1787 cohaerentium
2408 1738 2513 1781 cum

2612 449 2633 546 ὃ

447 1830 610 1888 veris
649 1845 724 1885 ex
751 1827 982 1895 Verbo;
1039 1828 1200 1904 quod
1233 1825 1391 1904 lapis
1424 1829 1501 1888 sit
1528 1846 1753 1904 verum,
1806 1837 1867 1888 et
1901 1827 2063 1905 quod
2092 1827 2277 1903 Lapis
2314 1821 2512 1884 Israelis
2629 1833 2631 1885 fl

329 1947 334 1952 ·
450 1929 528 1986 sit
553 1927 844 1986 Dominus
881 1929 1079 2002 quoad
1104 1926 1389 1986 Divinum
1417 1929 1665 2000 Verum,
1710 1929 1985 1988 videatur
2018 1947 2093 1987 n:
2142 1929 2301 1987 643.
2343 1923 2511 1982 1298.

457 2030 668 2087 3720.
732 2029 940 2088 6426.
999 2030 1210 2087 8609.
1259 2028 1531 2104 103765
1604 2030 1877 2089 similiter
1922 2029 2145 2101 Petra,
2215 2045 2284 2085 n:
2336 2023 2507 2082 8581.

461 2128 736 2202 10580,
795 2133 854 2185 et
897 2129 960 2186 in
1009 2126 1318 2204 Opusculo
1372 2128 1447 2187 de
1498 2128 1743 2189 Ummo
1794 2129 2041 2190 Jumcro
2094 2147 2173 2187 n:
2238 2130 2355 2187 57:
2405 2122 2514 2199 quia

447 2228 672 2288 ferrum
723 2226 1016 2303 significat
1064 2246 1210 2287 vera
1257 2230 1318 2285 in
1371 2229 1631 2288 naturali
1674 2229 1940 2304 homine,
2024 2230 2165 2288 ideo
2214 2229 2399 2285 visum
2442 2225 2511 2280 est

451 2327 612 2404 quod
655 2327 852 2388 Pedes
900 2334 1138 2388 statuae
1175 2335 1380 2388 essent
1435 2347 1509 2388 ex
1548 2330 1737 2404 ferro,
1798 2347 1936 2390 nam
1970 2330 2172 2389 Pedes
2222 2324 2511 2403 significant

448 2427 751 2500 naturale,
809 2428 1086 2488 videatur
1139 2448 1210 2487 n:
1265 2418 1481 2489 2162'.
1540 2432 1753 2489 3147.
1810 2431 2022 2490 3761.
2072 2431 2290 2489 3986.
2335 2421 2508 2485 4280.

451 2531 644 2589 4938
684 2529 760 2588 ad
793 2532 1006 2588 4952.
1071 2527 1302 2588 Similia
1337 2547 1448 2605 per
1474 2530 1723 2605 Aurum,
1756 2529 2104 2607 Argentum,
2146 2529 2273 2590 Aes
2309 2533 2365 2586 et
2394 2524 2511 2582 Fer-

447 2649 578 2689 rum
617 2629 1027 2706 significantur
1071 2647 1182 2704 per
1217 2629 1369 2688 haec
1414 2629 1576 2707 apud
1622 2631 1885 2708 Esajam·
1935 2629 2119 2706 „Pro
2170 2620 2511 2690 cte-readdu-

445 2747 587 2790 cam
610 2730 882 2804 Aurum,
923 2749 1048 2808 pro
1068 2729 1251 2808 ferro
1286 2728 1647 2808 Aryentum
1665 2774 1682 2803 ,
1734 2749 1859 2810 pro
1903 2728 2107 2810 liy‘nis
2143 2730 2307 2803 Aee,
2351 2729 2404 2784 et
2418 2736 2513 2802 pro

393 2883 396 2887 .
447 2827 774 2908 lapidibus
799 2829 1117 2890 Femwffl
1167 2830 1308 2889 LX:
1359 2834 1386 2888 1
1409 2836 1440 2888 7
1464 2851 1481 2906 3
1534 2848 1645 2906 pro
1681 2848 1821 2891 aere
1853 2831 2155 2890 adducere
2192 2843 2414 2900 aurum,
2446 2827 2515 2881 est

445 2947 556 3005 pro
597 2929 853 2987 naturali
898 2930 1053 2989 bono
1105 2931 1369 2990 coeleste
1408 2929 1627 2990 bonum
1638 2952 1655 3007 3
1705 2948 1815 3008 pro
1852 2932 2009 2990 ferro
2061 2935 2398 3008 argentum,
2444 2926 2512 2980 est

445 3045 557 3104 pro
592 3027 850 3086 naturali
883 3047 1026 3088 vero
1061 3030 1324 3090 coeleste
1354 3048 1593 3106 verum3
1636 3048 1749 3107 pro
1781 3031 1957 3108 lignis
1996 3047 2099 3090 aes
2140 3038 2204 3089 et
2240 3046 2349 3106 pro
2384 3023 2509 3099 lapi-

447 3125 622 3186 dibus
649 3127 889 3199 ferrum,
932 3137 1026 3189 est
1051 3131 1322 3191 naturale
1350 3131 1570 3190 bonum
1608 3138 1670 3190 et
1694 3148 1905 3191 verum
1928 3132 2035 3190 tali
2063 3133 2241 3206 copia
2267 3146 2383 3206 qua
2402 3125 2513 3184 sunt

444 3228 608 3303 ligna
634 3234 696 3287 et
727 3228 991 3306 lapides3
1033 3233 1228 3307 agitur
1257 3230 1441 3290 ibide
1478 3237 1641 3290 statu
1677 3231 1926 3292 coelesti
1951 3231 2285 3291 Ecclesiae.
2337 3228 2507 3293 Porro,

447 3327 607 3404 quod
654 3315 876 3388 ferrum
921 3332 1215 3407 significet
1271 3349 1482 3390 verum
1526 3333 1589 3389 in
1636 3331 1897 3391 naturali
1943 3331 2215 3401 homine,
2274 3327 2511 3388 videatur

441 3431 504 3488 in
546 3429 821 3490 Aacams
871 3431 1325 3506 Cossaei-mue,
1371 3451 1442 3492 n:
1490 3433 1653 3491 425.
1692 3435 1857 3491 426.
1933 3431 2104 3492 Haec
2154 3431 2340 3489 allata
2380 3427 2508 3488 sunt,

443 3538 512 3590 ut
535 3533 762 3590 sciatur
791 3529 934 3606 quid
966 3531 1334 3607 significatur
1369 3550 1481 3608 per
1514 3531 1763 3608 Virgam
1796 3533 2087 3607 ferream,
2135 3531 2293 3607 quod
2328 3536 2508 3598 nempe

440 3634 736 3708 potentia,
792 3649 911 3707 qua
944 3630 1235 3691 Dominus
1273 3634 1531 3709 castigat
1563 3633 1723 3691 mala
1762 3639 1825 3690 et
1858 3633 2151 3710 dispergit
2194 3631 2348 3690 falsa
2382 3636 2507 3701 quae

310 3809 316 3814 Π
437 3733 500 3792 in
549 3731 807 3810 naturali
853 3731 1121 3806 homine,
1191 3735 1363 3810 virga
1410 3734 1563 3791 enim
1616 3749 1727 3793 seu
1780 3733 2033 3792 baculus
2090 3731 2379 3809 significat
2414 3738 2504 3800 po·

437 3835 702 3909 tentiam,
752 3839 819 3892 ut
859 3849 1044 3909 supra
1097 3834 1319 3893 dictum
1368 3837 1487 3907 est,
1566 3839 1626 3893 et
1673 3833 1897 3892 ferrum
1948 3832 2242 3910 significat
2290 3842 2422 3887 vera
2456 3823 2506 3880 in

438 3933 696 3991 naturali
741 3933 1009 3993 homine:
1075 3934 1236 4010 quod
1273 3934 1566 3992 Dominus
1614 3936 1870 4011 castiget
1916 3934 2077 3993 mala
2129 3939 2189 3992 et
2236 3923 2506 4006 dispergat

437 4029 594 4088 falsa
638 4048 750 4108 per
782 4049 932 4092 vera
975 4035 1036 4092 in
1074 4034 1332 4093 naturali
1369 4033 1636 4109 homine,
1710 4041 1803 4094 est
1848 4037 1989 4111 quia
2032 4035 2229 4093 omnia
2271 4026 2415 4090 mala
2454 4024 2503 4078 8¹2

437 4127 576 4188 inde
609 4129 766 4188 falsa
803 4131 886 4188 ibi
918 4134 1210 4208 resident,
1277 4135 1446 4194 nulla
1480 4139 1684 4194 autem
1721 4135 1783 4193 in
1820 4135 2115 4212 spirituali
2156 4151 2267 4194 seu
2303 4133 2499 4188 interno

438 4227 703 4301 homine,
749 4228 848 4286 hic
880 4247 998 4290 non
1037 4236 1252 4310 recipit
1287 4235 1447 4293 mala
1484 4241 1542 4294 et
1576 4235 1761 4311 falsa,
1818 4235 1927 4296 sed
1972 4235 2059 4294 ad*
2084 4235 2244 4294 mala
2284 4238 2338 4292 et
2368 4222 2496 4284 salsa
