2700 4792
459 367 570 420 234
817 433 824 441 .
869 353 1365 410 APOCALYPSIS
1404 355 1842 412 EXPLICATA.
1920 354 1971 424 §.
2015 364 2139 418 175.
2610 357 2625 502 Δ

2616 507 2625 550 i

459 521 714 594 guntur,
775 515 954 574 etiam
991 514 1292 573 abstracte
1347 531 1387 572 a
1435 515 1713 589 personis
1768 531 1881 590 per
1927 513 2187 590 populos
2222 513 2511 591 intelligun-

461 623 561 674 tur
609 631 760 672 vera
823 619 928 672 aut
965 613 1166 687 ·salsa,
1243 629 1315 673 ae
1368 630 1481 690 per
1540 620 1751 688 gentes
1803 613 1961 678 bona
2024 619 2131 671 aut
2178 614 2351 688 mala,
2408 631 2518 672 nam

459 729 642 774 verus
699 729 916 773 sensus
963 712 1292 789 spiritualis
1347 719 1445 773 est
1492 712 1833 772 abstractus
1888 731 1925 772 a
1972 715 2273 789 personis,
2332 715 2517 790 spatiis

457 813 858 890 temporibus,
915 819 974 871 et
1021 812 1313 872 similibus
1358 829 1515 890 quae
1559 818 1701 871 sunt
1739 815 1985 890 propria
2022 820 2298 888 naturae3
2344 827 2521 872 sensus
2622 877 2624 882 .

455 912 750 972 naturalis
795 910 1012 987 Verbi,
1079 913 1180 989 qui
1235 919 1329 972 est
1376 928 1593 972 sensns
1640 912 1851 986 literae
1902 914 2071 990 ejus,
2128 919 2221 972 est
2264 931 2375 972 una
2420 930 2524 970 cum
2622 885 2624 924 q

459 1013 614 1083 illis,
667 1017 729 1072 et
765 1027 980 1071 sensus
1025 1015 1128 1088 qui
1167 1018 1262 1072 est
1295 1031 1417 1071 una
1450 1029 1586 1072 cum
1619 1012 1739 1071 illis
1774 1015 2029 1072 inservit
2061 1031 2173 1089 pro
2206 1014 2333 1072 basi
2363 1014 2526 1071 sensui
2622 1005 2624 1076 J

461 1115 568 1190 qui
605 1117 698 1172 est
735 1110 962 1190 absque
1001 1113 1150 1187 111153
1197 1115 1397 1172 omnia
1438 1114 1593 1172 enim
1631 1129 1785 1188 quae
1820 1115 1881 1171 in
1918 1119 2145 1172 natura
2178 1119 2327 1188 sunt,
2360 1113 2526 1171 ultima
2623 1099 2624 1120 ³

461 1213 700 1275 Ordinis
736 1211 940 1272 Divini
985 1217 1155 1286 sunt,
1205 1229 1275 1272 ac
1310 1212 1595 1272 Divinum
1642 1229 1763 1272 non
1816 1212 2097 1272 subsistit
2143 1215 2207 1271 in
2239 1212 2417 1271 medio
2446 1211 2525 1269 sed

459 1313 664 1372 defluit
701 1329 894 1389 usque
947 1311 1025 1370 ad
1073 1329 1186 1370 sua
1233 1312 1469 1387 ultima,
1528 1318 1588 1371 et
1633 1315 1719 1372 sic
1754 1312 2058 1384 subsistit,
2114 1313 2252 1372 inde
2288 1309 2525 1388 estquod

459 1413 728 1472 Verbum
774 1412 895 1470 tale
949 1413 1028 1471 sit
1063 1414 1126 1470 in
1166 1412 1372 1486 litera,
1426 1420 1487 1472 et
1532 1414 1649 1471 nisi
1686 1413 1807 1472 tale
1855 1413 2045 1486 foret,
2099 1431 2219 1472 non
2260 1414 2527 1470 inserviret

455 1514 788 1590 sapientiae
839 1511 1238 1589 Angelorum,
1291 1515 1395 1590 qui
1444 1513 1785 1590 spirituales
1835 1521 2001 1584 sunt,
2067 1531 2181 1591 pro
2220 1514 2375 1580 basi;
2420 1511 2523 1569 inde

455 1614 648 1674 videri
680 1618 884 1690 potest
907 1619 1190 1688 quantum
1233 1620 1450 1687 errant,
1481 1615 1585 1690 qui
1611 1620 1997 1674 contemnunt
2020 1614 2297 1674 Verbum
2326 1617 2525 1688 propter

455 1714 696 1789 stylum.
787 1713 964 1789 Quod
1013 1721 1226 1788 gentes
1273 1713 1609 1790 significent
1660 1713 1799 1772 illos
1846 1717 1947 1790 qui
1986 1717 2047 1772 in
2090 1715 2248 1772 bono
2296 1719 2441 1784 sunt,
2482 1716 2523 1768 et

457 1811 758 1872 abstracte
799 1813 985 1887 bona,
1040 1820 1134 1886 est
1169 1814 1310 1888 quia
1347 1813 1621 1872 homines
1656 1805 1933 1890 Antiquis
1978 1814 2351 1892 temporibus
2390 1813 2521 1868 vixe-

455 1918 594 1970 runt
645 1911 906 1974 distincti
949 1915 1011 1970 in
1059 1913 1310 1988 Gentes,
1366 1913 1651 1982 familiaS,
1706 1921 1767 1972 et
1814 1914 2053 1990 domOS,
2112 1921 2176 1974 et
2217 1921 2353 1973 tunc
2392 1926 2521 1970 ama-

455 2018 670 2071 verunt
711 2029 778 2071 se
823 2019 1060 2087 mutuo,
1101 2021 1162 2072 et
1203 2014 1388 2074 Pater
1424 2015 1619 2090 gentis
1664 2020 1851 2074 totam
1898 2022 2146 2092 gentem
2184 2031 2335 2092 quae
2376 2029 2439 2070 ex
2476 2024 2524 2066 se

457 2117 616 2188 erat,
679 2113 768 2170 ita
813 2119 941 2171 erat
987 2116 1144 2173 inter
1187 2113 1324 2173 illos
1378 2113 1599 2173 bonum
1652 2117 1869 2175 amoris
1916 2133 2215 2192 regnans;
2269 2113 2394 2172 inde
2438 2114 2519 2180 est,

457 2212 616 2288 quod
663 2229 775 2287 per
821 2212 1046 2273 Gentes
1099 2213 1508 2290 significentur
1555 2214 1713 2274 bona
1723 2236 1739 2291 3
1796 2221 1858 2275 at
1908 2233 2044 2274 cum
2100 2219 2164 2274 in
2218 2213 2521 2275 contrarium

452 2313 719 2383 iverunt,
783 2312 945 2390 quod
990 2315 1212 2374 sactum
1267 2321 1363 2374 est
1412 2315 1805 2391 sequentibus
1857 2318 2059 2390 aeviS,
2130 2333 2267 2376 cum
2314 2310 2521 2388 imperia

455 2420 809 2489 coeperunt,
863 2419 1003 2472 tunc
1037 2431 1146 2490 per
1187 2413 1413 2474 Gentes
1452 2415 1787 2490 significata
1822 2423 1959 2474 sunt
1994 2417 2191 2476 mala:
2248 2413 2351 2474 sed
2386 2411 2520 2488 plura
2623 2407 2624 2416 ’

455 2513 530 2572 de
580 2513 673 2572 his
725 2513 1045 2573 videantur
1095 2518 1156 2574 in
1207 2514 1520 2591 Opusculo
1572 2515 1647 2574 de
1702 2515 2213 2578 Tunnunmus
2263 2534 2337 2575 m
2378 2511 2517 2574 Um-

447 2631 726 2690 -vnnso,
789 2633 861 2672 n:
920 2616 1032 2673 49.
1092 2618 1198 2676 90.
1258 2608 1416 2674 173ἶ
1477 2617 1636 2674 174.
1737 2615 1915 2692 Quod
1968 2617 2199 2677 Gentes
2254 2619 2313 2676 in
2358 2608 2518 2672 Verbo

450 2714 788 2792 significent
818 2714 980 2773 bona
1019 2723 1125 2774 aut
1159 2715 1346 2789 mala,
1390 2731 1461 2773 ac
1501 2717 1715 2792 populi
1748 2734 1895 2776 vera
1930 2725 2033 2778 aut
2062 2719 2250 2792 falsa,
2292 2718 2519 2774 constare

449 2821 654 2891 potest
695 2833 734 2872 a
767 2816 1159 2892 sequentibus
1205 2815 1298 2874 his
1349 2815 1530 2891 locis3
1586 2817 1751 2893 apud
1786 2817 2030 2894 Esajam
2087 2809 2520 2892 „Ambulabant

453 2912 684 2978 Gentes
719 2913 808 2974 ad
843 2911 1040 2976 lucem
1075 2921 1282 2990 tuam,
1331 2921 1394 2976 et
1426 2915 1640 2994 Reyes
1674 2915 1765 2976 ad
1796 2915 2197 2996 splendorem
2232 2920 2400 2978 ortua
2431 2906 2515 2970 tui·

457 3010 636 3073 Tune
684 3011 926 3074 videbis
975 3021 1034 3076 et
1080 3015 1343 3097 afflues,
1402 3022 1463 3075 et
1510 3013 1815 3076 dilatabit
1856 3037 1924 3077 ee.
1974 3037 2079 3080 cor
2132 3024 2315 3078 tuum
2332 3062 2347 3087 ,
2392 3003 2519 3093 quod

447 3115 848 3172 convertatur
905 3113 996 3174 ad
1047 3113 1138 3176 Te
1195 3113 1544 3178 multitudo
1606 3117 1839 3193 marie,
1902 3118 2223 3179 exercitus·
2282 3111 2517 3196 yentium

449 3212 706 3272 veniunt
745 3211 839 3272 ad
887 3211 1019 3286 Te,·
1079 3216 1443 3296 aperientur
1478 3222 1708 3297 portae
1760 3221 1906 3278 tuae
1939 3217 2197 3300 ,βαρέων
2208 3261 2226 3294 ,
2281 3207 2516 3276 interdiu

449 3316 510 3370 et
545 3316 732 3374 noctu
763 3333 888 3374 non
921 3312 1298 3378 claudentur
1331 3315 1422 3376 ad
1456 3314 1903 3378 adducendum
1946 3318 2037 3379 ad
2084 3316 2177 3378 Te
2218 3311 2515 3378 exercitum

447 3409 783 3483 Gmtiam,
851 3419 911 3475 et
967 3414 1180 3495 Reyee
1250 3435 1471 3478 earum
1530 3415 1917 3478 deducentur
1928 3437 1957 3490 ;
2026 3437 2182 3479 nam
2216 3416 2383 3478 Gens
2428 3408 2513 3470 aut

445 3511 772 3594 Remum,
824 3533 983 3593 quae
1039 3535 1164 3576 non
1223 3517 1495 3578 servient
1555 3515 1733 3592 Tibi,
1786 3503 2101 3597 peribunt.
2186 3517 2285 3579 Et
2328 3512 2513 3574 Gentess

446 3615 760 3677 vastando
823 3608 1245 3679 vastabuntur
1265 3637 1285 3678 .·
1357 3637 1548 3697 euyea
1611 3615 1713 3678 lae
1776 3617 2079 3679 Gentium
2098 3663 2116 3688 ,
2179 3619 2303 3678 imo
2365 3611 2510 3673 ubera

445 3713 704 3796 Requm
743 3733 972 3794 maye&
1021 3715 1303 3794 eoeiyuus
1346 3716 1474 3778 erit
1519 3717 1589 3777 in
1629 3714 1833 3794 mille,
1894 3724 1952 3778 et
1985 3737 2241 3801 paucus
2274 3715 2343 3778 in
2378 3709 2509 3772 Gen·

445 3819 570 3876 tem
602 3819 1052 3879 numerosam“
1089 3815 1232 3876 LX:
1275 3807 1394 3906 [3.]
1446 3819 1501 3877 5.
1547 3821 1802 3876 11.12.
1843 3822 1951 3877 16.
1988 3823 2113 3878 22:
2154 3821 2340 3896 agitur
2362 3806 2507 3872 ibide

444 3913 730 3992 Domine,
805 3923 864 3977 et
924 3935 1034 3994 per
1097 3916 1324 3978 Gentes
1386 3917 1799 3994 intelliguntur
1862 3938 2071 3978 omnes
2135 3923 2234 3995 qui
2291 3920 2346 3976 in
2389 3913 2507 3970 bono

445 4017 664 4072 amoris
700 4024 838 4076 sunt
877 4019 937 4074 in
975 4017 1217 4094 Ipsum,
1263 4025 1324 4078 et
1359 4036 1469 4094 per
1500 4018 1701 4094 Reges
1743 4036 1947 4079 omnes
1988 4022 2090 4096 qui
2126 4021 2187 4078 in
2223 4017 2373 4078 veris
2400 4003 2505 4070 fidei

444 4112 507 4168 in
549 4112 787 4188 Ipsum:
840 4117 979 4176 inde
1032 4125 1200 4193 patet
1241 4120 1482 4193 quinam
1527 4119 1940 4196 intelliguntur
1984 4139 2095 4198 per
2132 4120 2348 4180 Gentes
2386 4119 2505 4186 quae

448 4211 834 4270 ambulabunt
887 4215 964 4271 ad
1003 4216 1200 4274 lucem
1241 4225 1404 4276 tuam
1448 4225 1505 4276 et
1554 4233 1666 4295 per
1716 4222 2043 4280 exereitum
2092 4223 2343 4298 gentium
2386 4218 2503 4286 quae
