2700 4792
461 366 572 420 268
840 353 1332 410 APOCALYPSIS
1376 353 1814 412 EXPLICATA,
1892 353 1941 422 §.
1984 359 2115 413 186.

461 515 632 575 Haec
665 530 822 573 nunc
851 511 1048 573 'causa
1083 517 1203 588 est,
1265 477 1557 590 quod-ad
1592 511 1892 588 Angelum
1950 510 2221 587 cujusvis
2270 509 2545 584 Ecclesiae

461 619 522 675 in
548 615 842 692 principio
873 613 1125 684 dicatur,
1179 611 1355 690 Novi
1382 618 1499 672 tua
1532 629 1756 691 opera,
1790 621 1899 687 per
1926 610 2096 688 quod
2130 610 2265 668 ideo
2299 601 2551 687 intelligi-
2626 659 2628 666 ,

461 724 586 790 tur,
645 715 806 792 quod
838 715 1132 774 Dominus
1174 715 1413 774 noverit
1460 729 1697 772 omnem
1731 714 1930 772 vitam.
1953 712 2246 786 hominiS‚
2293 716 2351 769 et
2382 711 2550 788 qualis

453 811 560 902 'est
593 799 792 892 quoad
828 831 1110 874 amorem.
2352 796 2356 801 ’

623 917 782 974 186.
831 914 1007 991 Quod
1065 932 1280 974 nomen
1335 913 1563 973 habeas
1628 912 1791 988 quod
1838 915 2015 972 vivas
2066 919 2129 970 et
2181 916 2439 970 mortuus
2482 927 2550 985 ea

464 1015 623 1094 quod
658 1015 950 1092 significet
985 1015 1160 1092 quale
1198 1016 1609 1092 cogitationiS,
1658 1012 1819 1088 quod
1856 1019 2078 1090 putent
2116 1029 2184 1071 se
2223 1015 2388 1070 vivos
2423 1027 2550 1084 esse,

463 1119 604 1194 quia
655 1100 941 1174 moralem
977 1121 1162 1190 agunt
1189 1117 1403 1189 vitam,
1462 1131 1597 1173 cum
1634 1120 1833 1172 tamen
1870 1115 2097 1171 mortui
2126 1118 2296 1186 sunt,
2352 1117 2551 1170 constat

463 1235 541 1278 ex
575 1215 1003 1294 significatione
1039 1216 1321 1289 nominis,
1382 1213 1541 1289 quod
1582 1217 1663 1273 sit
1700 1214 1878 1290 quale
1918 1220 2152 1286 status,
2208 1213 2281 1270 de
2320 1229 2434 1286 qua
2464 1227 2547 1267 su-
2627 1263 2628 1266 ,

439 1335 576 1395 pra
610 1335 680 1374 n:
730 1318 902 1391 1483
970 1331 1043 1374 ex
1079 1316 1515 1390 significatione
1556 1318 1802 1382 vivere,
1854 1315 2017 1396 quod
2056 1315 2141 1372 sit
2176 1315 2355 1370 vitam
2401 1313 2547 1386 spiri·
2627 1379 2628 1382 Ἴ

461 1417 686 1476 tualem
719 1415 974 1484 habere,
1027 1414 1100 1474 de
1129 1433 1250 1490 qua
1283 1416 1587 1492 sequitur3
1634 1421 1695 1474 et
1724 1432 1801 1473 ex
1836 1414 2281 1489 significatione
2316 1418 2551 1470 mortuus
2627 1411 2628 1432 ³

471 1534 638 1592 esse,
687 1516 846 1592 quod
893 1519 971 1574 sit
1011 1533 1126 1573 non
1161 1515 1325 1574 illam
1364 1517 1547 1574 vitam
1590 1514 1846 1588 habere,
1904 1514 2019 1573 sed
2074 1513 2256 1572 modo
2307 1511 2548 1572 moralem
2627 1515 2628 1536 l

463 1618 692 1694 absque
737 1617 874 1692 illa3
943 1615 1102 1692 quod
1148 1615 1262 1674 hoc
1309 1618 1389 1674 sit
1435 1621 1705 1674 mortuus
1770 1631 1938 1684 esse,
2006 1620 2108 1672 est
2160 1616 2303 1690 quia
2353 1613 2547 1669 vitain
2627 1663 2628 1692 ᾗ

462 1717 666 1776 Verbo
711 1716 1008 1792 significat
1047 1717 1230 1774 vitam
1273 1715 1440 1776 Coeli
1476 1715 1638 1792 apud
1685 1715 2013 1788 hominem,
2084 1731 2247 1790 quae
2284 1707 2449 1771 etiam
2486 1710 2545 1767 ibi

461 1823 712 1875 vocatur
739 1819 865 1874 vita
901 1822 1167 1883 aeterna,
1215 1822 1275 1876 et
1309 1815 1471 1876 mors
1497 1818 1682 1874 vitam
1714 1815 1945 1888 inferni,
1988 1832 2158 1890 quae
2187 1816 2315 1872 vita
2340 1815 2399 1869 in
2421 1811 2544 1868 Ver·
2627 1791 2628 1876 ζ

461 1916 538 1974 bo
581 1922 830 1975 vocatur
863 1915 1027 1974 Mors
1059 1917 1202 1992 quia
1237 1922 1330 1976 est
1365 1918 1622 1992 privatio
1658 1918 1817 1973 vitae
1856 1913 2058 1989 Coeli3
2113 1915 2211 1972 hie
2247 1915 2437 1988 itaque
2460 1926 2544 1985 per
2627 1897 2628 1978 ξ

459 2033 676 2074 nomen
713 2015 939 2074 habere
976 2016 1136 2092 quod
1175 2019 1346 2076 vivas
1390 2022 1449 2075 et
1482 2023 1753 2074 mortuus
1802 2031 1901 2089 ee,
1954 2015 2330 2092 significatur
2368 2017 2543 2087 putare
2627 2013 2628 2068 l

463 2133 529 2175 se
566 2117 748 2174 vitam
778 2115 1150 2191 spiritualem
1185 2116 1413 2174 habere
1450 2123 1511 2174 et
1546 2118 1633 2174 sic
1670 2115 1925 2188 salvari,
1968 2118 2121 2190 quia
2155 2117 2339 2172 vitam
2378 2126 2539 2170 mora·
2627 2135 2628 2168 ς

460 2216 580 2276 lem
611 2221 812 2292 agunt,
862 2233 994 2274 cum
1033 2222 1235 2275 tamen
1271 2217 1663 2292 spiritualiter
1707 2216 1921 2274 mortui
1946 2223 2129 2274 sunt:
2180 2213 2291 2273 sed
2330 2225 2537 2288 quomo·

462 2317 538 2376 do
587 2315 700 2375 hoc
747 2314 1201 2392 intelligendum
1253 2325 1346 2376 est
1360 2362 1378 2392 ,
1450 2323 1723 2375 constare
1759 2321 1960 2392 potest
2008 2333 2087 2374 ex
2139 2316 2259 2374 illis
2303 2327 2443 2388 quae
2483 2308 2537 2364 de

461 2423 715 2494 utraque
755 2417 906 2491 vita,
963 2417 1259 2492 spirituali
1297 2422 1359 2475 et
1397 2417 1639 2487 morali,
1682 2432 1869 2492 supra
1909 2433 1976 2472 n:
2017 2417 2187 2485 182,
2230 2414 2382 2472 dicta
2415 2413 2537 2476 sunt,
2627 2455 2628 2458 ,

461 2517 620 2593 quod
653 2533 870 2592 nempe
911 2517 1036 2574 vita
1073 2517 1314 2575 moralis
1358 2516 1589 2593 absque
1623 2518 1749 2574 vita
1797 2517 2099 2592 spirituali
2136 2519 2217 2574 sit
2251 2515 2371 2571 vita
2402 2524 2533 2567 amo·
2626 2503 2628 2506 ⁴

458 2621 542 2676 ris
581 2620 676 2676 sui
713 2623 772 2677 et
807 2618 1032 2676 amoris
1060 2617 1295 2688 mundi,
1350 2623 1411 2677 et
1441 2619 1569 2676 vita
1602 2615 1845 2675 moralis
1884 2633 1959 2674 ex
1992 2620 2124 2674 vita
2171 2609 2451 2692 spirituali
2478 2608 2535 2664 sit

457 2721 584 2777 vita
619 2720 840 2778 amoris
881 2720 941 2776 in
975 2718 1295 2778 Dominum
1345 2724 1407 2776 et
1452 2718 1671 2775 amoris
1724 2697 1869 2791 erga
1905 2719 2247 2791 proximum
2266 2759 2279 2784 ,
2324 2718 2381 2770 et
2411 2704 2533 2786 quod

458 2819 610 2878 haec
644 2821 768 2876 vita
803 2820 882 2876 sit
909 2819 1034 2875 vita
1063 2817 1252 2892 Coeli,
1307 2817 1413 2879 illa
1446 2823 1649 2876 autem
1674 2819 1798 2874 vita
1832 2818 1909 2873 sit
1944 2833 2101 2892 quae
2133 2821 2379 2891 vogatur
2408 2819 2531 2867 mors
2576 2833 2579 2838 ·

461 2918 790 2994 spiritualis
802 2938 818 2992 3
871 2935 945 2976 ex
971 2917 1289 2976 intellectis
1312 2917 1441 2976 »illis
1471 2933 1659 2993 supra
1684 2935 1752 2975 n:
1801 2919 1828 2973 1
1850 2919 1957 2990 82,
1998 2919 2143 2975 sciri
2178 2918 2389 2992 potest,
2424 2903 2531 2983 quid

459 3017 558 3076 hic
600 3017 952 3092 intelligitur
983 3034 1094 3092 per
1128 3019 1334 3076 vivere
1382 3023 1677 3076 ettamen
1714 3024 1982 3075 mortuus
2026 3033 2187 3077 esse.
2266 3010 2428 3088 Quod
2458 3008 2525 3062 Vi-

460 3128 604 3175 vere
641 3133 750 3174 seu
792 3119 964 3174 vivus
1005 3133 1159 3176 esse·
1191 3118 1485 3194 significet
1519 3119 1705 3176 vitam
1753 3117 2130 3194 spiritualem
2181 3113 2340 3192 apud
2371 3106 2523 3168 homi-

459 3233 626 3290 nem,
675 3222 734 3275 et
769 3215 930 3292 quod
964 3225 1232 3274 mortuus
1269 3233 1409 3276 esse
1446 3217 1743 3294 significet
1788 3217 2267 3293 deprivationem
2304 3213 2422 3290 ejus
2456 3205 2522 3262 vi-

459 3322 560 3376 tae
615 3323 674 3375 ct
733 3316 1208 3390 damnationem,
1299 3324 1577 3395 constare
1635 3323 1837 3393 potest
1888 3334 1924 3374 a
1970 3317 2247 3393 pluribus
2304 3312 2436 3373 locis
2481 3305 2523 3359 in

459 3416 681 3492 Verbo,-
741 3434 990 3494 quorum
1025 3417 1176 3476 haec
1211 3417 1391 3476 velim
1428 3417 1671 3492 afferre3
1726 3417 1887 3494 apud
1929 3416 2305 3486 Ezechielem
2356 3403 2519 3484 „oum

459 3517 686 3580 dixero
731 3516 930 3596 impio
941 3561 959 3592 ,
1013 3515 1335 3577 moriendo
1364 3516 1689 3578 'morietur
1702 3561 1717 3588 ‚
1760 3534 1869 3576 neo
1908 3514 2314 3577 admonueris
2354 3504 2517 3574 illum,

257 3620 422 3684 [181]
461 3638 651 3699 neque
683 3615 984 3698 loquutus
1015 3615 1234 3696 fueris
1277 3615 1368 3676 ad
1401 3615 1863 3678 dehortandum
1896 3617 2171 3698 impium
2210 3634 2253 3674 a
2286 3611 2383 3672 via
2414 3604 2517 3686 ⁶57⁰ssss

459 3717 662 3796 mala,
725 3715 814 3778 ad
859 3715 1316 3801 vivificandum
1362 3715 1578 3792 illum,
1650 3717 1789 3796 ipse
1823 3717 2065 3797 impius
2116 3717 2187 3776 in
2233 3706 2516 3790 iniquitate
2627 3749 2628 3752 η

459 3839 582 3882 sua
628 3817 968 3880 morietur:
1033 3815 1214 3896 quod'
1246 3815 1310 3875 ai
1349 3816 1759 3878 admonueris
1794 3815 2096 3896 impium,
2143 3835 2249 3876 neo
2278 3815 2511 3874 reuma-⁹

442 3920 656 3998 fuerit
695 3938 735 3978 a
768 3914 1030 4007 maliiia
1063 3935 1217 3986 aua,
1265 3913 1326 3974 et
1360 3937 1403 3977 a
1436 3917 1547 3977 via
1581 3936 1702 3978 sua
1734 3914 1940 3991 mala,
1996 3913 2109 3976 ille
2132 3915 2203 3976 in
2232 3903 2513 3990 iniquitate

457 4035 580 4076 aaa
628 4017 964 4094 morietur,
1038 4023 1110 4078 tu
1157 4021 1369 4076 tamen
1426 4017 1711 4078 animam
1770 4021 1948 4077 tuam
1993 4013 2299 4094 eripuisti.
2363 3993 2509 4081 Qw’d

455 4113 522 4174 si
581 4113 987 4177 admonueris
1033 4116 1322 4198 justum,
1386 4119 1459 4176 ut
1514 4135 1645 4182 non
1698 4106 1905 4195 jieocet
1964 4113 2273 4194 ampliu&
2335 4111 2386 4168 et
2428 4093 2509 4160 ille

460 4229 584 4270 ἤθη
617 4214 996 4288 Pessssaverz’t,
1060 4211 1561 4292 vivendavivet,
1619 4217 1773 4296 quia
1830 4215 2252 4278 admonitioni
2281 4195 2503 4292 paruit“
