2700 4792
429 357 540 413 450
871 341 1363 400 APOCALYPSIS
1404 339 1845 400 EXPLICA'I'A.
1904 343 1953 411 §.
1996 351 2130 404 270.

425 504 662 570 Zionic
686 504 842 566 etin
867 500 1325 585 mero-solyma
1337 523 1367 576 ;
1399 508 1461 563 et
1486 521 1699 566 coram
1723 500 2105 566 Senioribus
2132 501 2277 586 ejus
2300 500 2555 582 yloriff

427 607 663 670 XXIV}
695 609 809 682 233
851 623 960 683 per
993 606 1198 665 lunam
1225 611 1288 664 et
1311 604 1502 664 solem
1528 603 1885 681 intelligitur
1914 603 2121 664 cultus
2148 603 2555 663 idololatr-icus

429 725 651 782 eorum,
688 713 810 766 tum
845 706 1066 765 falsum
1097 705 1238 766 fidei
1275 711 1336 764 et
1368 703 1591 764 malum
1617 705 1871 780 amoris3
1911 722 2031 782 per
2066 711 2335 762 montem
2362 704 2553 762 Zionis

427 813 490 867 et
547 825 662 884 per
705 806 1183 883 Hierosolymam
1243 804 1595 882 intelligitur
1640 803 1895 864 Coelum‘
1962 811 2027 863 et
2074 804 2387 878 Ecclesia3
2451 819 2554 878 per

430 907 712 968 Seniores
747 905 1157 982 intelliguntur
1181 921 1328 964 vera
1366 922 1441 962 ex
1466 904 1643 979 bono,
1682 921 1871 982 quare
1912 906 2103 964 etiam
2144 905 2365 962 dicitur
2406 901 2548 976 quod

429 1024 628 1068 coram
679 1007 796 1065 illis
847 1005 1064 1082 gloria,
1149 1023 1258 1082 per
1317 1004 1567 1080 gloriam
1630 1007 1783 1064 enim
1838 1004 2229 1080 significatur
2280 1003 2547 1062 Divinum

427 1108 660 1167 Verum
692 1109 752 1166 in
793 1105 1004 1175 Coe10,
1053 1105 1330 1166 videatur
1364 1121 1551 1181 supra
1584 1121 1654 1162 n:
1690 1106 1804 1164 33.
1858 1105 1937 1164 In
1970 1105 2239 1164 Thronis
2277 1147 2315 1178 „
2338 1098 2547 1178 Virqi-

425 1227 536 1270 nea
569 1225 742 1267 meae
779 1211 841 1265 et
866 1205 1131 1288 juvenes
1171 1205 1297 1266 mei
1335 1203 1581 1266 iverunt
1624 1204 1695 1264 in
1740 1204 2195 1284 captivitatem
2208 1224 2238 1276 ;
2290 1198 2551 1262 clamavi

229 1311 387 1374 [297]
429 1307 520 1368 ad
564 1312 884 1368 amatores·
920 1323 1115 1378 meo-9,
1168 1303 1277 1366 illi
1317 1301 1685 1384 deceperunt
1722 1323 1848 1380 me,
1905 1310 1971 1364 et
2012 1304 2297 1364 seniores
2332 1298 2451 1362 mei
2484 1296 2549 1356 in

427 1408 577 1470 urbe
609 1406 1072 1486 exspiramnt“
1111 1406 1171 1465 I:
1211 1410 1238 1464 1
1261 1410 1320 1465 8.
1357 1410 1384 1462 1
1406 1407 1479 1478 93
1520 1407 1715 1482 agitur
1741 1405 1825 1464 ibi
1862 1405 1941 1465 de
1971 1406 2317 1464 vastatione
2342 1398 2543 1459 Eccle-

427 1512 587 1582 siae,
627 1524 812 1584 super
849 1525 967 1583 qua
1002 1513 1097 1565 est
1129 1506 1507 1577 lamentatio,
1547 1523 1703 1581 quae
1730 1509 1995 1564 vastatio
2037 1511 2135 1565 est
2173 1501 2407 1580 quando
2440 1513 2546 1556 non

427 1607 684 1684 amplius
723 1612 816 1666 est
851 1607 1053 1682 aliqua
1087 1605 1320 1666 affectio
1356 1607 1487 1664 veri
1520 1604 1849 1682 spiritualis
1868 1649 1889 1678 ,
1952 1611 2015 1664 et
2050 1591 2205 1664 inde=
2227 1619 2346 1661 non
2377 1595 2542 1657 intel-

425 1709 672 1783 ligentia
706 1710 766 1764 in
801 1706 1020 1764 talibus
1059 1723 1214 1782 quae
1249 1705 1588 1779 Ecclesiae,
1644 1711 1705 1764 et
1740 1707 1984 1781 quando
2036 1708 2125 1764 sic
2162 1721 2283 1762 non
2317 1693 2539 1773 aliquod

425 1823 664 1880 verum3
700 1822 812 1881 per
837 1808 1097 1880 virgines
1137 1822 1292 1881 quae
1321 1805 1637 1864 abiverunt
1673 1807 1732 1863 in
1760 1808 2181 1881 captivitatem
2208 1798 2537 1874 intelligitur

427 1905 660 1964 affectio
704 1907 834 1965 veri
877 1905 1234 1980 spiritualia,
1289 1921 1401 1981 per
1442 1906 1701 1982 juvenes
1746 1906 2188 1982 intelligentia,
2242 1897 2533 1978 captivitas

429 2012 524 2064 est
555 2007 804 2064 remotio
841 2005 916 2064 ab
951 2004 1098 2080 illis3
1151 2021 1262 2080 per
1297 2006 1566 2064 seniores
1606 2008 1707 2080 qui
1744 2009 2165 2082 exspirarunt,
2204 1999 2530 2072 intelligun-

425 2112 526 2163 tur
555 2122 703 2162 vera
737 2105 1065 2164 Ecclesiae.
1124 2104 1306 2181 Apud
1335 2105 1717 2164 Ezechielem
1769 2103 2048 2179 „Senem
2074 2109 2137 2164 et
2164 2103 2456 2163 Juvenem
2476 2095 2530 2150 et

439 2201 800 2282 Wryinem,
851 2209 912 2263 et
943 2203 1305 2284 Infantem,
1356 2209 1415 2263 et
1451 2201 1759 2264 Mulieres
1797 2204 2073 2266 occidite
2112 2202 2205 2264 ad
2228 2193 2525 2280 perditio-

425 2323 601 2375 πεπυ
671 2323 704 2364 e
739 2305 1107 2366 sanctuario
1161 2323 1292 2364 meo
1331 2304 1619 2383 incipite,
1685 2303 2054 2384 inceperunt
2103 2319 2251 2382 erqo
2304 2317 2346 2359 a
2378 2290 2525 2356 viria

426 2403 794 2466 Senioribus
829 2405 942 2484 qui
975 2423 1188 2466 coram
1227 2404 1410 2466 domo
1438 2406 1475 2438 “
1538 2404 1649 2464 IX:
1696 2406 1730 2464 6
1746 2425 1763 2480 3
1832 2407 2019 2484 etiam
2074 2405 2172 2464 hic
2220 2401 2405 2477 agitur
2458 2390 2523 2448 de

426 2508 761 2565 vastatione
804 2505 1141 2579 Ecclesiae,
1210 2512 1270 2565 et
1316 2524 1429 2581 per
1474 2521 1683 2564 senem
1744 2511 1804 2564 et
1855 2506 2153 2582 juvenem
2198 2494 2523 2570 intelligitur
2573 2575 2580 2583 ι

428 2607 723 2682 sapientia
759 2612 820 2664 et
851 2606 1274 2682 intelligentia,
1329 2623 1442 2681 per
1474 2607 1764 2682 virginem
1813 2605 2053 2666 affectio
2106 2605 2234 2662 veri
2278 2605 2337 2658 ct
2379 2589 2515 2658 boni,

423 2723 536 2798 pqr
569 2708 853 2766 infantem
887 2698 1250 2776 innocentia,
1303 2723 1417 2782 per
1460 2705 1741 2765 mulieres
1785 2705 1945 2765 bona
1980 2704 2318 2773 Ecclesiae3
2372 2691 2513 2753 oeci-

425 2806 568 2866 dere
605 2807 682 2865 ad
715 2807 1110 2882 perditionem
1153 2806 1448 2882 significat
1496 2805 1999 2882 devastationem3
2056 2798 2451 2866 sanctuarium
2482 2802 2514 2840 a

425 2922 544 2980 quo
571 2907 902 2980 inciperent
929 2915 1022 2965 est
1036 2906 1310 2966 Ecclesia
1337 2906 1535 2983 quoad
1561 2905 1782 2965 bonum
1810 2910 2032 2966 amoris
2064 2913 2125 2966 et
2149 2915 2349 2962 verum
2374 2887 2507 2956 fidei,

425 3021 580 3078 quae
617 3011 758 3062 sunt
791 3005 905 3062 viri
937 3007 1208 3066 seniores
1245 3008 1347 3083 qui
1382 3023 1581 3066 coram
1619 3005 1813 3066 domo.
1865 3005 1939 3066 In
1968 3004 2223 3067 Threnis
2259 2985 2509 3072 „Facies

424 3101 659 3164 Senum
715 3119 840 3164 non
896 3101 1238 3166 honoratae
1284 3110 1475 3177 sunt;
1538 3105 1815 3167 seniores
1860 3125 1906 3166 a
1945 3111 2147 3186 porta
2194 3087 2503 3160 cessarunt,

397 3201 672 3286 ⁸jzweuee
705 3219 749 3262 a
788 3208 979 3264 cantu
1021 3208 1193 3264 πιθα
1241 3206 1318 3266 V:
1366 3209 1473 3266 12.
1517 3208 1639 3282 143
1693 3223 1873 3266 senes
1918 3205 2254 3285 significant
2284 3190 2499 3268 sapien-

421 3304 564 3361 tiam
601 3320 756 3379 quae
794 3309 886 3361 est
917 3302 1084 3376 boni,
1141 3308 1409 3365 seniores
1445 3324 1591 3365 vera
1626 3323 1780 3382 quae
1818 3325 1893 3366 ex
1926 3307 2115 3379 bono,
2144 3303 2391 3380 juvenes
2420 3286 2500 3342 in·

421 3401 829 3480 telligentiam.
903 3449 938 3478 „
963 3401 1154 3478 Quod
1180 3403 1373 3466 Deus
1410 3403 1689 3466 Israelis
1739 3405 1919 3466 visua
1976 3408 2067 3467 cit
2116 3401 2228 3464 sub
2256 3384 2496 3476 pedibus

421 3503 592 3565 sicut
630 3521 790 3582 opus·
828 3501 1153 3584 sapphiri,
1196 3502 1405 3580 Mosi,
1451 3505 1774 3580 Aharom‘,
1819 3505 2055 3567 Nadab
2082 3509 2140 3564 et
2173 3491 2384 3562 Abilam
2426 3491 2492 3536 ‘²⁶'

421 3603 834 3684 septuaginta
871 3593 1236 3667 Senioribus
1252 3624 1280 3677 ;
1333 3610 1395 3665 et
1430 3624 1553 3666 mm
1588 3603 1901 3685 reliquis“
1956 3605 2155 3666 Exod:
2192 3583 2398 3658 XXIV:
2436 3578 2484 3633 9·

429 3707 459 3764 1
479 3709 539 3765 Ο.
582 3708 611 3763 l
633 3708 694 3764 1.
741 3708 824 3764 12
845 3749 863 3776 ,
917 3706 1290 3783 significabat
1341 3705 1501 3782 quod
1535 3706 1828 3765 Dominus
1873 3706 1993 3766 illis
2028 3704 2219 3766 solum
2256 3685 2491 3788 videatur

422 3807 526 3882 qui
556 3806 618 3864 in
650 3804 806 3865 bono
843 3813 983 3866 sunt
1019 3814 1077 3866 et
1113 3809 1216 3883 qui
1247 3808 1310 3864 in
1343 3809 1503 3866 veris
1542 3823 1615 3865 ex
1650 3807 1835 3881 bono,
1890 3808 2159 3868 videatur
2210 3781 2485 3869 explicatio

423 3921 630 3964 eorum
661 3907 726 3964 in
751 3906 1024 3966 Anems
1057 3905 1473 3967 Connnswmus
1510 3925 1577 3966 n:
1614 3908 1803 3966 9403
1836 3908 1915 3966 ad
1947 3909 2152 3966 9411.
2187 3897 2344 3957 Haec
2366 3875 2482 3938 sunt

424 4020 576 4075 quae
620 4006 1158 4078 repraesentabant
1203 4009 1586 4083 septuaginta
1631 4008 1899 4067 seniores
1937 4004 2210 4071 Isi-ailina,
2264 3994 2319 4049 et
2352 3981 2479 4040 haec

422 4103 562 4152 ΜΠ*
613 4115 766 4171 ‘1¹¹aa
801 4105 1138 4178 significant
1169 4107 1379 4182 viginti
1428 4113 1683 4182 quatuor
1718 4105 2000 4167 Senior-es
2050 4115 2225 4178 super
2270 4077 2478 4146 totidem

420 4191 680 4266 ¹h¹0¹¹i⁵3
736 4201 796 4256 et
817 4198 969 4259 haee
1007 4218 1243 4279 quoque
1279 4211 1420 4264 sunt
1456 4223 1609 4282 quae
1645 4207 1980 4283 significant
2016 4195 2307 4265 duodecim
2329 4179 2473 4252 AP⁰‘
