2700 4792
433 383 540 438 308
677 375 682 378 ·
849 369 1340 428 APOCALYPSIS
1381 371 1816 430 ΕΧΡιΙοΑΤ-Α.
1900 373 1945 443 §.
1982 381 2109 435 204.

428 551 566 592 nam
601 531 778 592 homo
815 529 1014 608 quoad
1047 531 1320 608 spiritum
1368 536 1475 591 est
1500 546 1755 608 prorsus
1794 534 1949 590 sicut
1976 531 2117 609 ejus
2154 550 2341 608 amor,
2386 534 2511 594 inde

431 635 684 710 cogitat,
735 632 873 692 inde
910 632 1070 707 vult,
1099 639 1170 692 et
1205 630 1344 690 inde
1381 633 1540 706 facit,
1587 639 1955 708 quapropter
1992 649 2115 691 non
2150 633 2307 691 aliud
2326 651 2513 693 verum

429 736 575 794 facit
623 749 772 792 Suae
809 731 979 801 fidei,
1033 749 1211 808 quam
1253 733 1414 809 quod
1450 740 1543 790 est
1578 735 1797 791 amoris
1835 733 1999 810 ejuS,
2054 739 2116 790 et
2149 751 2348 792 verum
2380 734 2517 809 quod

431 840 522 892 est
562 834 784 891 amoris
834 835 928 891 sui
963 839 1066 890 aut
1103 833 1334 907 mundi,
1394 838 1488 890 est
1522 849 1685 891 mere
1722 833 2029 902 naturale,
2086 837 2227 909 quia
2260 836 2413 892 venit
2454 851 2517 892 ex

426 935 662 992 homine
717 938 776 992 et
825 951 902 990 ex
951 932 1209 1002 mundo,
1263 939 1324 990 et
1358 949 1479 991 non
1516 950 1589 991 ex
1624 932 1883 992 Domino
1942 940 2003 992 et
2042 951 2076 992 e
2116 933 2331 1009 Coe103
2381 940 2516 991 amat

425 1037 582 1093 enim
617 1051 828 1092 verum
864 1051 982 1090 non
1019 1050 1092 1091 ex
1131 1049 1332 1091 annore
1370 1036 1528 1106 veri,
1586 1033 1697 1092 sed
1734 1052 1809 1091 ex
1846 1050 2050 1091 amore
2088 1034 2351 1107 honoriS,
2386 1032 2516 1092 lucri

425 1140 486 1193 et
521 1135 736 1203 famae,
775 1135 870 1192 cui
903 1135 1119 1209 servit,
1173 1139 1234 1192 ct
1269 1136 1413 1209 quia
1446 1150 1653 1191 verum
1692 1133 1814 1192 tale
1852 1140 1964 1203 est,
1998 1137 2187 1193 etiam
2224 1135 2369 1193 fides
2402 1134 2515 1192 talis
2619 1185 2620 1188 ,

427 1242 546 1310 est3
583 1233 722 1292 inde
765 1241 858 1292 est
896 1233 1054 1309 quod
1088 1233 1239 1293 haec
1267 1233 1418 1292 fides
1456 1252 1572 1292 non
1608 1234 1686 1290 sit
1720 1233 1871 1292 fides
1908 1237 2040 1292 veri
2068 1235 2391 1307 Ecclesiae,
2427 1249 2517 1292 seu
2618 1245 2620 1300 3

423 1334 574 1394 fides
601 1333 986 1410 inspirituali
1013 1351 1216 1408 sensu,
1249 1334 1445 1392 sedin
1471 1334 1745 1410 naturali,
1778 1351 1935 1410 quae
1958 1341 2054 1393 est
2082 1338 2365 1394 scientia:
2393 1351 2518 1410 qua·
2619 1363 2620 1370 κ

423 1441 671 1513 propter
707 1437 904 1503 etiam,
943 1436 1086 1509 quia
1107 1434 1255 1493 nihil
1285 1435 1417 1512 ejus
1454 1441 1547 1492 est
1580 1436 1641 1491 in
1668 1438 1883 1510 spiritu‘
1917 1435 2197 1508 hominis,
2234 1435 2341 1494 sed
2368 1432 2517 1492 modo
2619 1433 2620 1442 ’

224 1535 382 1598 [206]
421 1537 482 1594 in
519 1537 649 1613 ejus
685 1536 974 1594 memoria
1010 1551 1130 1592 una
1158 1551 1292 1593 cum
1331 1534 1464 1594 aliis
1497 1534 1677 1594 rebus
1720 1535 1955 1610 mundi,
2012 1536 2153 1595 ideo
2192 1538 2369 1595 ‘ctiam
2400 1539 2516 1610 post

422 1644 671 1695 mortem
707 1636 1034 1711 dissipatur
1045 1655 1062 1710 ς
1099 1635 1160 1693 id
1196 1637 1350 1694 enim
1380 1634 1573 1693 solum
1606 1635 1767 1712 apud
1800 1635 2105 1695 hominem
2133 1643 2275 1713 post
2298 1639 2513 1692 mortem

421 1743 621 1795 manet
659 1736 819 1813 quod
855 1743 948 1794 est
987 1735 1116 1812 ejus
1155 1738 1394 1806 amm-ie,
1434 1751 1571 1793 nam
1608 1741 1675 1793 ut
1711 1735 1931 1793 dictum
1964 1743 2090 1812 cst,
2134 1754 2298 1794 amor
2332 1736 2511 1793 format

423 1835 710 1913 Spiritum
737 1837 1023 1908 hominiS,
1067 1843 1126 1894 et
1161 1835 1339 1894 homo
1378 1836 1579 1912 quoad
1608 1834 1893 1912 Spiritum
1934 1845 2030 1895 est
2060 1853 2313 1913 prorsus
2351 1832 2510 1911 qualis

424 1937 558 2014 ejus
613 1953 779 1994 amor
792 1955 808 2012 3
865 1919 1097 2011 reliq'ua
1152 1936 1222 1994 de
1285 1935 1592 1994 Charitate
1655 1943 1715 1994 et
1769 1935 1907 1994 inde
1958 1937 2077 1995 fide
2130 1937 2427 1996 videantur
2464 1933 2512 1988 in

422 2037 747 2095 Doc'rnnu
783 2036 996 2094 Novam
1035 2036 1529 2095 Hmaosonnmn
1549 2080 1566 2109 ,
1620 2035 1724 2094 ubi
1772 2037 1968 2112 agitur
2020 2037 2101 2096 de
2152 2037 2425 2095 charitate
2464 2037 2512 2090 et

421 2137 570 2206 fide,
621 2155 696 2194 n:
742 2138 827 2194 84
888 2136 964 2194 ad
1019 2139 1153 2196 106
1217 2139 1282 2194 et
1338 2138 1475 2195 108
1526 2135 1603 2194 ad
1660 2139 1833 2212 1223
1890 2143 1950 2195 et
2004 2139 2066 2194 in
2104 2135 2405 2213 Opusculo
2452 2131 2510 2188 de

420 2237 672 2297 Une-mo
715 2236 964 2296 Jumclo
1031 2255 1099 2295 n:
1157 2238 1244 2296 33
1295 2235 1373 2294 ad
1434 2238 1557 2311 39,
1616 2237 1718 2294 ubi
1768 2237 2107 2296 ostenditur
2162 2236 2320 2313 quod
2376 2229 2510 2292 nulla

418 2337 569 2396 fides
621 2341 700 2398 sit
735 2337 838 2395 ubi
888 2354 1006 2394 non
1045 2337 1323 2396 charitas,
1408 2333 1583 2410 Quod
1622 2336 1905 2397 Sanctum
1956 2341 2018 2396 in
2054 2337 2264 2399 Verbo
2312 2335 2509 2394 dicatur

421 2439 496 2497 de
531 2437 748 2498 Divino
785 2437 982 2507 Vero,
1035 2446 1095 2496 et
1147 2436 1284 2496 inde
1314 2437 1398 2498 de
1434 2437 1727 2496 charitate
1766 2446 1825 2496 et
1861 2439 1993 2515 ejus
2030 2439 2185 2512 fide,
2242 2439 2452 2497 constat
2478 2448 2506 2487 a

420 2539 568 2599 locis
610 2539 692 2597 ibi
729 2539 834 2597 ubi
869 2540 1238 2612 nominatur3
1291 2545 1433 2596 sunt
1463 2537 1584 2595 duo
1636 2555 1789 2612 quae
1826 2537 2165 2614 procedunt
2200 2557 2237 2595 a
2268 2537 2507 2603 Domino,

424 2658 494 2699 ac
523 2643 892 2716 recipiuntur
924 2638 998 2696 ab
1027 2638 1296 2714 AngeliS,
1327 2639 1612 2697 Divinum
1639 2637 1871 2696 Bonum
1900 2645 1963 2696 et
1989 2639 2279 2698 Divinum
2300 2637 2506 2704 Verum;

414 2740 566 2799 haec
603 2740 720 2798 duo
757 2742 924 2796 unita
946 2738 1282 2814 procedunt
1317 2757 1356 2796 a
1384 2739 1662 2812 Domin0,
1706 2738 1817 2798 sed
1842 2739 1917 2798 ab
1952 2738 2200 2815 Angelis
2238 2738 2503 2813 recipiun-

419 2847 518 2898 tur
547 2841 712 2896 varie
731 2859 748 2914 3
787 2839 1030 2917 quidam
1066 2841 1366 2914 recipiunt
1394 2839 1679 2896 Divinum
1706 2838 1939 2897 Bonum
1976 2839 2119 2915 plus
2158 2856 2333 2918 quam
2365 2834 2505 2895 Divi-

419 2957 562 2996 num
591 2937 852 3012 Verum,
895 2947 954 2996 et
991 2939 1230 3014 quidam
1265 2939 1564 3014 'recipiunt
1597 2937 1881 2998 Divinum
1919 2939 2152 2998 Verum
2186 2939 2321 3016 plus
2358 2949 2503 3012 quam

421 3038 990 3113 Divinum-Bonum,
1031 3039 1117 3097 illi
1143 3041 1246 3116 qui
1281 3039 1420 3116 plus
1456 3041 1754 3116 recipiunt
1780 3040 2064 3099 Divinum
2090 3040 2325 3099 Bonum
2358 3049 2501 3113 quam

421 3139 703 3199 Divinum
742 3138 1002 3212 Verum,
1059 3137 1427 3214 constitn'unt
1460 3139 1732 3216 Regnum
1774 3140 2037 3200 coeleste
2072 3140 2316 3199 Domini
2346 3143 2401 3196 et
2428 3131 2499 3190 di·

352 3307 355 3312 ³
424 3243 637 3296 cuntur
671 3237 889 3313 Angeli
942 3239 1265 3312 coelesteS,
1317 3257 1389 3299 ac
1438 3243 1500 3298 in
1534 3239 1737 3299 Verbo
1784 3247 2076 3299 vocantur
2116 3240 2281 3300 Justi
2292 3259 2309 3316 3
2362 3230 2499 3294 atilli

425 3340 527 3416 qui
586 3339 884 3414 recipiunt
943 3338 1080 3414 plus
1128 3339 1415 3398 Divinum
1462 3339 1689 3398 Verum
1746 3358 1923 3415 quam
1959 3340 2253 3400 Divinum
2286 3341 2494 3402 Bonum,

423 3441 790 3503 constituunt
832 3437 1104 3515 Regnum
1168 3440 1481 3517 spirituale
1541 3440 1811 3515 Domini,
1880 3457 1951 3498 ac
1996 3440 2273 3501 dicuntur
2319 3429 2495 3510 Angeli

422 3539 813 3618 SpiritualeS,
853 3545 915 3598 et
952 3541 1012 3598 in
1038 3538 1242 3599 Verbo
1267 3547 1561 3599 vocantur
1588 3539 1820 3623 Sancti,
1860 3540 1933 3600 de
1968 3541 2125 3600 binis
2160 3541 2280 3601 illis
2310 3531 2492 3612 Reguis

423 3647 484 3700 et
519 3641 592 3700 de
619 3639 870 3717 Angelis
909 3657 1114 3699 eorum
1138 3639 1417 3700 videatur
1450 3643 1512 3699 in
1548 3639 1750 3716 Opere
1788 3640 1861 3699 de
1902 3640 2104 3700 Coeno
2131 3657 2209 3700 m*
2238 3641 2490 3700 Ismaro,

420 3759 496 3800 n:
554 3743 644 3800 20
685 3740 761 3799 ad
803 3741 924 3816 283
979 3741 1114 3799 inde
1169 3746 1294 3816 est,
1354 3739 1516 3818 quod
1558 3757 1670 3817 per
1715 3737 1963 3799 Jusstum
2008 3748 2070 3800 et
2113 3741 2406 3801 ,Iustitiam
2444 3732 2490 3786 in

416 3841 624 3902 Verbo
659 3841 1030 3918 intelligatur
1062 3842 1346 3902 Divinum
1383 3841 1620 3902 Bonum
1658 3847 1717 3899 et
1754 3841 1911 3917 quod
1945 3842 2083 3901 inde
2118 3839 2397 3917 procedit,
2434 3843 2486 3888 ac

423 3941 584 4018 quod
616 3959 728 4021 per
765 3938 1050 4003 Sancttim
1087 3949 1147 4002 et
1174 3939 1567 4002 Sanctitatem
1600 3941 1969 4018 intelligatur
1992 3940 2274 4000 Divinum
2304 3937 2486 3998 Verum

425 4047 484 4096 et
519 4041 681 4116 quod
712 4042 849 4100 inde
883 4043 1183 4119 procedit.-
1241 4059 1314 4102 ex
1347 4043 1443 4102 his
1481 4047 1757 4102 constare
1791 4049 2022 4118 potest,
2066 4041 2204 4119 quid
2238 4043 2295 4098 in
2325 4030 2482 4095 Verbo

423 4137 774 4210 intelligitur
807 4157 915 4212 per
941 4139 1263 4226 justificari
1298 4149 1359 4202 et
1396 4142 1538 4218 quid
1572 4159 1683 4218 per
1718 4143 2109 4216 sanctificari3
2166 4147 2231 4198 ut
2260 4143 2319 4197 in
2348 4135 2480 4208 Apo-

429 4231 660 4307 calypsi
696 4232 884 4308 „Qui
917 4237 1151 4300 Justus
1185 4245 1280 4301 est
1297 4241 1699 4324 justificetur
1732 4239 1956 4317 adhuc,
1996 4239 2107 4320 qui
2132 4238 2384 4300 Sanetus
2410 4227 2479 4287 est
