2700 4792
452 334 560 388 362
713 321 1209 378 APOCALYPSIS
1251 322 1682 382 EXPLIOATA.
1738 321 1785 390 §-
1828 332 1957 388 229.
1998 333 2127 388 230.
2166 331 2298 386 231.

449 485 752 544 creatione
797 497 910 542 seu
943 486 1397 558 regeneratione
1432 482 1688 542 hominis
1724 483 2041 544 Ecclesiae
2092 489 2261 558 tunc,
2308 481 2535 556 dicatur,

449 583 610 662 quod
670 584 927 659 primum
977 584 1138 642 facta
1181 586 1261 640 sit
1308 582 1473 653 Lux,
1535 599 1605 641 ac
1665 591 1881 660 postea
1930 583 2038 644 Sol
2085 590 2145 644 et
2191 582 2360 642 Luna
2385 625 2403 652 ,
2455 583 2537 639 vi·
2606 649 2611 654 ,

451 685 662 744 deatur
711 683 796 742 ibi
845 683 1027 744 Vers:
1072 683 1108 741 3
1149 682 1227 741 ad
1277 683 1312 743 5
1379 689 1441 741 et
1490 687 1576 742 14
1616 683 1695 742 ad
1737 687 1854 759 19,
1912 702 2055 744 cum
2088 690 2289 744 tamen
2330 681 2431 742 Sol
2462 685 2540 743 est

446 786 706 862 primum
743 790 802 844 et
837 783 968 842 Lux
1007 788 1101 843 est
1133 782 1272 845 inde
1288 802 1304 859 3
1362 783 1523 860 quod
1557 783 1692 842 Lux
1737 786 1997 861 primum
2054 785 2371 844 creationis
2404 781 2543 840 dicta

447 885 656 958 fuerit,
715 889 846 944 erat
881 886 1022 959 quia
1055 900 1165 958 per
1198 884 1420 944 Lucem
1474 883 1842 960 significatur
1876 903 2092 946 verum
2128 884 2296 958 fidei,
2352 900 2419 942 ac
2448 897 2541 956 per

452 984 655 1047 Solem
692 991 752 1043 et
787 983 1014 1042 Lunam
1051 985 1270 1042 bonum
1315 986 1535 1042 amoris
1573 992 1633 1042 et
1668 984 2015 1045 charitatis:
2057 985 2217 1062 quod
2253 1001 2361 1060 per
2394 997 2541 1042 erea-

444 1087 666 1144 tionem
705 1083 874 1144 Coeli
909 1090 970 1142 et
1005 1083 1231 1144 Terrae
1275 1085 1336 1142 in
1384 1085 1585 1143 Primo
1624 1083 1839 1161 Capite
1893 1085 2215 1146 Geneseos
2275 1087 2333 1142 in
2380 1097 2540 1141 sensu

447 1184 748 1262 spirituali
779 1184 1146 1260 intelligatur
1181 1189 1242 1242 et
1279 1184 1655 1244 describatur
1691 1203 1851 1244 nova
1886 1188 2121 1246 creatio
2158 1186 2407 1244 hominis
2438 1183 2538 1240 Ec-

447 1285 669 1350 clesiae
698 1284 979 1345 coelestis
1011 1301 1120 1344 seu
1147 1287 1522 1358 regeneratio
1562 1286 1713 1363 ejuS,
1755 1285 2035 1345 videatur
2062 1289 2125 1346 in
2152 1285 2538 1361 Explicatione

445 1385 610 1450 illius
648 1385 876 1460 Capitis
915 1387 978 1442 in
1003 1386 1285 1444 AncAms
1322 1383 1771 1461 Concnsrmm,
1810 1393 1936 1444 tum
1976 1405 2047 1446 n:
2096 1388 2309 1446 8891.
2353 1385 2535 1442 9942.

457 1487 731 1548 10545:
804 1485 962 1561 quod
1011 1485 1144 1544 Lux
1191 1485 1486 1562 significet
1519 1486 1745 1546 Verum
1796 1505 1871 1546 ex
1927 1487 2121 1557 bono,
2182 1489 2269 1544 ita
2328 1497 2535 1561 quoque

445 1605 658 1648 verum
693 1586 850 1658 fidei,
889 1585 1164 1644 videatur
1199 1586 1258 1642 in
1288 1583 1491 1662 Opere
1526 1586 1603 1646 de
1644 1585 1845 1646 Conco
1884 1607 1964 1646 m·
2002 1589 2286 1648 ΙΝηιιΝο
2322 1603 2377 1644 n:
2419 1582 2532 1640 126

447 1689 525 1749 ad
567 1689 740 1747 140:
779 1703 850 1744 ac
881 1687 1040 1762 quod
1068 1684 1172 1745 Sol
1205 1687 1501 1761 significet
1532 1687 1751 1748 bonum
1789 1693 2009 1750 amoris
2050 1695 2115 1750 et
2141 1687 2315 1749 Luna
2343 1685 2535 1743 bonum

448 1789 792 1856 charitatis,
825 1793 1140 1863 utrumque
1178 1803 1215 1844 a
1247 1786 1506 1845 Domino
1528 1831 1543 1857 ,
1592 1791 1653 1847 in
1691 1788 1899 1848 eodem
1938 1789 2145 1867 Opere
2200 1805 2267 1846 n:
2313 1789 2340 1844 1
2363 1785 2437 1842 16
2472 1779 2534 1837 ad

457 1888 615 1948 125.
661 1889 819 1944 146.
866 1887 957 1946 Ex
991 1887 1084 1946 his
1121 1905 1276 1946 nunc
1319 1893 1595 1947 constare
1629 1894 1847 1964 potest,
1884 1891 2029 1965 quid
2066 1887 2357 1966 significat
2386 1883 2529 1960 prin-

449 1988 667 2067 cipium
695 1985 915 2062 opificii
937 1987 1084 2057 Del,
1122 1987 1281 2064 quod
1316 2005 1533 2065 nempe
1558 1988 1737 2050 fidem
1764 2007 1801 2046 a
1824 1989 2087 2050 Domino
2126 2006 2281 2066 quae
2306 1988 2530 2063 primum

442 2087 756 2150 Ecclesiae
795 2087 1005 2163 quoad
1031 2105 1150 2164 app
1163 2089 1470 2146 arentiam.

605 2189 766 2246 230.
819 2189 976 2248 Novi
1008 2197 1114 2246 tua
1149 2206 1364 2266 opera,
1422 2189 1581 2265 quod
1628 2191 1923 2266 significet
1954 2195 2144 2251 vitam
2182 2188 2363 2249 solius
2394 2180 2525 2250 fidei,

447 2295 684 2350 constat
719 2306 795 2348 ex
829 2289 1256 2366 significatione
1293 2307 1574 2366 operum,
1616 2291 1772 2368 quod
1808 2295 1927 2352 sint
1956 2293 2067 2354 illa
2104 2307 2258 2368 quae
2293 2289 2421 2345 sunt
2448 2282 2525 2338 in-

445 2393 679 2452 terioris
714 2392 874 2450 vitae
909 2385 1189 2462 hominia,
1245 2392 1391 2466 quia
1424 2408 1611 2467 opera
1646 2393 1722 2450 ab
1756 2392 1877 2452 illis
1911 2391 2267 2470 procedunt,
2308 2402 2373 2445 ac
2408 2382 2525 2440 sunt

447 2509 654 2552 eorum
691 2491 968 2566 effectus,
1009 2491 1082 2550 de
1119 2508 1238 2567 qna
1271 2507 1459 2567 supra
1491 2509 1559 2551 n.
1598 2496 1626 2550 1
1648 2495 1818 2552 57.1
1840 2494 2103 2586 853l1ic
2137 2496 2337 2567 itaque
2370 2479 2525 2558 signi-

445 2593 628 2656 ficant
661 2595 850 2652 vitam
889 2593 1076 2652 solius
1111 2591 1276 2665 fidei,
1335 2594 1478 2668 quia
1520 2593 1583 2650 in
1618 2596 1857 2670 scriptis
1912 2593 1991 2652 ad
2036 2595 2195 2654 hanc
2228 2583 2522 2650 Ecclesiam
2618 2603 2620 2606 ⁴

445 2695 522 2754 de
561 2711 635 2754 ea
671 2695 881 2770 agitur
963 2692 1060 2752 Ad
1107 2692 1375 2768 singulas
1411 2692 1717 2752 Ecclesias
1767 2696 2201 2770 praemittitur,
2252 2683 2391 2750 novi
2430 2685 2524 2740 twa

445 2813 654 2873 opera,
693 2811 763 2852 ac
791 2793 986 2852 ubivis
1015 2792 1346 2869 significant
1378 2791 1485 2851 illa
1511 2790 1842 2868 Ecclesiae,
1882 2795 1956 2854 de
1984 2796 2203 2872 quibus
2230 2791 2311 2850 ibi
2336 2785 2519 2860 agitur,

447 2895 722 2954 videatur
756 2910 942 2970 supra
969 2913 1038 2952 n:
1086 2894 1207 2952 98:
1265 2893 1461 2968 qualis
1507 2897 1711 2970 itaque
1746 2897 1872 2954 vita
1906 2895 2097 2954 solius
2132 2892 2271 2956 fidei
2304 2892 2391 2949 est
2430 2893 2522 2939 seu

447 2991 586 3052 fidei
623 3000 942 3069 separatae
993 3012 1031 3052 a
1081 2993 1401 3067 charitate,
1455 2993 1813 3054 describitur
1858 2998 1921 3053 in
1954 3013 2111 3056 nunc
2146 2982 2517 3068 sequentibus·

605 3096 766 3153 231.
825 3091 1144 3169 Quod-nec
1181 3094 1431 3170 frigidus
1476 3097 1561 3153 sis
1597 3111 1708 3153 nec
1744 3094 2013 3173 calidus,
2060 3094 2221 3172 quod
2263 3080 2518 3165 signifi&t

451 3193 610 3270 quod
645 3194 753 3266 sit,
818 3196 958 3269 quia
1003 3194 1234 3270 absque
1271 3193 1595 3270 charitate,
1644 3197 1801 3254 inter
1851 3194 2101 3256 Coelum
2138 3202 2199 3256 et
2230 3190 2513 3252 Infernum,

448 3299 680 3353 constat
728 3311 802 3351 ex
850 3295 1280 3372 significatione
1331 3295 1560 3371 frigidi,
1615 3296 1775 3370 quod
1822 3298 1901 3354 sit
1944 3300 2047 3372 qui
2092 3314 2211 3356 non
2254 3295 2314 3351 in
2344 3289 2517 3344 amore

445 3393 740 3472 spirituali
787 3394 896 3453 sed
943 3397 1004 3454 in
1039 3411 1238 3454 amore
1276 3395 1581 3468 infernali,
1630 3395 1703 3456 de
1742 3412 1861 3472 qua
1908 3400 2209 3474 sequitur3
2262 3396 2319 3450 et
2350 3401 2416 3445 ex
2444 3377 2513 3436 Si-

445 3495 822 3574 gnificatione
861 3496 1066 3569 calidi,
1133 3495 1291 3570 quod
1326 3497 1407 3555 sit
1457 3497 1561 3572 qui
1608 3497 1672 3556 in
1706 3513 1907 3555 amore
1944 3496 2263 3574 spirituali,
2294 3487 2387 3546 (16
2416 3489 2511 3555 (111⁸

447 3599 624 3658 etiam
653 3598 954 3680 sequitur3
991 3596 1126 3656 inde
1153 3602 1342 3672 patet,
1383 3595 1542 3672 quod
1574 3614 1687 3672 per
1722 3597 1880 3672 quod
1906 3613 2019 3658 nec
2044 3597 2288 3674 frigidus
2320 3588 2395 3646 8ίὸ
2418 3589 2507 3637 1¹0⁰

449 3697 716 3770 caliduS,
769 3697 1136 3773 significetur
1183 3696 1346 3773 quod
1393 3714 1505 3756 nec
1542 3697 1621 3754 sit
1664 3698 1728 3754 in
1762 3713 1964 3758 amore
2000 3695 2271 3758 infernali
2318 3697 2416 3746 nec
2457 3677 2505 3732 in

443 3815 646 3858 amore
678 3797 1000 3874 spirituali,
1049 3798 1158 3858 sed
1190 3799 1346 3857 inter
1383 3802 1731 3872 utrumque,
1772 3805 1834 3857 et
1868 3801 1969 3874 qui
2006 3805 2099 3858 est
2128 3799 2277 3856 inter
2308 3791 2499 3846 utrum‘

446 3917 564 3976 que
599 3900 652 3958 is
692 3903 785 3958 est
818 3899 972 3957 inter
1005 3897 1310 3958 Infernum
1347 3904 1408 3956 et
1444 3896 1710 3958 Coelum.
1782 3898 1957 3974 Quod
1992 3898 2146 3958 tales
2193 3898 2303 3956 sint
2344 3897 2429 3961 qm
2454 3874 2503 3930 ¹¹³

443 3999 576 4058 sola
619 3998 734 4058 fide
783 4015 894 4058 seu
953 4000 1013 4058 in
1059 3997 1175 4058 fide
1221 4003 1507 4075 separata
1552 4016 1589 4057 a
1625 3997 1949 4074 charitate,
2016 3997 2275 4058 nondum
2324 3982 2497 4045 scitum

449 4101 575 4164 est,
629 4097 739 4152 sed
791 4097 950 4170 quod
981 4097 1070 4156 illi
1105 4101 1251 4168 sint,
1301 4104 1474 4175 patet
1520 4116 1595 4157 ex
1640 4098 1891 4176 singulis
1938 4116 2095 4182 quae
2144 4098 2219 4158 ad
2248 4077 2498 4162 Angelum

445 4189 625 4264 hujus
661 4191 971 4252 Ecclesiae
1022 4199 1247 4273 scripta
1299 4204 1467 4274 sunt,
1514 4203 1573 4258 et
1620 4205 1941 4274 praeterea
1978 4217 2051 4260 ex
2088 4217 2189 4276 eo,
2240 4183 2379 4272 ‹1110‘1
2415 4183 2497 4251 ‘1¹¹¹
