2700 4792
382 337 603 394 CAPUT
643 337 978 394 TERTIUM.
1748 339 1961 403 VERS:
2006 353 2058 404 1.
2209 354 2325 408 *265

211 500 484 576 Corpus,
547 500 688 558 sciri
735 505 938 576 potest
987 497 1150 576 quod
1183 497 1468 560 Divinum
1482 543 1500 574 ,
1566 498 1729 577 quod
1774 507 2021 560 vocatur
2068 477 2326 579 Spiritus

211 599 510 676 SanctuS,
568 607 744 659 excat
783 605 844 658 et
878 599 1168 676 procedat
1210 617 1286 658 ex
1320 598 1543 662 Divino
1582 599 1783 676 Ipsius
1820 619 1929 678 per
1960 603 2323 680 Humanum,

207 703 304 760 ita
338 700 668 760 >cx-Divino
695 699 1000 774 Humano,
1047 699 1194 758 nihil
1219 700 1379 758 enim
1408 701 1726 776 quicquam
1760 703 2089 777 procedere
2124 711 2329 780 potest

210 820 254 860 a
294 799 560 878 Corpore
607 803 725 860 nisi
759 817 938 877 quam
991 817 1064 858 ex
1099 799 1315 858 Anima
1362 817 1472 875 per
1524 799 1785 878 Corpus,
1836 806 2113 879 quoniam
2154 822 2326 864 omne

209 903 378 961 vitae
417 904 821 980 corporis-est
859 919 932 960 ex
970 901 1102 977 ejus
1141 901 1373 976 anima3
1422 905 1481 958 et
1520 902 1661 977 quia
1692 903 1847 961 sicut
1889 903 2071 962 Pater
2104 907 2186 962 ita
2222 906 2326 963 Fi·-

209 1001 336 1076 lius
385 1008 480 1061 est
523 1000 870 1075 Incrcatus,
921 1000 1226 1073 Infinitus,
1283 999 1611 1076 Aeternus,
1666 999 2083 1080 Omnipotens,
2134 1005 2323 1074 Deus,

215 1102 545 1177 Dominus,
605 1108 666 1161 et
693 1119 868 1162 nemo
902 1102 1122 1160 Eorum
1157 1101 1397 1159 Primus
1436 1108 1497 1160 et
1540 1101 1799 1162 Ultimus
1818 1147 1834 1177 ,
1881 1120 1991 1164 nec
2025 1103 2325 1164 Maximus

218 1208 330 1260 aut
359 1202 669 1276 MinimuS,
721 1205 993 1278 sequitur
1021 1200 1184 1276 quod
1214 1200 1497 1259 Divinum
1532 1201 1903 1277 Procedens,
1954 1205 2114 1279 quod
2140 1221 2326 1264 voca·-

209 1308 316 1360 tur
364 1301 628 1379 Spiritus
678 1301 962 1373 Sanctus,
1015 1299 1306 1378 procedat
1354 1300 1431 1360 ab
1478 1299 1621 1378 Ipso
1660 1302 1881 1362 Divino
1926 1303 2168 1363 Domini
2214 1323 2326 1380 per

209 1401 562 1460 Humanum
596 1402 834 1482 Ipsius9
877 1408 938 1461 ct
969 1419 1088 1460 non
1125 1417 1162 1458 a
1195 1401 1417 1460 Divino
1458 1401 1607 1478 alio,
1648 1402 1807 1479 quod
1838 1403 2021 1464 Pater
2052 1411 2323 1478 vocatur,

209 1519 350 1562 nam
389 1502 567 1562 docet
606 1502 898 1562 Dominus
936 1500 1096 1578 quod
1129 1501 1312 1561 Pater
1349 1508 1410 1559 et
1443 1500 1585 1578 Ipse
1620 1521 1801 1561 unum
1838 1505 1989 1574 siut,
2034 1521 2107 1564 ac
2142 1505 2327 1564 Pater

209 1605 276 1661 in
321 1603 470 1679 Ipso
525 1610 586 1662 et
629 1603 772 1678 Ipse
823 1605 886 1660 in
929 1603 1138 1676 Patre,
1201 1602 1276 1660 de
1325 1617 1443 1677 quo
1490 1603 1763 1664 videatur
1808 1605 1961 1662 infra
2032 1624 2105 1664 n:
2162 1607 2321 1664 200.

217 1703 344 1762 Sed
393 1704 556 1779 quod
591 1703 868 1780 plerique
911 1705 972 1760 in
1002 1691 1336 1760 Christiano
1372 1699 1531 1762 Orbe
1570 1703 1744 1763 alit-cr
1792 1705 1968 1764 corde
2006 1723 2115 1764 suo
2157 1707 2324 1780 cogi·-

214 1809 373 1878 tcnt,
419 1809 480 1862 et
520 1803 661 1863 inde
697 1804 869 1862 aliter
905 1801 1180 1872 credant,
1233 1801 1509 1860 dixerunt
1543 1803 1789 1880 Angeli,
1844 1805 2003 1880 quod
2036 1805 2149 1864 hoc
2187 1804 2325 1864 inde

211 1907 323 1974 sit,
375 1905 520 1979 quia
555 1903 628 1962 de
672 1904 948 1962 Humano
987 1903 1226 1961 Domini
1273 1909 1559 1977 separato
1593 1921 1629 1961 a
1662 1905 1881 1964 Divino
1918 1905 2119 1981 Ipsius
2156 1907 2324 1982 cogi-

209 2009 372 2074 tant,
433 2003 592 2079 quod
637 2009 838 2064 tamen
887 2009 981 2062 est
1029 2010 1234 2063 cont-ra
1279 2001 1657 2073 Doctrinam‚
1708 2023 1863 2080 quac
1917 2005 2119 2075 docet,
2166 2004 2328 2088 quod
2439 2023 2451 2034 ·

214 2105 506 2163 Divinum
545 2109 605 2163 ct
635 2103 983 2162 Humanum
1011 2103 1254 2162 Domini
1287 2118 1407 2160 non
1443 2107 1561 2162 sint
1597 2104 1713 2162 duo
1751 2105 1859 2164 sed
1894 2107 2069 2164 unica
2099 2107 2324 2164 Perso-

213 2221 326 2278 na,
382 2220 454 2262 ac
501 2206 667 2262 unita
713 2206 870 2264 sicut
905 2205 1104 2261 anima
1142 2210 1202 2262 et
1249 2217 1487 2276 corpus.
1541 2203 1623 2264 Ut
1656 2203 1769 2263 hoc
1807 2207 1886 2263 sit
1929 2207 1989 2263 i'n
2037 2207 2329 2266 Doctrina

217 2305 404 2362 totius
445 2301 624 2362 Orbis
675 2303 1026 2379 Christiani,
1090 2305 1403 2380 provisum
1453 2309 1547 2363 est
1599 2321 1636 2361 a
1680 2304 1937 2364 Domino
1952 2333 1974 2379 ,-
2022 2309 2163 2384 quia
2213 2305 2328 2364 hoc

216 2402 560 2463 Essentiale
588 2403 898 2464 Ecclesiae
936 2409 1054 2477 est,
1095 2410 1154 2462 ct
1188 2402 1777 2464 Essentialesalutis
1816 2407 2093 2462 omnium.
2150 2403 2327 2480 Quod

223 2508 436 2560 autem’
487 2501 854 2564 distinxerint
897 2504 1182 2564 Divinum
1241 2511 1302 2562 et
1348 2503 1691 2563 Humanum
1743 2504 1983 2562 Domini
2028 2507 2089 2561 in
2151 2503 2325 2562 binas

227 2601 518 2676 Naturas,
569 2611 624 2664 ct
660 2604 916 2664 dixerint
964 2603 1124 2680 quod
1152 2604 1445 2663 Dominus
1490 2605 1569 2662 sit
1613 2604 1783 2662 Deus
1820 2619 1893 2662 ex
1930 2602 2163 2662 Natura
2196 2603 2323 2660 Pa·-

219 2705 330 2761 tris
339 2747 360 2778 ,
425 2709 486 2761 et
526 2703 722 2763 Homo
771 2721 846 2764 cx
879 2703 1110 2764 Natura
1155 2707 1396 2775 matris,
1475 2709 1605 2762 erat
1658 2709 1749 2763 cx'
1786 2718 1972 2762 causa
2018 2703 2159 2780 quia
2206 2719 2327 2760 non

211 2809 511 2863 noverunt
526 2849 544 2879 ,
619 2804 778 2881 quod
825 2821 957 2864 cum
1003 2804 1296 2864 Dominus
1358 2804 1537 2882 plcnc
1582 2803 1937 2880 glorificavit
1981 2804 2325 2862 Humanum

214 2917 390 2962 suum
406 2947 422 2977 ,
493 2907 726 2964 exuerit
772 2903 1114 2964 Humanum
1163 2922 1238 2964 ex
1283 2912 1507 2974 matre,
1574 2910 1635 2963 et
1678 2903 1939 2963 induerit
1982 2903 2323 2963 Humanum

215 3019 290 3061 ex
322 3003 508 3062 Patre
528 3047 544 3074 ,
598 3005 924 3062 secundum
963 3004 1070 3063 illa
1105 3021 1260 3079 quac
1307 3007 1369 3064 in
1401 3005 1730 3065 Docwmm
1763 3002 2323 3066 NounHmnoso-

209 3119 422 3162 unum
479 3122 552 3161 n:
609 3105 746 3164 295
835 3111 1082 3164 ostensa
1129 3111 1292 3180 tunt3
1366 3105 1530 3183 quod
1587 3105 1701 3164 hoc
1752 3107 1932 3163 etiam
1979 3105 2201 3179 factum
2250 3105 2328 3163 sit

212 3205 274 3260 in
311 3201 580 3262 Concilio
615 3210 862 3280 propter
896 3205 1127 3281 Papam
1162 3203 1238 3262 ab
1273 3205 1393 3265 illis
1444 3207 1545 3280 qui
1592 3205 1675 3264 ibi
1722 3211 1900 3279 tunc,
1952 3213 2019 3263 ut
2064 3223 2173 3282 pro
2215 3204 2328 3264 Vi-

217 3303 384 3360 cario
421 3302 620 3379 Ipsius
657 3307 903 3380 agnosci
935 3310 1178 3381 posset,
1253 3305 1527 3364 videatur
1568 3307 1627 3363 in
1664 3306 1941 3366 Anonms
1982 3305 2320 3365 GonnEs'rr-
2364 3306 2525 3370 [179]

217 3419 370 3474 nus,
417 3419 489 3461 n:
537 3405 750 3463 4738.
809 3404 986 3480 Quod
1033 3403 1294 3480 Spiritus
1345 3405 1464 3464 Dei
1515 3408 1593 3464 sit
1631 3406 1918 3483 Divinum
1953 3404 2181 3464 Verum
2195 3449 2214 3479 ,
2266 3409 2325 3462 ct

207 3500 352 3560 inde
395 3501 538 3561 Vita
583 3504 910 3580 spiritualis
957 3504 1180 3562 homini
1197 3549 1214 3579 ‚
1277 3507 1379 3581 qui
1424 3505 1573 3564 illud
1618 3506 1857 3581 recipit,
1910 3509 2081 3580 patet
2130 3502 2323 3562 adhuc

209 3601 288 3660 ab
336 3601 432 3660 his
479 3603 670 3680 locisj
738 3603 902 3681 apud
941 3603 1200 3664 Micham
1283 3603 1482 3683 „Eyo
1529 3603 1830 3683 impletus
1885 3620 2029 3663 sum
2092 3599 2327 3662 virtute

206 3719 356 3762 oum
389 3702 632 3782 spiritu
653 3702 942 3779 Jehovae,
981 3708 1041 3762 et
1057 3701 1364 3785 judicio“
1400 3704 1519 3762 III:
1554 3695 1615 3763 8.
1666 3701 1846 3778 Apud
1870 3702 2112 3778 Esajam
2144 3699 2324 3779 „Ef-

193 3799 487 3880 fundam
529 3821 732 3882 aquas·
777 3823 966 3882 super
1011 3803 1359 3880 sitientem,
1416 3808 1477 3862 et
1520 3799 1765 3863 rivulos
1810 3818 2001 3877 super
2042 3797 2319 3875 avr-idam,

204 3907 266 3960 et
321 3901 631 3980 spiritum
681 3921 888 3964 meum
939 3918 1128 3984 super
1177 3922 1384 3964 semen
1434 3903 1663 3964 tuum“
1726 3895 1950 3959 XLIV:
2012 3901 2073 3960 3.
2142 3899 2325 3977 Apud

203 4000 482 4061 Eundem
555 4002 684 4078 „In
745 4002 854 4064 die
897 3999 1012 4063 illo
1064 4003 1187 4064 erit
1232 3999 1517 4064 Jehovah
1560 3999 1874 4061 Zebaoth·
1906 3999 1977 4060 in
2022 3998 2326 4080 spiritum

189 4099 447 4182 judicii
509 4101 754 4164 sedenti
809 4121 1000 4182 super
1025 4101 1316 4186 judicia,
1410 4107 1471 4160 et
1523 4100 1596 4162 in
1628 4099 2087 4182 fortitudinem
2132 4098 2320 4162 illm

201 4199 518 4264 XXVIII:
587 4205 645 4263 5.
706 4205 765 4261 6.
843 4202 1026 4280 Apud
1078 4196 1460 4277 Ezechielem
1534 4201 1671 4277 „Ut
1716 4201 2111 4282 ‹toy-noscatis
2159 4199 2327 4281 quod
