2700 4792
411 352 526 408 480
848 341 1350 400 APOCALYPSIS
1392 340 1827 398 EXPLICATA.
1906 341 1955 411 §-
1996 349 2131 403 280.

421 505 662 565 dentiae
697 501 897 578 quoad
931 502 1322 578 sapientiam,
1366 505 1603 561 constat
1638 515 1714 560 ex
1746 497 2179 577 significatione
2214 499 2393 562 faciei
2428 501 2573 564 ho-

415 605 590 664 minis
609 647 629 680 ,
683 599 848 678 quod
879 601 959 661 sit
993 600 1228 662 affectio
1263 603 1429 674 veri,
1464 618 1575 678 per
1609 600 1827 660 faeiem
1862 599 2229 677 significatur
2263 599 2566 679 Affectio,

421 709 484 764 et
524 719 638 780 per
677 701 978 764 hominem
1036 703 1336 779 recipiens
1372 701 1659 760 Divinum
1694 700 1955 776 Verum,
2013 707 2075 761 et
2108 703 2251 778 quia
2308 701 2457 762 inde
2492 705 2565 764 ei

418 801 714 864 rationale
747 819 859 879 per
882 802 1184 864 hominem
1209 801 1577 880 significatur
1602 801 1921 878 sapientia,
1960 800 2139 862 homo
2170 804 2324 862 enim
2358 819 2551 862 orea-

421 910 520 964 tus
557 908 652 964 est
701 908 769 962 ut
829 905 909 964 sit
941 901 1250 964 rationalis
1291 907 1355 963 et
1412 904 1684 980 sapiens,
1737 917 1851 978 per
1912 901 2027 960 hoe
2074 901 2457 979 distinguitur
2508 919 2551 962 a

419 1003 614 1064 brutis
665 1003 1049 1079 animalibus;
1111 1001 1252 1063 inde
1299 1009 1425 1076 est,
1480 1002 1643 1079 quod
1701 1018 1815 1080 per
1872 1001 2175 1062 hominem
2234 1005 2297 1062 in
2334 1001 2553 1064 Verbo

421 1103 790 1182 significetur
813 1105 1126 1180 sapientia.
1183 1103 1359 1180 Quod
1392 1103 1571 1163 homo
1606 1101 1901 1180 significet
1920 1101 2293 1164 affectionem
2324 1105 2465 1164 veri
2492 1109 2561 1165 et

417 1203 600 1264 simul
649 1205 1036 1281 sapientiam,
1093 1211 1187 1264 est
1241 1206 1387 1280 quia
1424 1202 1663 1264 affectio
1705 1205 1833 1263 veri
1888 1209 1951 1263 et
2002 1204 2303 1281 sapientia
2356 1223 2557 1264 unum

417 1312 606 1382 agunt
616 1325 634 1382 3
687 1306 788 1380 qui
821 1306 980 1364 enim
1022 1305 1084 1364 in
1119 1303 1430 1365 affectione
1465 1305 1593 1363 veri
1626 1303 1927 1380 spirituali
1962 1310 2085 1377 est,
2132 1304 2247 1364 hoe
2284 1320 2401 1381 est,
2446 1309 2560 1383 qui

420 1405 676 1466 aflicitur
708 1421 854 1466 vero
887 1421 1000 1465 seu
1033 1411 1198 1465 amat
1238 1423 1451 1466 verum
1484 1405 1629 1482 quia
1664 1411 1759 1466 est
1792 1421 2037 1481 verum,
2090 1407 2145 1465 is
2180 1405 2554 1482 conjunctus

321 1543 328 1550 ·
421 1513 518 1568 est
549 1505 834 1581 Domino,
875 1507 1158 1583 quoniam
1189 1505 1483 1566 Dominus
1518 1507 1581 1564 in
1614 1507 1743 1564 suis
1780 1506 1940 1565 veris
1972 1511 2082 1581 est,
2130 1511 2191 1566 et
2226 1512 2322 1566 est
2357 1523 2554 1568 suum

420 1605 649 1666 Verum
695 1603 860 1683 apud
901 1605 1200 1668 hominem
1217 1650 1234 1682 ,
1287 1605 1427 1667 inde
1476 1607 1532 1666 ei
1564 1606 1891 1682 sapientia,
1941 1612 2010 1668 ‚et
2042 1590 2181 1666 inde
2230 1611 2325 1666 est
2382 1607 2553 1686 quod

419 1706 598 1766 homo
635 1708 730 1766 sit.
789 1692 1045 1782 Quidam
1077 1714 1290 1784 putant
1327 1705 1491 1784 quod
1522 1706 1702 1766 homo
1738 1708 1818 1766 sit
1850 1705 2027 1766 homo
2064 1723 2142 1767 ex
2176 1707 2331 1767 faeie
2372 1716 2445 1769 et
2480 1725 2553 1770 ex

421 1821 701 1882 corpore,
769 1811 832 1864 et
885 1807 1044 1883 quod
1105 1823 1212 1883 per
1276 1806 1385 1866 illa
1458 1807 1858 1884 distinguatur
1912 1823 1951 1865 a
1996 1805 2242 1883 bestiis,
2307 1810 2431 1868 sed
2488 1811 2552 1870 in

421 1921 622 1966 errore
657 1911 830 1978 sunt,
861 1906 1038 1966 homo
1069 1905 1371 1966 esthemo
1408 1923 1485 1966 ex
1510 1909 1827 1984 sapientia,
1866 1923 2052 1984 quare
2091 1915 2389 1986 quantum
2429 1909 2543 1969 ali-

421 2006 556 2082 quis
581 2007 823 2083 sapiens
859 2014 954 2066 est
979 2013 1210 2067 tantum
1245 2006 1560 2068 esthemo:
1587 2007 1727 2068 inde
1752 2014 1861 2082 est,
1902 2006 2062 2084 quod
2090 2011 2195 2086 qui
2228 2011 2545 2087 sapientes

423 2112 588 2179 sunt,
645 2109 706 2167 in
743 2105 927 2168 Coelo
965 2114 1026 2168 et
1059 2108 1118 2166 in
1155 2109 1286 2185 ejus
1334 2107 1471 2167 luce
1509 2115 1842 2185 appareant
1876 2112 1943 2167 ut
1974 2108 2275 2186 homines,
2326 2111 2399 2170 in
2434 2111 2541 2172 de-

421 2223 563 2268 core
611 2214 674 2268 et
703 2207 1148 2284 pulchritudine
1195 2207 1527 2268 seeundum
1560 2210 1947 2286 sapientiam3
2002 2216 2067 2268 at
2098 2227 2243 2270 vero
2281 2213 2389 2287 qui
2423 2227 2544 2270 non

419 2310 732 2386 sapientes
768 2316 926 2384 sunt,
967 2312 1070 2386 qui
1101 2317 1241 2368 sunt
1271 2313 1374 2387 qui
1408 2311 1467 2367 in
1502 2309 1671 2368 nulla
1696 2307 2007 2368 affectione
2042 2311 2340 2387 spirituali
2378 2318 2536 2386 sunt,

419 2409 532 2470 sed
565 2426 730 2470 mere
790 2412 854 2470 in
903 2410 1216 2471 affectione
1264 2409 1557 2485 naturali,
1611 2411 1673 2468 in
1712 2427 1833 2487 qua
1870 2409 2049 2470 homo
2106 2418 2203 2470 est
2250 2429 2388 2472 cum
2424 2429 2541 2472 non

419 2518 582 2571 amat
617 2528 826 2573 verum
863 2513 1006 2588 quia
1041 2516 1138 2570 est
1172 2527 1415 2584 verum,
1472 2510 1584 2572 sed
1618 2513 1760 2587 quia
1804 2510 1943 2570 inde
1984 2513 2042 2571 ei
2073 2511 2283 2589 gloria,
2338 2514 2533 2574 honor

419 2617 484 2671 et
517 2611 747 2674 lucrum
765 2657 782 2689 ,
825 2611 914 2673 illi
947 2613 1006 2671 in
1039 2611 1178 2670 luce
1215 2609 1385 2670 Coeli
1418 2628 1536 2670 non
1573 2617 1867 2688 apparent
1902 2613 2060 2671 sicut
2095 2613 2389 2690 homines,
2429 2610 2539 2673 sed

420 2713 578 2772 sicut
612 2722 878 2774 monstra
911 2715 972 2772 in
1005 2713 1176 2771 varia
1208 2711 1416 2784 forma,
1466 2711 1742 2772 videatur
1774 2713 1837 2770 in
1874 2711 2073 2790 Opere
2108 2711 2179 2772 de
2218 2712 2423 2772 Coeno
2450 2729 2533 2770 m*

413 2810 692 2874 Iuram)
747 2833 814 2874 n:
852 2816 961 2874 70.
1008 2816 1116 2873 72.
1159 2813 1244 2873 73
1285 2811 1365 2870 ad
1404 2817 1514 2873 77.
1548 2815 1659 2872 80:
1720 2817 1781 2871 et
1814 2812 1961 2889 quid
1988 2814 2279 2892 sapientia
2314 2819 2378 2872 et
2411 2828 2534 2870 non

417 2915 742 2988 sapientia,
783 2931 850 2974 n:
891 2917 1028 2976 346
1069 2914 1148 2973 ad
1187 2914 1324 2974 356
1366 2910 1468 2971 ibi.
1524 2913 1703 2990 Quod
1734 2929 1847 2988 per
1880 2911 2201 2974 Hominem
2232 2912 2527 2974 inVerbo

415 3011 783 3086 significetur
817 3014 1070 3074 Affectio
1097 3015 1228 3074 veri
1263 3019 1323 3074 et
1356 3012 1495 3074 inde
1531 3015 1848 3090 sapientia,
1886 3021 2127 3076 constat
2160 3031 2234 3076 ex
2262 3031 2523 3094 sequen-

417 3109 576 3170 tibus
627 3111 719 3170 his
771 3112 948 3190 loeis;
1003 3115 1167 3190 apud
1212 3115 1459 3194 Esajam
1524 3157 1561 3189 „
1594 3112 1933 3193 Quousque
1964 3113 2281 3191 Domine,
2334 3111 2522 3184 dimit,

415 3227 611 3290 usque
665 3209 820 3274 dum
859 3211 1357 3276 devastabuntur
1402 3213 1585 3276 urbes
1598 3259 1615 3289 ‚
1670 3219 1745 3275 ut
1794 3213 1927 3274 sint
1966 3215 2104 3276 sine
2140 3214 2528 3281 habitatore;

417 3315 478 3372 et
509 3309 738 3374 domus
787 3316 861 3374 ut
896 3331 1022 3374 non
1067 3313 1159 3374 cit
1212 3313 1284 3374 in
1333 3313 1427 3374 iis
1474 3313 1695 3388 homo,·
1765 3319 1825 3374 et
1880 3319 2055 3377 terra
2094 3315 2423 3396 rediqetur
2459 3311 2522 3372 in

417 3409 826 3474 solitudinem
840 3435 860 3474 .·
923 3413 1254 3476 removebit
1297 3413 1583 3476 Jehovah
1628 3413 1965 3490 hominem,
2020 3421 2081 3478 et
2133 3413 2519 3497 multiplica·-

416 3514 652 3577 buutwr
699 3513 950 3577 deserta
998 3515 1069 3576 in
1112 3513 1318 3577 medio
1358 3517 1609 3577 terrast
1674 3516 1793 3576 VI:
1854 3519 1882 3576 1
1903 3518 1962 3574 1.
2010 3519 2094 3576 12
2114 3537 2131 3593 3
2202 3515 2354 3577 haee
2406 3524 2515 3572 non

418 3615 577 3676 dieta
611 3624 752 3677 sunt
786 3616 860 3676 de
895 3619 1232 3676 vastatione
1267 3623 1495 3692 terrae,
1554 3616 1715 3694 quod
1758 3617 1844 3676 ibi
1894 3633 2017 3676 non
2053 3616 2307 3695 amplius
2342 3612 2510 3672 urbes

419 3722 482 3776 et
505 3714 741 3792 domus,
782 3725 844 3778 et
877 3721 938 3777 in
972 3717 1092 3778 illis
1128 3736 1247 3777 non
1279 3717 1579 3776 habitator
1614 3725 1675 3778 et
1702 3717 1913 3790 homo,
1949 3717 2060 3777 sed
2094 3718 2170 3777 de
2195 3715 2515 3777 vastatione

419 3815 560 3876 boni
593 3823 656 3876 et
686 3820 816 3878 veri
846 3821 910 3878 in
949 3819 1250 3896 Ecclesia3
1299 3837 1409 3897 per
1445 3816 1627 3878 urbes
1660 3817 1745 3877 ibi
1779 3817 2191 3897 significantur
2228 3817 2516 3878 doetrinae

415 3933 563 3976 vera
575 3936 593 3993 3
644 3935 756 3994 per
807 3917 1203 3980 habitatorem
1249 3917 1556 3978 doctrinae
1606 3918 1855 3996 bonum3
1920 3933 2033 3995 per
2082 3904 2292 3979 domos
2339 3912 2514 3993 signi·

414 4014 670 4074 ficantur
701 4020 986 4078 interiora
1017 4019 1272 4078 hominis
1329 4036 1485 4096 quae
1520 4021 1735 4080 mentis
1772 4020 1905 4098 ejus
1941 4025 2113 4096 sunt3
2170 4024 2231 4078 et
2273 4035 2386 4097 per
2412 4013 2516 4072 ho·

417 4110 635 4168 minem
693 4115 930 4176 affeetio
969 4121 1095 4178 veri
1142 4119 1472 4196 spiritualis
1518 4125 1580 4179 et
1628 4122 1959 4198 sapientia:
2010 4120 2129 4180 hoc
2164 4119 2518 4198 significatur

417 4221 528 4282 per
563 4209 721 4282 quod
756 4210 1231 4277 devastabuntur
1266 4219 1477 4279 domus
1538 4226 1605 4278 ut
1655 4239 1775 4280 nou
1822 4224 1902 4282 sit
1949 4223 2011 4282 in
2046 4222 2121 4280 iis
2154 4220 2367 4296 hom03
2416 4223 2518 4290 1²⁰¹·
