2700 4792
279 295 532 400 cAlssm·
571 341 911 399 TERTIUM.
1624 339 1805 397 VERS
1820 361 1836 394 ι
1880 349 1972 404 18.
2142 351 2251 406 409

143 521 276 565 vera
292 549 312 580 ,
390 502 532 562 ideo
593 501 732 562 talis
785 501 853 560 fit
907 500 1112 578 qualia
1164 506 1304 560 sunt
1353 515 1501 564 vera
1554 517 1629 560 ex
1680 500 1897 578 quibus
1942 502 2249 565 formatur.

138 605 424 665 Creditur
461 602 618 681 quod
650 600 1002 662 Intellectus
1031 602 1110 660 sit
1138 602 1320 660 etiam
1348 617 1533 678 posse
1572 619 1649 660 ex
1680 603 2036 680 cogitatione
2064 607 2252 664 ratio-

138 707 314 764 cinari
354 709 426 763 et
459 702 622 780 loqui
656 720 732 762 ex
766 701 967 774 falsis,
1021 705 1082 760 et
1119 717 1193 760 ea
1226 701 1429 760 multis
1477 700 1855 780 confirmare,
1912 703 2025 764 sed
2059 721 2253 784 usque

135 805 190 863 id
219 822 348 864 non
403 801 746 862 intellectus
795 808 918 876 est,
985 806 1079 861 est
1123 800 1300 860 modo
1345 801 1603 861 facultas
1663 803 1889 863 homini
1940 804 2083 863 data
2118 823 2253 865 cum

135 905 452 975 memoria,
491 904 586 962 cui
619 902 900 980 adjuncta
926 907 1046 976 est,
1085 905 1146 960 et
1181 901 1355 978 cujus
1390 903 1649 961 activum
1684 909 1777 964 est
1786 923 1805 980 3
1858 911 1921 963 at
1954 921 2066 980 per
2088 905 2257 964 illam

136 1007 414 1064 nascitur
451 1008 510 1063 et
544 1003 832 1062 formatur
863 1001 1240 1076 intellectus,
1291 1007 1583 1077 quantum
1615 1003 1793 1063 homo
1830 1021 1906 1063 ex
1941 1003 2257 1064 affectione

136 1105 352 1181 recipit
421 1119 592 1178 vera3
663 1108 726 1161 at
783 1103 1056 1179 recipere
1105 1103 1368 1176 genuina
1422 1119 1571 1162 vera
1618 1121 1693 1164 ex
1744 1103 2084 1179 affectione,
2136 1121 2257 1164 non

137 1203 310 1262 datur
377 1202 496 1261 ulli
537 1202 760 1261 homini
821 1219 1000 1279 quam
1049 1217 1088 1259 a
1123 1199 1265 1260 Solo
1297 1201 1589 1279 Domino,
1670 1205 1949 1279 quoniam
1997 1203 2075 1262 ab
2108 1203 2255 1281 Ipso

139 1310 273 1362 sunt
287 1349 308 1380 ,
369 1302 626 1379 proinde
679 1305 948 1380 recipere
1000 1299 1372 1360 intellectum
1426 1319 1535 1362 seu
1581 1303 1921 1380 Intelligens
1968 1302 2099 1363 fieri
2134 1321 2256 1363 non

140 1401 312 1462 datur
359 1402 478 1460 ulli
519 1402 740 1472 homini
792 1419 970 1479 quam
1015 1417 1054 1459 a
1089 1399 1234 1462 Solo
1267 1401 1553 1476 Domino,
1612 1409 1673 1464 et
1706 1403 1880 1462 datur
1927 1405 2117 1463 cuivis
2154 1406 2257 1480 qui

143 1503 420 1582 applicat
453 1519 520 1562 se
556 1502 636 1561 ad
658 1501 1084 1579 recipiendum,
1120 1501 1446 1561 secundum
1483 1502 1588 1562 illa
1613 1521 1767 1581 quae
1801 1519 1988 1580 supra
2022 1504 2253 1580 n:·239

141 1601 300 1662 dicta
336 1608 513 1662 suut:
567 1601 682 1662 hoc
715 1605 918 1678 itaque
956 1607 1048 1660 est
1084 1601 1244 1679 quod
1279 1602 1647 1678 significatur
1680 1621 1791 1681 per
1826 1603 2114 1679 „Suadeo
2151 1602 2259 1662 tibi

147 1719 344 1762 emere
391 1720 428 1760 a
457 1701 558 1762 Me
593 1704 952 1762 vestimenta
985 1700 1126 1760 alba
1159 1707 1226 1758 ut
1258 1701 1583 1762 induaris“.

297 1805 469 1862 244.
537 1802 628 1862 Ne
665 1807 956 1879 appareat
985 1800 1182 1878 pudor
1213 1801 1503 1862 nuditatis
1536 1809 1712 1879 tuae,
1767 1805 1927 1880 quod
1961 1803 2261 1882 significet

146 1918 218 1960 ne
269 1905 482 1979 spurci
530 1917 795 1976 amores,
843 1906 1076 1960 constat
1121 1919 1194 1960 ex
1248 1901 1679 1979 significatione
1728 1904 2043 1979 nuditatis,
2100 1903 2260 1981 quod

146 2003 224 2060 sit
271 2002 608 2079 deprivatio
668 2000 744 2060 ab
803 2000 1114 2061 intellectu
1162 2003 1289 2060 veri
1349 2008 1411 2060 et
1470 2002 1612 2062 boni
1673 2007 1813 2079 quia
1866 2022 1903 2062 a
1950 2003 2259 2063 voluntate

147 2099 414 2174 illorum,
467 2119 578 2162 seu
610 2102 944 2176 deprivatio
979 2101 1111 2160 veri
1145 2100 1306 2176 quod
1337 2100 1477 2162 fidei
1510 2104 1651 2178 quia
1683 2119 1801 2162 non
1845 2102 2065 2162 bonum
2102 2102 2264 2181 quod

151 2203 398 2275 amoris,
451 2203 525 2262 de
573 2218 692 2280 qua
741 2217 928 2277 supra
976 2218 1048 2259 n:
1093 2202 1232 2260 240
1250 2219 1267 2276 3
1326 2207 1388 2258 et
1441 2203 1584 2278 quia
1626 2219 1741 2279 per
1774 2202 2101 2261 nuditatem
2158 2203 2264 2261 illa

151 2297 484 2377 deprivatio
517 2301 900 2378 significatur,
951 2299 1088 2359 ideo
1123 2317 1234 2375 per
1265 2298 1557 2376 pudorem
1590 2300 1876 2360 nuditatis
1914 2301 2261 2378 significan-

151 2403 255 2456 tur
291 2403 488 2476 spurci
522 2418 784 2473 amores,
821 2401 886 2459 hi
924 2389 1077 2460 enlm
1117 2407 1413 2476 apparent
1448 2400 1684 2477 quando
1718 2414 1837 2459 non
1870 2409 2009 2460 sunt
2045 2397 2265 2460 remoti

156 2513 280 2571 per
311 2514 556 2560 amorem
589 2500 730 2561 boni
774 2507 836 2561 et
865 2501 1004 2560 inde
1053 2499 1230 2559 fidem
1263 2502 1427 2560 veri:
1481 2501 1657 2560 homo
1712 2501 1869 2560 enim
1903 2502 2169 2558 nascitur
2202 2504 2265 2558 in

153 2594 333 2656 binos
366 2616 622 2674 amores,
673 2603 777 2684 qui
823 2608 965 2660 sunt
999 2616 1167 2659 amor
1217 2601 1311 2659 sui
1366 2607 1427 2659 et
1460 2618 1627 2660 amor
1662 2599 1896 2676 mundI,
1954 2614 2139 2674 quare
2192 2613 2267 2656 ex

155 2693 550 2759 haereditario
586 2701 766 2762 trahit
809 2706 877 2760 ut
925 2717 992 2760 se
1045 2707 1106 2758 et
1157 2699 1444 2759 mundum
1488 2717 1675 2778 super
1725 2702 1923 2760 omnia
1956 2703 2145 2771 amet,
2201 2697 2265 2755 hi

159 2813 388 2859 amores
423 2807 561 2860 sunt
597 2817 830 2861 amores
871 2802 1106 2877 spurcI,
1163 2801 1306 2877 quia
1353 2818 1427 2861 ex
1463 2800 1580 2860 illis
1618 2802 1814 2860 omnia
1853 2798 2013 2858 mala
2050 2797 2260 2872 fluunt,

159 2913 306 2972 quae
339 2907 483 2958 sunt
517 2906 846 2961 contemtus
893 2899 1146 2960 aliorum
1190 2916 1338 2976 prae
1374 2916 1473 2976 se,
1530 2901 1834 2959 inimicitIa
1884 2905 2090 2959 eontra
2126 2895 2267 2956 illos

157 2999 256 3072 qui
289 2999 405 3058 sibi
454 3017 574 3060 non
607 3001 837 3074 favent,
877 2999 1044 3072 odia,
1101 2999 1432 3074 vindictae,
1489 3007 1690 3071 astus,
1744 2999 1866 3059 doli
1912 3001 2101 3060 omnis
2156 3015 2268 3074 ge-

158 3100 342 3174 neris3
378 3099 468 3158 illi
502 3116 736 3160 amores
775 3117 906 3160 cum
933 3102 1058 3158 suis
1087 3097 1260 3158 malis
1294 3115 1415 3158 non
1449 3103 1743 3159 removeri
1776 3107 2051 3178 possunt,
2092 3104 2292 3175 quam'

158 3211 192 3253 a
223 3196 376 3256 binis
415 3199 746 3275 amoribus,
801 3202 904 3276 qui
939 3205 1077 3258 sunt
1127 3215 1294 3257 amor
1344 3201 1407 3256 in
1441 3200 1763 3260 Dominum
1820 3207 1880 3259 et
1928 3218 2092 3260 amor
2130 3216 2273 3274 erga

162 3299 518 3374 proximum,
559 3315 632 3358 ex
655 3299 750 3358 his
785 3299 967 3357 trahit
999 3299 1174 3357 homo
1212 3303 1276 3357 ut
1302 3299 1624 3359 Dominum
1659 3317 1844 3376 super
1882 3301 2080 3359 omnia
2117 3304 2276 3356 amet

161 3402 217 3455 et
245 3400 588 3474 proximum
625 3401 783 3457 sicut
817 3401 1114 3476 seipsum,
1153 3397 1214 3456 hi
1251 3397 1369 3457 duo
1405 3416 1641 3460 amores
1677 3389 1816 3458 sunt
1851 3414 2085 3459 amores
2119 3396 2298 3473 puri,⁴

157 3499 428 3570 quoniam
465 3516 499 3558 e
536 3498 704 3558 coelo
740 3517 778 3556 a
809 3498 1100 3572 Domino,
1153 3515 1229 3558 ex
1261 3498 1357 3556 his
1394 3502 1575 3558 etiam
1614 3501 1809 3557 omnia
1843 3498 2003 3556 bona
2049 3496 2272 3552 fluunt:

159 3605 438 3670 quantum
465 3602 666 3675 itaquo
691 3599 869 3658 homo
896 3600 957 3657 in
982 3599 1075 3657 his
1107 3605 1216 3672 est,
1255 3603 1486 3655 tantum
1518 3603 1898 3656 removentur
1927 3609 2159 3653 amores
2188 3590 2275 3649 illi

158 3699 356 3770 spurci
377 3698 442 3755 in
469 3714 618 3777 quos
646 3705 825 3757 natus
854 3705 963 3772 est,
1002 3714 1193 3776 usque
1232 3701 1299 3753 ut
1325 3712 1443 3753 non
1470 3700 1821 3771 appareant,
1864 3700 1923 3752 et
1952 3707 2268 3751 removen-

159 3797 248 3853 tur
270 3814 385 3872 per
402 3815 550 3858 vera
575 3798 900 3857 aDomino.
929 3799 1023 3856 Ex
1047 3797 1140 3856 his
1171 3800 1445 3854 constare
1471 3799 1691 3870 potest,
1722 3793 1882 3869 quod
1905 3809 2016 3868 per
2039 3789 2271 3850 suadeo

161 3893 258 3953 tibi
297 3913 496 3958 emere
527 3913 566 3954 a
589 3895 688 3957 Me
713 3900 1070 3957 vestimenta
1096 3895 1235 3955 alba
1259 3899 1329 3952 ut
1350 3891 1615 3950 induaris
1653 3909 1727 3951 ne
1764 3894 2055 3968 appareat
2078 3886 2275 3965 pudor

162 3995 440 4057 nuditatis
474 4005 616 4056 tuae
629 4040 647 4071 ,
701 3997 1068 4074 significetur
1099 4001 1169 4054 ut
1202 3996 1549 4070 comparent
1582 3990 1698 4051 sibi
1731 3991 1991 4067 genuina
2038 4005 2181 4048 vera
2217 3992 2277 4046 et

163 4091 290 4154 inde
323 4097 780 4175 intelligentiam
815 4114 852 4156 a
876 4097 1151 4171 Domino,
1189 4111 1264 4154 ne
1300 4097 1636 4171 appareant
1670 4093 1876 4167 spurci
1916 4105 2171 4151 amores.

311 4199 473 4258 245.
530 4198 608 4258 Et
642 4196 890 4274 collyrio
942 4197 1162 4273 inunge
1213 4193 1417 4254 oculos
1465 4199 1531 4252 ut
1564 4184 1774 4252 videas
1791 4236 1807 4267 ,
1876 4191 2035 4267 quod
2086 4191 2274 4267 signi-
