2700 4792
139 531 588 606 praesentiam
624 528 727 587 dat
762 529 820 587 ei
850 526 1014 586 illam
1051 527 1282 603 copiam
1321 532 1386 586 et
1408 525 1781 603 facultatem3
1838 533 1901 586 at
1933 527 2089 588 male
2126 533 2295 608 cogi-

143 637 286 689 tare
329 629 420 687 de
457 629 712 687 Domino
770 633 832 687 et
866 627 940 686 de
974 627 1275 704 proximo,
1329 633 1425 686 est
1477 627 1554 685 ab
1588 629 1721 704 ipso
1768 626 2007 688 homine
2055 635 2119 688 01
2164 631 2296 709 ejus

147 731 446 806 proprio.
532 729 840 788 Amanum
889 726 1050 804 quod
1091 729 1153 786 in
1203 726 1393 788 libero
1441 727 1697 786 hominis
1749 734 1843 787 est
1890 745 1964 788 ex
2001 737 2300 807 perpetua

149 829 532 906 praesentia
551 828 794 889 Domini
828 826 993 904 apud
1023 827 1207 902 illum,
1247 833 1307 888 et
1335 845 1411 886 ex
1436 833 1733 904 perpetua
1766 827 2071 889 voluntate
2094 830 2297 906 Ipsius

155 928 586 1007 conjungendi
629 926 708 987 Se
759 944 890 986 cum
927 926 1058 996 illo,
1113 933 1206 986 est
1252 927 1413 1004 quod
1447 927 1643 1004 possit
1693 926 1990 987 abstinere
2029 945 2066 986 a
2099 929 2295 1000 malis,

159 1036 228 1090 et
265 1034 572 1106 quantum
606 1027 864 1086 abstinet
898 1033 1128 1085 tantum
1173 1029 1370 1104 aperit
1401 1027 1695 1086 Dominus
1734 1029 1955 1086 ostium
2003 1034 2065 1087 et
2094 1029 2294 1110 intrat,

157 1147 286 1188 non
329 1130 497 1187 enim
530 1133 732 1202 potest
763 1128 1054 1186 Dominus
1091 1128 1326 1204 aperire
1365 1134 1427 1186 et
1459 1129 1680 1186 intrare
1720 1127 2001 1204 quamdiu
2042 1127 2204 1188 mala
2234 1130 2298 1190 in

163 1230 548 1306 cogitatione
603 1234 664 1286 et
699 1227 1006 1287 voluntate
1055 1227 1308 1286 hominis
1358 1234 1525 1303 sunt,
1580 1244 1719 1285 nam
1764 1227 1915 1286 haec
1952 1227 2193 1287 obstant
2239 1234 2301 1288 et

165 1329 496 1390 claudunt.
566 1326 790 1385 Datum
827 1329 1004 1386 etiam
1042 1333 1137 1386 est
1169 1345 1206 1385 a
1238 1329 1494 1386 Domino
1531 1328 1683 1386 scire
1734 1326 1891 1384 mala
1924 1328 2299 1405 cogitationis

168 1437 238 1491 et
271 1428 641 1501 voluntatis,
697 1433 820 1484 tum
855 1443 1004 1486 vera
1037 1443 1149 1503 per
1184 1444 1337 1503 quae
1383 1427 1755 1486 discutienda
1790 1433 1953 1503 sunt,
2008 1445 2148 1486 nam
2182 1428 2294 1488 da-

167 1538 304 1590 tum
348 1534 446 1586 est
480 1527 782 1596 Verbum,
835 1525 939 1586 ubi
970 1527 1076 1585 illa
1107 1533 1338 1586 retecta
1372 1533 1549 1586 sunt:
1607 1544 1680 1585 ex
1716 1526 1810 1585 his
1850 1532 2121 1586 constare
2155 1533 2297 1605 pot-

171 1637 308 1704 est,
371 1628 530 1704 quod
585 1627 732 1686 nihil
781 1627 938 1686 desit
987 1629 1130 1704 quin
1176 1627 1353 1686 homo
1400 1627 1711 1686 reformari
1744 1628 1971 1702 possit,
2026 1629 2080 1687 si
2114 1627 2296 1703 velit3

173 1731 389 1790 omnia
450 1730 604 1787 enim
653 1727 853 1786 media
885 1725 1324 1787 reformationis
1358 1727 1569 1786 relicta
1616 1733 1756 1786 sunt
1803 1726 2025 1786 homini
2068 1730 2129 1786 111
2166 1729 2299 1806 ejus

171 1831 408 1890 libero:
463 1828 572 1888 sed
603 1827 792 1904 probe
828 1826 1134 1886 sciendum
1161 1833 1284 1903 est,
1323 1826 1487 1904 quod
1518 1827 1775 1888 liberum
1808 1827 1956 1886 illud
1992 1829 2070 1887 sit
2102 1846 2142 1886 a
2165 1829 2300 1888 Do-

175 1932 379 2002 mino,
434 1936 499 1987 ut
533 1945 720 2005 supra
767 1928 988 1986 dictum
1024 1933 1146 2001 est,
1203 1934 1263 1988 et
1293 1928 1431 1987 inde
1481 1927 1640 2003 quod
1673 1928 1972 1988 Dominus
2020 1915 2303 2005 operetur

175 2031 318 2103 illa,
376 2029 428 2087 si
461 2029 634 2088 homo
673 2045 748 2087 ex
781 2027 998 2103 libero,
1059 2027 1216 2103 quod
1252 2030 1442 2088 cuivis
1481 2027 1682 2086 datum
1721 2032 1840 2101 est,
1878 2030 2159 2104 recipiat3
2197 2046 2299 2088 re-

184 2131 386 2206 ceptio
423 2129 496 2187 ab
531 2128 770 2186 homine
809 2129 1042 2186 omnino
1093 2129 1233 2204 erit,
1291 2128 1451 2204 quod
1490 2127 1841 2202 intelligitur
1866 2145 1979 2204 per
2012 2127 2137 2202 „Si
2164 2130 2300 2205 quis

183 2231 443 2291 audierit
475 2247 682 2290 vocem
719 2245 911 2287 meam
952 2235 1011 2286 et
1047 2229 1351 2304 apemerit
1386 2229 1602 2287 ostium
1624 2229 1681 2303 “3
1746 2227 1891 2286 nihil
1943 2228 2089 2287 facit
2142 2228 2303 2305 quod

182 2331 372 2390 homo
427 2330 485 2387 in
529 2330 823 2406 principio
871 2344 990 2386 non
1035 2330 1185 2388 sciat
1231 2327 1389 2406 quod
1438 2345 1475 2388 a
1507 2327 1795 2402 Domin0‚
1851 2330 2132 2404 quoniam
2184 2345 2303 2388 non

183 2430 457 2507 percipit
497 2431 804 2504 influxum,
861 2427 1036 2488 modo
1086 2445 1162 2488 ex
1196 2427 1401 2487 Verbo
1450 2429 1587 2488 dein
1638 2426 1878 2504 credat,
1935 2428 2095 2506 quod
2128 2431 2302 2488 omne

189 2530 426 2588 bonum
459 2532 660 2587 amoris
706 2534 765 2588 et
818 2546 1027 2588 verum
1082 2528 1222 2587 fidei
1269 2530 1347 2586 sit
1397 2547 1434 2586 a
1466 2529 1758 2601 Domino,
1811 2528 2105 2587 Dominus
2142 2529 2301 2586 enim
2339 2537 2501 2601 [273]

185 2633 484 2706 operatur
513 2627 614 2686 illa
647 2621 882 2688 tametsi
915 2629 1090 2688 homo
1125 2629 1343 2703 nescit,
1402 2636 1463 2688 et
1494 2629 1609 2688 hoc
1646 2644 1723 2686 ex
1756 2634 2056 2704 perpetua
2089 2627 2295 2703 ipsius

183 2731 548 2807 praesentia,
604 2747 756 2806 quae
793 2729 1162 2807 significatur
1207 2745 1318 2804 per
1353 2734 1446 2787 sto
1499 2728 1579 2787 ad
1613 2729 1833 2787 ostium
1875 2733 1936 2785 et
1969 2726 2181 2802 pulso;
2236 2727 2300 2786 in

187 2846 452 2903 summa,
506 2829 802 2888 Dominus
847 2829 978 2888 vult
1025 2834 1091 2887 ut
1138 2829 1314 2887 homo
1366 2845 1441 2888 ex
1490 2844 1557 2888 se
1594 2829 1892 2887 abstineat
1938 2843 1975 2885 a
2008 2826 2182 2885 malis
2238 2832 2300 2886 et

187 2935 330 3006 agat
363 2929 550 2999 bona,
601 2929 776 2988 modo
814 2930 1019 2990 credat
1054 2928 1214 3005 quod
1250 2929 1505 2988 facultas
1540 2931 1625 2987 ita
1659 2927 1915 2986 faciendi
1951 2943 2070 2986 non
2106 2929 2187 2986 sit
2220 2925 2297 2988 ab

184 3030 424 3089 homine
486 3031 598 3088 sed
643 3047 682 3088 a
713 3029 970 3088 Domino
983 3047 1000 3106 3
1051 3029 1182 3088 vult
1243 3031 1399 3089 enim
1434 3029 1729 3089 Dominus
1791 3034 1859 3086 ut
1908 3029 2173 3105 receptio
2224 3029 2305 3088 sit

187 3130 348 3207 apud
381 3131 713 3199 hominem,
766 3137 826 3188 et
859 3132 1122 3207 receptio
1168 3147 1286 3190 non
1345 3129 1521 3189 aliter
1554 3129 1756 3204 datur,
1814 3145 1993 3206 quam
2024 3135 2092 3188 ut
2124 3128 2301 3190 homo

188 3233 342 3290 sicut
395 3248 468 3288 ex
503 3247 572 3289 se
616 3231 824 3306 faciat,
880 3232 1116 3289 tametsi
1168 3237 1260 3289 est
1309 3247 1385 3288 cx
1418 3231 1706 3298 Domin0‚
1760 3231 1846 3289 sic
1902 3232 2079 3289 etiam
2130 3230 2304 3289 datur

189 3330 348 3406 apud
382 3330 684 3389 hominem
719 3332 1119 3406 reciprocum,
1170 3330 1338 3405 ‘quod
1376 3336 1468 3388 est
1502 3347 1659 3389 nova
1694 3330 1827 3408 ejus
1861 3331 2173 3390 voluntas:
2228 3349 2305 3392 ex

185 3430 286 3489 his
345 3437 620 3490 constare
681 3437 912 3506 potest,
985 3437 1270 3506 quantum
1331 3429 1617 3488 falluntur
1676 3432 1777 3505 qui
1837 3430 2041 3491 dicunt
2056 3473 2073 3505 ,
2142 3429 2305 3506 quod

185 3529 362 3591 homo
392 3530 760 3606 justificetur
795 3536 857 3588 et
891 3529 1160 3589 salvetur
1193 3548 1304 3608 per
1330 3530 1522 3589 solam
1554 3530 1750 3603 fidem,
1792 3531 1933 3605 quia
1958 3547 2076 3588 non
2099 3534 2304 3604 potest

186 3629 408 3690 bonum
467 3630 668 3689 facere
717 3648 756 3688 a
801 3645 902 3702 se,
957 3631 1100 3706 quid
1157 3630 1272 3690 hoc
1328 3630 1485 3690 foret
1543 3629 1702 3688 aliud
1762 3645 1940 3706 quam
1998 3628 2301 3686 remittere

190 3747 432 3800 manus,
482 3737 542 3788 et
577 3737 929 3807 exspectare
966 3729 1375 3790 immediatum
1410 3729 1717 3803 influxum3
1769 3729 1823 3786 is
1860 3728 1961 3804 qui
1991 3726 2105 3785 hoc
2141 3726 2305 3798 facit,

187 3846 437 3906 prorsus
475 3830 620 3888 nihil
654 3832 884 3906 recipit.
963 3831 1181 3889 Errant
1216 3834 1396 3908 etiam
1434 3831 1535 3904 qui
1570 3826 1817 3887 credunt
1852 3843 1919 3886 se
1954 3842 2137 3903 posse
2174 3826 2303 3885 dis-

187 3947 409 4005 ponere
446 3930 525 3988 ad
560 3930 844 3989 influxum
879 3948 990 4008 per
1015 3947 1258 4008 preces,
1300 3929 1680 3988 adorationes
1720 3932 1780 3986 01
1817 3932 2061 3986 externa
2086 3924 2302 4002 cultus,

190 4029 335 4090 haec
373 4030 523 4089 nihil
548 4031 800 4106 faciunt,
837 4033 953 4090 nisi
988 4029 1166 4090 homo
1195 4031 1495 4090 abstineat
1531 4045 1567 4086 a
1594 4026 1907 4103 cogitando
1951 4032 2013 4086 et
2034 4025 2307 4086 faciendo

192 4132 366 4204 mala,
407 4137 470 4192 et
502 4148 616 4207 per
640 4147 788 4190 vera
815 4147 891 4190 ex
916 4129 1121 4191 Verbo
1157 4147 1224 4190 se
1261 4133 1421 4189 sicut
1448 4145 1485 4186 a
1511 4144 1577 4188 se
1605 4126 1783 4186 ducat
1818 4125 1897 4186 ad
1928 4127 2088 4189 bona
2112 4125 2313 4207 quoad

193 4233 388 4305 vitam,
428 4232 480 4290 si
507 4231 688 4290 homo
714 4229 866 4291 haec
894 4231 1036 4290 facit
1060 4238 1199 4290 tunc
1228 4247 1294 4290 se
1323 4229 1600 4305 disponit,
1642 4233 1701 4288 et
1728 4233 1868 4287 tunc
1893 4245 2127 4307 1110005,
2158 4228 2309 4288 ado-
