2700 4792
445 331 516 384 73
871 315 1363 372 APOCALYPsls
1418 313 1853 372 EXPLICATA.
1934 313 1983 382 §.
2028 324 2121 376 se.

444 485 628 557 caput
663 485 723 538 et
759 477 962 554 capilli
997 476 1236 537 candidi
1259 482 1426 536 esset
1460 480 1767 554 tanquam
1794 473 1937 534 lana
1964 473 2216 533 candida
2249 478 2567 552 tanquam

446 583 575 653 nix,
632 587 694 639 et
730 578 888 654 quod
936 577 1133 638 Pedes
1183 583 1390 636 essent
1423 571 1671 636 similes
1707 573 2119 634 chalcolibano
2154 578 2466 652 tanquam
2502 578 2568 635 in

449 681 679 739 camino
705 679 907 755 igniti,
959 677 1065 737 sed
1102 676 1412 738 sciendum
1449 682 1575 746 est,
1632 675 1791 751 quod
1826 691 2033 735 omnes
2073 676 2567 751 comparationes

447 783 510 839 in
548 779 752 839 Verbo
788 778 1154 855 significent,
1207 778 1349 854 quia
1384 775 1657 835 similiter
1691 792 1761 835 ac
1795 777 1967 851 ipsae
1994 779 2091 835 res
2126 783 2271 834 sunt
2306 792 2382 833 ex
2421 793 2566 834 cor-

446 879 906 956 respondentiis,
938 877 1213 938 videatur
1247 895 1321 936 n:
1366 877 1577 949 3579.
1611 876 1825 936 4599.
1864 877 2075 935 8989.
2134 876 2310 951 Quod
2324 875 2565 950 PedeS,

447 998 584 1041 cum
613 981 687 1057 de
706 979 983 1053 Domino,
1015 977 1355 1054 significent
1378 977 1651 1034 ultimum
1679 975 1900 1034 ordinis
1921 975 2142 1050 Divini,
2172 982 2233 1036 et
2254 975 2417 1052 quod
2442 975 2565 1036 hoc

448 1084 526 1141 sit
555 1079 858 1154 naturale,
909 1087 1004 1139 est
1026 1081 1170 1155 quia
1205 1076 1458 1138 Coelum
1495 1081 1589 1136 est
1625 1074 1875 1136 Coelum
1912 1091 1987 1136 ex
2022 1076 2241 1136 Divino
2278 1077 2567 1136 Humano

447 1182 716 1254 Domini,
757 1187 816 1240 et
851 1179 1010 1256 quod
1045 1179 1182 1237 inde
1221 1163 1471 1236 coelum
1504 1179 1568 1264 in
1602 1181 1730 1236 toto
1767 1174 2089 1252 complexu
2121 1176 2345 1236 referat
2371 1194 2563 1237 unum

449 1282 800 1356 Hominem3
855 1286 916 1339 et
951 1280 1095 1355 quia
1129 1284 1253 1337 tres
1301 1275 1471 1337 Coeli
1504 1284 1672 1351 sunt,
1729 1274 1887 1352 quod
1922 1292 2271 1351 supremum
2309 1275 2567 1337 Ocelum

445 1383 668 1442 referat
703 1381 933 1457 Caput,
973 1378 1233 1437 medium
1270 1376 1537 1453 Corpus,
1579 1384 1641 1436 et
1671 1376 1945 1436 ultimum
1977 1376 2211 1436 Pedes:
2267 1377 2563 1438 Divinum

451 1482 615 1560 quod
666 1482 812 1539 facit
873 1494 1219 1554 supremum
1281 1476 1559 1545 Coelum,
1620 1482 1873 1536 vocatur
1913 1476 2207 1536 ,Divinum
2268 1478 2558 1552 coeleste,

449 1583 736 1642 Divinum
772 1584 970 1637 autem
1023 1577 1185 1654 quod
1225 1578 1372 1636 facit
1408 1577 1669 1638 medium
1708 1575 1956 1636 Coelum
1990 1585 2241 1636 vocatur
2272 1578 2563 1638 Divinum

461 1679 804 1757 spirituale,
865 1695 936 1738 ac
982 1678 1265 1736 Divinum
1302 1679 1461 1754 quod
1503 1678 1646 1737 facit
1692 1677 1967 1736 ultimum
2014 1676 2263 1738 Coelum
2308 1686 2562 1740 vocatur

451 1782 742 1840 Divinum
779 1778 1052 1839 naturale
1095 1796 1170 1838 ex
1211 1778 1512 1855 spirituali
1545 1784 1605 1836 et
1641 1777 1921 1853 coelesti;
1975 1776 2112 1836 inde
2148 1785 2317 1856 patet
2352 1795 2559 1854 causa,

455 1900 561 1940 cur
594 1882 692 1939 hic
728 1879 1090 1938 describitur
1123 1878 1419 1938 Dominus
1448 1878 1646 1955 quoad
1680 1877 1961 1937 Divinum
1997 1877 2359 1953 Humanum,
2399 1879 2559 1957 quod

457 1988 554 2042 est
586 1981 772 2040 Filius
808 1980 1062 2039 hominis
1110 1981 1275 2037 visus
1310 1981 1371 2038 in
1408 1979 1601 2037 medio
1639 1978 2159 2053 candelabrorum,
2226 1995 2346 2039 non
2380 1981 2558 2039 modo

455 2081 656 2158 quoad
692 2082 946 2151 Vestes,
983 2080 1094 2138 sed
1130 2080 1308 2138 etiam
1344 2079 1542 2156 quoad
1586 2078 1812 2155 Caput,
1849 2086 1908 2138 et
1941 2079 2209 2153 Pectus,¹
2233 2085 2293 2136 et
2327 2080 2523 2140 Pedes
2536 2099 2555 2154 3

458 2181 620 2259 quod
656 2182 844 2240 Filius
880 2162 1134 2240 homin‘is
1182 2180 1260 2237 sit
1305 2180 1599 2238 Dominus
1638 2178 1839 2255 quoad
1870 2179 2158 2238 Divinum
2192 2180 2553 2254 Humanum,

454 2283 729 2344 videatur
777 2298 976 2359 ‘supra
1035 2298 1101 2338 n:
1172 2281 1292 2354 635
1376 2287 1436 2338 et
1486 2280 1645 2362 quod
1700 2278 2078 2338 candelabra
2117 2283 2239 2339 sint
2287 2278 2552 2354 Coelum,

429 2385 629 2443 ‘etiam
667 2399 852 2460 supra
898 2401 968 2441 n:
1015 2384 1121 2439 62.
1211 2379 1333 2439 Sed
1384 2380 1535 2440 haec
1586 2382 1729 2456 quia
1772 2396 1993 2440 arcana
2036 2388 2205 2456 sunt,
2260 2381 2555 2439 hactenus

342 2517 348 2523 ·
450 2485 510 2542 ln
550 2484 767 2542 mundo
804 2485 1034 2560 ignota,
1095 2487 1155 2539 et
1181 2486 1393 2538 tamen
1428 2486 1569 2539 sunt
1605 2497 1759 2555 quae
1809 2481 2229 2558 intelligenda,
2286 2487 2354 2541 ut
2388 2498 2552 2540 com-

448 2585 855 2662 prehendatur
890 2598 1106 2642 sensus
1158 2583 1429 2639 internus
1478 2580 1720 2650 horum,
1774 2587 1835 2639 et
1867 2583 2245 2658 sequentium
2279 2584 2341 2639 in
2376 2582 2552 2640 Libro

448 2686 561 2745 hoc
596 2684 978 2761 prophetico,
1016 2683 1152 2741 ideo
1179 2678 1420 2757 singula
1445 2681 1749 2756 descripta
1774 2684 1999 2740 suntin
2023 2683 2229 2758 specie
2260 2685 2322 2740 in
2354 2680 2552 2759 Opere

457 2786 531 2844 de
569 2783 771 2845 Conno
811 2803 887 2843 ΕΤ
923 2784 1232 2857 Inuitum
1279 2788 1371 2856 ut,
1429 2780 1604 2856 Quod
1629 2780 1911 2841 Divinum
1939 2782 2281 2841 Humanum
2314 2781 2555 2842 Domini

450 2886 633 2943 faciat
671 2885 936 2958 coelum,
976 2903 1044 2942 n:
1091 2889 1122 2941 7
1160 2882 1236 2940 ad
1272 2885 1382 2940 12.
1423 2882 1507 2940 78
1542 2880 1619 2938 ad
1648 2881 1759 2939 86.
1789 2896 1929 2959 seq:
2012 2881 2187 2958 Quod
2220 2882 2360 2942 inde
2397 2882 2552 2943 Coe-

458 2984 581 3043 lum
618 2987 679 3043 in
715 2992 839 3046 toto
876 2982 1194 3058 complexu
1232 2983 1457 3042 referat
1490 2998 1671 3040 unum
1708 2979 2041 3057 Hominem,
2094 3001 2161 3042 n:
2210 2984 2293 3043 59
2334 2984 2414 3042 ad
2446 2988 2551 3043 77.

460 3084 637 3161 Quod
675 3093 796 3145 tres
835 3083 1003 3144 Coeli
1041 3084 1187 3155 sint,
1237 3089 1297 3141 et
1335 3082 1497 3158 quod
1534 3098 1877 3158 supremum
1911 3084 2135 3143 referat
2170 3083 2387 3160 Caput,
2424 3102 2549 3143 me·-

453 3186 612 3244 dium
651 3185 918 3262 CorpuS,
960 3190 1019 3242 et
1054 3180 1325 3242 ultimum
1360 3182 1589 3256 PedeS,
1644 3200 1714 3242 n:
1764 3185 1851 3242 29
1885 3183 1961 3241 ad
1994 3186 2106 3242 40.
2173 3185 2265 3243 Ex
2297 3185 2391 3244 his
2418 3185 2551 3243 inde

452 3286 776 3346 intellectis
816 3289 1091 3342 constare
1127 3290 1362 3359 potest,
1404 3281 1546 3359 quid
1582 3281 1947 3358 significatur
1981 3301 2093 3360 per
2126 3283 2323 3344 Pedes
2357 3285 2556 3346 Jeho-v

452 3403 565 3446 vae
601 3403 712 3446 seu
763 3384 1003 3442 Domini
1036 3384 1096 3440 in
1133 3382 1368 3458 Verbo,
1428 3382 1589 3460 quod
1622 3400 1838 3461 nempe
1874 3383 2147 3444 ultimum
2186 3385 2408 3444 ordinis
2442 3385 2551 3443 Di-

450 3488 574 3545 vini
621 3502 738 3544 seu
789 3483 1112 3557 Naturale3
1170 3490 1232 3543 et
1270 3485 1411 3561 quia
1453 3484 1784 3543 Externum
1831 3485 2175 3556 Ecclesiae,
2232 3484 2442 3546 Cultus
2494 3489 2550 3542 et

448 3586 636 3646 Verbi
678 3590 770 3642 est
805 3582 1072 3643 ultimum
1105 3584 1326 3643 ordinis
1355 3585 1561 3643 Divini
1585 3585 1645 3642 in
1678 3583 1985 3657 Ecclesia,
2026 3593 2087 3645 et
2122 3593 2219 3645 est
2243 3584 2546 3658 Naturale,

432 3687 582 3761 ‘ideo
620 3684 730 3743 hoc
764 3703 875 3761 per
916 3685 1113 3744 Pedes
1162 3686 1434 3744 Jehovae
1485 3701 1596 3743 seu
1635 3685 1877 3743 Domini
1915 3687 1975 3743 in
2012 3688 2217 3762 specie
2254 3685 2548 3762 significa-

449 3793 565 3844 tur.
637 3784 792 3861 Quia
837 3785 899 3845 id
957 3804 1069 3862 per
1118 3787 1318 3845 Pedes
1369 3784 1645 3848 Jehovae
1709 3801 1819 3844 seu
1880 3785 2121 3844 Domini
2168 3786 2541 3863 significatur,

447 3883 611 3955 ide0,
647 3903 781 3944 cum
815 3886 1108 3945 Dominus
1147 3889 1304 3946 sicut
1331 3884 1599 3960 Angelus
1628 3886 1796 3944 visus
1823 3885 2145 3962 Prophetis
2174 3886 2336 3961 alibi,
2377 3887 2546 3944 etiam

448 3985 717 4045 similiter
752 3989 916 4048 visus
954 3994 1078 4062 est3
1134 3993 1202 4044 ut
1234 3984 1474 4044 Danieli
1514 3981 1820 4059 „Surculi
1847 3981 2060 4059 oculos
2099 4005 2268 4046 meos
2301 3990 2364 4045 et
2398 3983 2543 4057 vidi,

447 4102 576 4144 ecce
623 4084 739 4148 Vir
769 4085 1040 4148 indutus
1076 4084 1322 4158 linteiS,
1372 4083 1555 4166 cujus
1595 4081 1796 4146 lumbi
1830 4084 2023 4145 cincti
2060 4105 2221 4160 auro
2290 4083 2542 4165 Uphoeci,

448 4181 691 4268 Corpus
734 4187 870 4271 ejus
917 4187 1084 4247 sicat
1129 4184 1555 4247 Tharsohisoh
1566 4203 1593 4255 ;
1637 4189 1699 4244 et
1738 4182 1927 4248 Oculi
1973 4185 2111 4270 ejus
2160 4186 2327 4249 sicut
2370 4186 2542 4267 faces
