2700 4792
439 353 550 408 266
855 342 1346 400 APOCALYPSIS
1389 343 1820 401 EXPLICATA.
1877 345 1924 414 §.
1968 353 2093 407 183.

439 503 718 566 daturus
741 502 870 564 eim
897 503 1205 584 spiritum
1225 525 1433 566 meum
1461 505 1533 566 in
1558 503 1751 582 vobis,
1788 510 1862 566 ut
1898 503 2131 566 vivatis
2140 505 2175 539 “
2209 505 2494 569 XXXVII:

443 603 622 682 [13.]
671 605 780 664 14.
844 604 1026 682 Apud
1053 606 1294 666 Joe'lem
1337 603 1743 685 „Effundam
1782 605 2087 686 spiritum
2120 623 2313 666 meum
2344 627 2501 686 super

438 723 678 766 ornnem
733 722 1010 780 carnem,
1073 710 1133 765 et
1185 725 1377 786 super
1418 724 1631 768 servos
1646 751 1663 782 ‚
1722 711 1785 767 et
1822 725 2015 786 super
2050 702 2313 767 ancillas
2332 709 2365 740 ‘⁸'
2410 707 2501 767 III.

443 805 573 882 [1.]
609 809 670 864 2.
719 804 792 864 In
819 806 1192 883 Apocalypsi
1230 805 1748 880 „Testimonium
1772 806 1933 867 Jeeu
1966 811 2063 866 est
2096 806 2354 885 spiritus
2373 827 2502 886 pro-

425 904 730 986 μετίασί(
757 904 946 964 XIX:
995 910 1022 964 1
1040 908 1102 965 Ο.
1143 907 1302 983 Quia
1331 905 1591 984 Spiritus
1626 907 1743 966 Dei
1778 907 2076 985 significat
2108 908 2375 967 Divinum
2394 906 2500 966 Ve-

437 1023 598 1080 rum,
673 1005 808 1066 ideo
875 1014 1125 1066 vocatur
1197 1007 1310 1067 Ille
1374 1005 1665 1086 Spiritus
1730 1007 1865 1068 oris
1923 1006 2224 1081 Jehovae,
2304 1007 2501 1066 Psalm:

433 1104 745 1166 XXXIII:
792 1107 862 1164 6:
902 1104 1238 1185 „Spiritus
1275 1104 1669 1183 labiorum“‚
1718 1108 1881 1185 Esaj:
1918 1107 2049 1168 XI:
2092 1110 2167 1166 4:
2224 1104 2505 1181 „Halitus

435 1204 577 1266 Dei
613 1210 673 1264 et
709 1203 1000 1286 Spiritus
1047 1205 1355 1268 παν-ἱππεῖ(
1426 1207 1657 1267 Thren:
1696 1208 1806 1268 IV:
1854 1210 1966 1267 20.
2034 1207 2263 1267 Psalm:
2300 1207 2505 1267 XVIII:

445 1309 474 1365 1
495 1309 554 1366 6.
591 1305 750 1364 Hiob
775 1305 883 1364 IV:
920 1308 978 1366 9.
1039 1307 1219 1383 Apud
1242 1307 1614 1368 Matthaeum
1653 1307 2021 1383 „Johamws
2046 1307 2255 1382 dixit,
2290 1326 2391 1386 eyo
2422 1325 2505 1366 vos

435 1404 687 1485 baptizo
723 1423 892 1484 aqua
937 1404 1008 1465 in
1031 1405 1525 1485 paenitentiam,
1571 1409 1683 1488 qui
1724 1427 1867 1468 vero
1895 1413 2049 1487 post
2094 1427 2193 1467 me
2230 1412 2505 1479 ventum,

433 1502 546 1566 ille
571 1524 681 1566 voe
708 1504 1057 1585 baptizabit
1085 1506 1324 1585 spiritu
1351 1513 1571 1569 satho
1592 1513 1651 1568 et
1677 1507 1869 1589 iffae*
1909 1509 2002 1568 III
2017 1531 2031 1567 :
2072 1513 2101 1567 1
2127 1512 2153 1567 l
2178 1528 2195 1583 ;
2243 1507 2504 1584 baptizare

433 1610 497 1667 in
529 1624 714 1667 sensu
749 1607 1045 1681 spirituali
1081 1607 1383 1684 significat
1414 1626 1806 1686 regenerare3
1859 1607 2121 1685 Spiritus
2158 1615 2386 1668 sanctus
2416 1607 2504 1664 Di·

432 1708 637 1766 vinum
683 1706 938 1781 Verum3
1019 1715 1080 1766 et
1137 1709 1292 1784 ignis
1341 1708 1628 1766 Divinum
1679 1709 1911 1769 Bonum
1926 1729 1943 1785 3
2020 1710 2183 1787 quod
2230 1709 2505 1784 Baptizato

434 1806 730 1882 SIgnificet
775 1823 1165 1883 regenerare,
1223 1808 1501 1870 videatur
1547 1826 1613 1868 n:
1660 1814 1786 1883 713
1840 1814 1902 1868 et
1938 1810 2098 1886 quod
2141 1811 2291 1886 iguis
2324 1809 2502 1866 bonum

434 1907 672 1980 amoris,
723 1923 794 1963 n:
832 1908 940 1964 68.
999 1907 1090 1964 Ex
1125 1907 1218 1966 his
1253 1926 1411 1968 nunc
1448 1917 1723 1968 constare
1761 1915 1993 1987 potest,
2032 1910 2182 1991 quid
2207 1908 2504 1982 intelligitur

435 2023 546 2082 per
571 2004 811 2065 Domini
864 2005 1050 2064 verba
1087 2007 1163 2065 ad
1199 2007 1525 2084 discipulos
1610 2008 1909 2084 „Euntes
1954 2009 2275 2088 baptizate
2306 2008 2371 2067 in
2398 2004 2505 2064 No·
2614 2019 2616 2026 ·

431 2123 570 2165 men
617 2102 879 2180 Pau-is,
945 2103 1118 2166 Filii
1160 2112 1218 2166 et
1262 2106 1553 2186 Spiritus
1602 2108 1831 2170 Sancti
1840 2112 1876 2144 “
1944 2109 2173 2170 Matth:
2238 2104 2501 2168 XXVIII:
2614 2155 2616 2176 ἰ

441 2209 470 2265 1
493 2207 562 2280 93
614 2206 796 2264 Pater
839 2204 921 2263 ibi
969 2214 1064 2280 est
1109 2207 1316 2283 Ipsum
1353 2208 1637 2266 Divinum
1658 2254 1674 2283 ,
1730 2209 1921 2269 Filius
1962 2217 2055 2268 est
2095 2210 2371 2270 Divinum
2398 2205 2503 2263 1111-
2614 2281 2616 2284 Α

429 2323 710 2378 manum,
748 2313 808 2365 et
843 2303 1102 2381 Spiritus
1143 2306 1401 2368 Sanctus
1441 2316 1535 2367 est
1566 2309 1848 2368 Divinum
1885 2311 2223 2385 procedens
2261 2307 2405 2386 quod
2434 2308 2502 2362 est
2614 2291 2616 2318 ³

431 2406 716 2464 Divinum
760 2405 988 2466 Verum
997 2451 1014 2482 ‚
1067 2408 1152 2466 ita
1193 2415 1286 2466 est
1329 2427 1511 2466 unum
1560 2410 1872 2478 Divinum,
1922 2416 1983 2469 et
2031 2427 2227 2487 usque
2272 2409 2500 2468 Trinum:

431 2506 590 2584 quod
628 2508 714 2566 ita
748 2509 852 2580 sit,
936 2506 1227 2566 Dominus
1281 2509 1456 2567 docet
1493 2509 1655 2585 apud
1702 2509 2041 2569 Johannem
2110 2509 2275 2585 „Em
2306 2507 2401 2568 his
2428 2521 2503 2564 co-

425 2607 743 2687 ynovietis
787 2604 1055 2666 Patrem
1113 2613 1174 2666 et
1221 2607 1487 2668 vidistis
1533 2608 1791 2688 Ipsum,
1860 2609 1972 2688 qui
2007 2608 2119 2669 Me
2160 2609 2327 2670 videt
2371 2603 2504 2667 videt

424 2705 692 2770 Patrem
703 2727 730 2780 ;
795 2705 948 2786 1390
996 2707 1067 2767 in
1109 2705 1312 2768 Patre
1358 2715 1419 2769 et
1452 2708 1657 2770 Pater
1700 2709 1773 2770 in
1804 2709 1915 2769 Me
1947 2713 2088 2770 est“
2143 2710 2323 2770 XIV:
2365 2713 2414 2766 7.
2456 2706 2499 2760 9-

437 2812 464 2866 1
485 2811 545 2867 0.
611 2807 904 2883 Quoniam
934 2807 1217 2867 Divinum
1249 2809 1617 2886 procedens,
1659 2810 1820 2886 quod
1856 2817 1949 2870 est
1976 2811 2263 2870 Divinum
2296 2809 2499 2875 Verum,

426 2908 623 2965 influit
661 2906 826 2982 apud
861 2906 1130 2968 homines
1167 2917 1288 2967 tam
1319 2910 1663 2969 immediate
1705 2928 1885 2987 quam
1924 2912 2101 2970 etiam
2142 2911 2391 2969 mediate
2420 2919 2501 2981 per

427 3005 702 3082 Angelos
749 3012 808 3064 et
847 3006 1126 3083 Spiritus,
1165 3009 1302 3068 ideo
1330 3010 1623 3069 creditum
1664 3021 1756 3069 est
1793 3010 1952 3088 quod
1989 3009 2251 3088 Spiritus
2292 3009 2501 3069 Sanctus

426 3108 508 3166 sit
549 3105 760 3164 Tertia
807 3106 1074 3166 Persona
1121 3108 1403 3169 distincta
1445 3127 1482 3168 a
1536 3111 1768 3169 duabus
1823 3127 1977 3186 quae
2031 3112 2219 3170 Pater
2264 3117 2323 3170 et
2352 3105 2500 3167 Filius

433 3211 752 3280 vocantur3
808 3206 915 3264 sed
951 3224 1304 3269 asseverare
1332 3227 1614 3286 possum,
1675 3212 1833 3286 quod
1871 3228 2045 3270 nemo
2084 3213 2143 3269 in
2172 3211 2353 3271 Coelo
2385 3207 2500 3265 sciat

433 3305 598 3366 aliud
639 3303 920 3365 Sanctum
963 3307 1275 3379 Divinum,
1324 3329 1507 3386 quam
1548 3311 1833 3370 Divinum
1874 3311 2102 3371 Verum
2136 3308 2449 3388 procedens
2474 3316 2499 3357 a

429 3407 717 3483 Domino3
791 3413 850 3466 et
895 3409 1038 3484 quia
1081 3408 1366 3468 Divinum
1414 3411 1641 3470 Verum
1692 3415 2157 3472 communicatur
2206 3405 2497 3470 hominibus

426 3510 606 3568 etiam
645 3507 904 3568 mediate
937 3525 1050 3584 per
1088 3509 1380 3585 Aug-eloe,
1422 3510 1558 3569 ideo
1600 3512 1815 3570 dicitur
1842 3512 2007 3588 apud
2028 3511 2321 3570 Davidem
2370 3501 2495 3581 „Je-

424 3607 628 3669 hovah
663 3607 854 3668 Deus
889 3607 1054 3688 fecit
1097 3606 1385 3688 Anyelos
1418 3629 1571 3670 suos·
1618 3609 1938 3690 spiritu⁸“
1989 3611 2221 3672 Psalm:
2266 3607 2415 3670 CIV:
2448 3603 2493 3658 4-

423 3709 594 3769 Haec
636 3724 797 3766 nunc
838 3708 1024 3766 allata
1065 3718 1204 3768 suut
1240 3717 1306 3767 ut
1349 3713 1607 3786 sciatur,
1670 3711 1831 3787 quod
1867 3729 1979 3788 per
2016 3719 2254 3790 septem
2296 3707 2495 3786 spiritus
2616 3769 2618 3776 Ι

423 3809 832 3886 significentur
872 3809 1072 3866 omnia
1109 3808 1275 3869 Vera
1305 3809 1474 3870 Coeli
1514 3818 1574 3870 et
1607 3811 1919 3870 Ecclesiae
1961 3829 1999 3870 a
2033 3813 2307 3872 Domino.
2360 3796 2497 3881 Quod

421 3915 654 3983 septem
704 3910 954 3986 spiritus
1010 3909 1129 3967 sint
1182 3911 1383 3968 omni-a
1436 3928 1584 3969 vera
1627 3909 1797 3970 Coeli
1860 3919 1921 3972 et
1972 3912 2307 3986 Ecclesiae,
2365 3904 2496 3984 patet

423 4004 756 4065 evidentius
807 4009 883 4067 ab
938 4008 1032 4067 his
1072 4010 1132 4067 in
1168 4002 1543 4087 Apocalypsi
1613 4009 1914 4090 „Septem
1957 4010 2322 4092 Lampadas
2354 3998 2494 4084 iqui-⁹
2616 4063 2618 4066 ⁴

422 4101 716 4163 affidentes
750 4123 966 4166 coram
1006 4107 1258 4170 Throno
1296 4115 1447 4170 sunt
1484 4115 1720 4190 septem
1769 4110 2045 4191 spiritus
2083 4111 2223 4172 Dei
2230 4114 2270 4146 “
2318 4103 2415 4169 IV:
2450 4099 2493 4156 5²
2616 4125 2618 4166 ε

423 4207 485 4260 et
517 4217 694 4276 porro
767 4201 893 4277 „In
924 4205 1127 4266 medio
1181 4206 1516 4270 seniorum
1541 4208 1777 4290 Aynue
1812 4216 2011 4283 stans,
2046 4210 2275 4273 habens
2306 4212 2494 4270 cornua
