2700 4792
457 339 568 394 432
857 327 1350 383 APOCALYPSIS
1392 325 1827 382 EXPLICATA.
1908 325 1958 394 §-
2000 333 2133 388 254.

455 495 532 552 ut
572 485 832 550 videam
861 483 1146 567 yloon‘am
1186 503 1418 558 meam,
1450 503 1643 566 quam
1680 481 1926 546 dedisti
1950 481 2146 544 Mihi.
2186 481 2428 545 Notum
2440 481 2571 563 feci

456 587 598 650 illie
631 586 879 650 Nomen
915 592 1122 658 tuum,
1174 591 1236 647 et
1271 590 1491 647 notum
1510 584 1798 665 faciam,
1852 589 1929 648 ut
1966 579 2259 656 dilectio,
2310 601 2433 662 qua
2466 582 2563 642 di-

457 686 685 750 leoeistz‘
730 685 868 764 Me,
923 688 994 748 in
1038 684 1182 748 illis
1219 687 1311 748 sit
1356 691 1415 746 et
1454 685 1607 766 Eyo
1655 685 1727 748 in
1768 683 1913 748 illis
1935 688 1975 720 “
2038 683 2257 746 XVII:
2312 686 2418 742 22.
2460 683 2561 744 23.

464 793 576 848 24.
621 790 746 863 263
803 789 962 864 quod
994 787 1285 848 Dominus
1339 788 1415 848 de
1452 785 1560 848 Sui
1594 787 2015 864 conjunctione
2064 803 2203 844 cum
2246 782 2561 844 hominibus

465 893 621 950 sicut
658 889 732 948 de
769 887 876 950 Sui
925 889 1340 966 conjunctione
1408 905 1542 946 cum
1574 888 1784 958 Patre,
1838 888 1955 947 hoc
2012 892 2125 961 est,
2194 884 2443 946 Humani
2472 883 2559 940 sui

261 986 424 1047 [285]
465 1008 601 1052 cum
637 988 857 1050 Divino
897 989 1057 1066 quod
1099 991 1160 1048 in
1191 989 1371 1065 Ipso,
1426 987 1709 1066 loquutus
1743 991 1859 1060 sit,
1898 994 1997 1048 est
2031 1003 2249 1058 causa,
2286 983 2419 1060 quia
2439 981 2556 1040 Do-

465 1072 678 1152 minus·
709 1106 826 1149 non
873 1090 1250 1170 conjungitur
1297 1106 1434 1148 cum
1479 1091 1722 1164 proprio
1766 1088 2061 1162 hominis,
2118 1085 2231 1146 sed
2288 1101 2415 1144 cum
2448 1079 2557 1140 Suo

467 1190 629 1267 apud
663 1189 829 1249 illum
843 1210 860 1263 3
913 1191 1206 1248 Dominus
1254 1191 1563 1266 proprium
1612 1188 1865 1248 hominis
1915 1193 2227 1256 removet,
2278 1189 2336 1244 et
2368 1182 2463 1240 dat
2494 1196 2561 1238 ex

467 1309 612 1361 suo,
665 1296 726 1350 et
761 1292 822 1348 in
858 1307 930 1350 eo
965 1289 1224 1348 habitat:
1279 1289 1441 1366 quod
1474 1291 1560 1348 ita
1592 1289 1699 1357 sit,
1748 1291 1933 1350 etiam
1968 1291 2031 1348 in
2066 1285 2341 1347 Ecclesia
2372 1285 2558 1340 notum

469 1398 588 1463 est,
624 1396 692 1450 ut
717 1397 888 1466 patet
922 1405 994 1448 ex
1021 1389 1252 1448 solenni
1285 1407 1467 1466 prece
1504 1395 1565 1448 et
1592 1388 2009 1450 exhortatione
2048 1387 2127 1446 ad
2158 1385 2311 1459 illos,
2346 1383 2441 1458 qui
2464 1394 2557 1436 ae-

469 1492 691 1552 cedunt
725 1490 802 1548 ad
839 1489 1288 1550 Sacramentum
1329 1489 1592 1562 Coenae,
1650 1488 1753 1548 ubi
1784 1489 1943 1552 haec
1978 1487 2171 1548 verba
2218 1528 2256 1560 ,‚
2278 1483 2339 1542 If
2364 1479 2495 1540 with
2524 1492 2557 1533 a

467 1599 601 1651 true
637 1592 906 1667 penitent
959 1591 1163 1660 heart,
1215 1591 1334 1650 and
1383 1588 1565 1664 lively
1610 1588 1793 1660 saith,
1848 1607 1945 1650 we
1996 1589 2233 1649 receive
2281 1583 2405 1642 that
2433 1575 2558 1650 holy

466 1691 852 1759 Sam-ament,
915 1690 1008 1750 for
1055 1689 1198 1748 then
1244 1707 1336 1750 we
1390 1689 1729 1766 spiritually
1774 1696 1872 1748 eat
1926 1691 2031 1750 the
2078 1686 2231 1747 flesh
2276 1683 2340 1743 of
2380 1678 2557 1739 Christ
2611 1733 2624 1748 ‚

469 1791 587 1850 and
642 1790 813 1848 drink
862 1789 972 1851 His
1008 1790 1216 1864 blood,
1273 1791 1416 1850 then
1466 1807 1557 1849 we
1592 1789 1769 1850 dwell
1804 1793 1865 1848 in
1898 1789 2105 1852 Christ
2138 1785 2256 1846 aud
2290 1781 2475 1842 Christ
2504 1777 2555 1832 in

471 1907 578 1962 us,
627 1889 745 1948 and
780 1907 872 1948 we
909 1908 1011 1948 are
1047 1907 1160 1950 one
1196 1890 1340 1949 with
1370 1890 1567 1952 Christ
1600 1891 1717 1948 and
1744 1890 1949 1950 Christ
1982 1889 2128 1952 with
2160 1887 2297 1957 us“,
2343 1887 2401 1942 et
2422 1875 2551 1938 Joh:

472 1990 599 2050 VI:
647 1993 768 2066 563
825 1990 934 2049 sed
967 1990 1120 2050 haec
1156 1991 1370 2050 melius
1408 1990 1833 2066 comprehendi
1866 1995 2125 2069 possunt
2172 2005 2243 2048 ex
2276 1983 2387 2045 illis
2420 1988 2553 2053 quae

469 2095 532 2150 in
570 2090 772 2168 Opere
811 2091 884 2150 de
915 2090 1116 2150 Conco
1143 2110 1222 2150 m*
1247 2091 1523 2152 INsnnNo
1560 2109 1627 2149 n:
1670 2095 1697 2149 1
1721 2096 1776 2151 1.
1814 2097 1844 2151 1
1864 2096 1926 2168 2,
1968 2099 2213 2152 ostensa
2244 2085 2399 2144 sunt:
2432 2072 2549 2136 inde

470 2208 626 2252 nunc
663 2195 808 2268 quia
842 2191 1124 2250 Divinum
1160 2191 1401 2252 Domini
1433 2199 1745 2268 receptum
1782 2193 1856 2250 ab
1892 2191 2147 2272 Angelis
2186 2194 2244 2248 et
2276 2183 2347 2243 ab
2378 2173 2546 2238 homi-

471 2292 647 2352 nibus
683 2291 1111 2354 facitCoelum
1160 2299 1218 2352 et
1251 2294 1584 2354 Ecclesiam
1636 2293 1796 2370 apud
1836 2293 2007 2370 illos,
2058 2306 2241 2352 unum
2274 2285 2405 2343 sunt
2434 2287 2549 2335 cum

469 2394 750 2468 Domino,
787 2397 946 2452 sicut
978 2394 1122 2470 Ipse
1159 2400 1220 2452 et
1245 2394 1431 2454 Pater
1455 2412 1635 2456 unum
1663 2396 1759 2454 sit.
1814 2393 1895 2454 Ut
1930 2395 2133 2454 adhuc
2160 2389 2387 2454 sciatur,
2422 2388 2549 2452 quo-

469 2493 644 2554 modo
680 2494 1139 2572 intelligendum
1203 2501 1324 2568 est,
1382 2496 1543 2572 quod
1590 2496 1883 2555 Dominus
1934 2495 2127 2564 dicat,
2176 2484 2327 2566 quod
2366 2473 2547 2538 sedeat

471 2613 604 2656 cum
633 2594 816 2654 Patre
853 2613 965 2656 suo
1000 2598 1062 2654 in
1093 2595 1332 2654 Throno
1361 2596 1595 2672 Ipsius,
1634 2595 1941 2656 sciendum
1974 2601 2093 2669 cst,
2124 2586 2276 2670 quod
2302 2581 2543 2642 Tmonus

467 2696 590 2756 Dei
639 2697 719 2754 sit
755 2695 1029 2767 Coelum,
1095 2702 1161 2754 ut
1219 2696 1276 2753 in
1330 2698 1628 2773 superiori
1661 2695 1933 2756 Articulo
1984 2701 2285 2756 ostensum
2328 2683 2438 2751 ‹ist›
2485 2682 2545 2727 ³⁰

473 2796 722 2856 Coelum
757 2804 850 2856 est
887 2797 1130 2871 Coelan
1187 2813 1262 2855 ex
1306 2795 1527 2856 Divino
1578 2797 1737 2875 quod
1781 2797 2059 2872 procedit
2108 2811 2146 2852 a
2178 2784 2446 2849 Domino,
2493 2771 2542 2826 ‘³⁸

470 2895 585 2954 hoc
621 2895 903 2956 Divinum
941 2905 1190 2958 vocatur
1224 2896 1508 2956 Divinum
1544 2897 1769 2958 Verum
1788 2941 1805 2970 ,
1860 2897 1969 2956 sed
2010 2901 2103 2958 est
2136 2888 2402 2952 Divinum
2434 2872 2537 2931 ΒΟ·

471 3010 612 3052 num
649 2997 879 3054 unitum
906 2995 1125 3057 Divino
1152 2997 1334 3072 Ver0,
1375 3004 1441 3056 ut
1481 3015 1667 3074 supra
1702 2997 1923 3057 dictum
1962 3004 2057 3057 est
2069 3015 2085 3072 3
2122 2993 2259 3069 Ipse
2283 2976 2535 3081 Dominus

475 3111 594 3154 non
630 3100 722 3152 est
755 3096 813 3152 in
851 3095 1054 3164 Coe10‚
1091 3098 1200 3156 sed
1237 3103 1328 3156 est
1364 3114 1551 3174 supra
1576 3097 1811 3172 CoeloS,
1854 3105 1913 3158 et
1948 3097 2201 3175 apparet
2232 3085 2341 3146 illis
2374 3072 2463 3152 (1¹¹i
2488 3079 2537 3178 {¹¹

477 3193 676 3252 Coelis
715 3201 855 3252 sunt
887 3202 956 3254 ut
993 3195 1096 3256 Sol
1115 3217 1132 3271 3
1171 3196 1330 3274 quod
1366 3204 1659 3276 appareat
1692 3205 1759 3256 ut
1795 3197 1927 3273 Sol,
1980 3205 2072 3256 est
2108 3191 2243 3270 quia
2275 3185 2361 3242 est
2390 3172 2535 3279 Divi-

473 3309 586 3352 nus
621 3295 826 3368 Amor,
868 3312 938 3356 ac
965 3296 1220 3355 Divinus
1247 3296 1434 3356 Amor
1469 3305 1727 3376 apparet
1758 3297 2009 3376 Angelis
2045 3301 2110 3356 ut
2140 3288 2298 3366 Ignis
2326 3273 2529 3340 Solans,

473 3393 630 3454 unde
661 3412 898 3472 quoque
924 3396 1088 3474 Ignis
1117 3413 1290 3456 sacer
1323 3399 1384 3455 in
1412 3399 1618 3458 Verbo
1645 3397 1937 3476 significat
1962 3398 2239 3456 Amorem
2261 3374 2529 3478 Divinulpi

473 3514 550 3558 ex
585 3495 728 3574 Ipso
765 3503 832 3556 ut
867 3496 1009 3558 Sole
1067 3498 1340 3574 procedit
1384 3497 1515 3558 Lux
1552 3506 1613 3558 et
1650 3498 1859 3574 Calor,
1914 3497 2051 3576 Lux
2102 3505 2253 3571 quae
2284 3463 2527 3574 pr⁰ss⁰d{t’

475 3599 616 3674 quia
651 3604 746 3657 est
777 3596 908 3658 Lux
941 3598 1303 3677 spiritualis,
1359 3605 1452 3658 est
1486 3599 1769 3658 Divinum
1804 3599 2063 3670 Verum,
2101 3599 2160 3654 et
2196 3583 2379 3650 Calor,
2412 3571 2529 3674 ‘luffa

476 3705 572 3758 est
607 3698 785 3760 Calor
833 3699 1189 3775 spiritualis,
1247 3706 1339 3758 est
1383 3698 1665 3758 Divinum
1699 3699 1960 3774 Bonum3
2015 3699 2162 3767 hoc,
2211 3689 2404 3753 nempe
2432 3662 2525 3772 D}-

471 3802 673 3858 vinum
709 3799 959 3874 Bonum,
997 3801 1350 3878 intelligitur
1384 3817 1497 3876 per
1530 3801 1773 3859 Patrem
1804 3802 1867 3858 in
1905 3797 2129 3859 Coelis:
2177 3779 2325 3865 quod
2346 3773 2522 3883 D·⁰¹¹¹¹‘

473 3916 586 3960 nus
620 3904 701 3961 sit
748 3899 852 3960 Sol
890 3899 1082 3975 Coeli,
1141 3907 1204 3960 et
1256 3899 1415 3977 quod
1462 3900 1596 3958 Lux
1634 3905 1694 3960 et
1731 3897 1908 3959 Calor
1957 3899 2093 3958 inde
2136 3891 2247 3951 sint
2284 3869 2525 3938 Divmum

469 3999 700 4060 Verum
732 4004 963 4060 unitum
991 4000 1208 4061 Divino
1243 4000 1442 4076 Bono,
1492 4000 1767 4062 videatur
1802 4002 1862 4059 in
1900 3999 2099 4076 Opere
2134 3991 2203 4050 de
2240 3979 2421 4040 Coruo
2456 3967 2519 4014 Μ’

472 4095 748 4153 Inmane
783 4115 852 4156 ιιι
896 4103 1031 4160 116
1075 4101 1151 4158 ad
1195 4101 1355 4172 125,
1392 4117 1463 4160 ac
1507 4104 1642 4160 126
1688 4100 1766 4159 ad
1808 4103 1978 4176 1403
2038 4103 2097 4160 et
2130 4080 2279 4168 quod
2311 4060 2522 4134 coelum

475 4191 554 4249 sit
589 4189 836 4250 Coelum
873 4212 947 4252 ex
979 4199 1197 4257 Divino
1249 4200 1409 4275 quod
1442 4201 1714 4275 procedit
1750 4218 1787 4258 a
1820 4201 2103 4273 Domino,
2139 4208 2201 4248 11²
2243 4185 2273 4239 7
2312 4167 2378 4230 ad
2414 4155 2516 4216 12:
