2700 4792
953 387 1188 444 CAPUT
1246 373 1544 446 PRIMUM.
2270 403 2298 452 3

7 547 42 596 V
191 559 343 612 tem
397 538 670 610 Stellae
723 536 989 635 Angeli
1059 556 1340 636 septem
1391 538 1892 610 Ecclesiarum
1946 557 2153 626 sunt,
2223 559 2303 632 =et

192 658 479 740 septem
533 637 991 709 Candelabra
1056 664 1240 736 quae
1298 639 1540 711 vidisti
1594 657 1873 738 septem
1922 639 2301 712 Ecclesiae

192 759 386 813 sunt.

1042 842 1082 882 ιιι
1137 843 1176 883 2*
1229 843 1270 884 ιιι
1325 842 1365 884 ax:
1420 842 1460 884 ικι

355 960 418 1020 1.
488 941 676 1012 Sunt
713 938 998 1038 plureS,
1055 943 1183 1038 qui
1207 940 1511 1012 Librum
1545 939 1739 1011 hunc
1768 942 2298 1039 propheticum,

195 1044 330 1141 qui
368 1040 868 1141 Apocalypsis
911 1060 1245 1130 vocatur,
1295 1058 1825 1140 exposuerunt,
1882 1042 2013 1112 sed
2046 1069 2300 1114 omnes

195 1145 308 1216 illi
359 1169 510 1214 non
565 1143 880 1213 Sensum
943 1143 1307 1213 internum
1376 1167 1503 1212 seu
1568 1142 2021 1240 spiritualem
2072 1144 2301 1216 Verbi

197 1242 747 1330 intellexerunt,
813 1259 886 1312 et
939 1241 1108 1315 ideo
1163 1243 1675 1342 applicuerunt
1726 1243 2044 1340 singula,
2112 1269 2300 1342 quae

194 1344 383 1416 inibi
437 1360 640 1429 sunt,
715 1343 808 1414 ad
861 1345 1318 1414 successivos
1368 1362 1599 1415 status
1641 1342 2053 1432 Ecclesiae,
2112 1371 2300 1442 quos

198 1470 291 1516 ex
331 1444 676 1516 Historiis
727 1444 817 1514 de
869 1442 1014 1514 illis
1070 1462 1289 1515 notos
1358 1444 1498 1515 sibi
1548 1443 1915 1535 fecerunt,
1971 1463 2045 1516 et
2093 1470 2302 1543 prae-

197 1564 404 1616 terea
455 1543 965 1642 applicuerunt
1014 1544 1228 1642 plura
1296 1545 1389 1616 ad
1459 1545 1706 1615 Status
1776 1544 2025 1616 civiles
2037 1573 2061 1638 3
2126 1546 2302 1616 'inde

197 1663 350 1732 est,
433 1645 639 1742 quod
689 1645 1040 1742 pleraque
1109 1645 1577 1742 conjecturae
1632 1646 1810 1733 sint,
1894 1671 2080 1742 quae
2131 1672 2303 1717 nus-

195 1772 418 1844 quam
469 1771 824 1844 apparere
874 1759 1188 1843 possunt
1241 1749 1317 1816 in
1353 1745 1483 1817 tali
1520 1745 1719 1832 luce,
1774 1762 1857 1815 ut
1888 1749 2335 1844 potuissent

193 1847 542 1934 affirmari
597 1848 791 1917 sicut
853 1871 1018 1916 vera
1035 1875 1057 1938 3
1144 1864 1594 1944 quapropter
1652 1864 2045 1944 postquam
2112 1847 2306 1918 lecta

193 1966 402 2034 sunt,
477 1948 696 2018 etiam
748 1948 941 2018 inter
992 1949 1381 2046 opiniones
1432 1948 1708 2045 rejecta
1762 1965 1950 2018 sunt.
2046 1948 2301 2036 Causa,

193 2049 406 2148 quod
439 2048 1026 2148 Explicationes,
1084 2073 1271 2145 quae
1325 2066 1645 2136 exstant,
1701 2048 1883 2119 tales
1930 2051 2107 2138 sint,
2164 2066 2299 2134 est,

193 2153 374 2248 quia
423 2149 613 2220 nihil
669 2149 759 2219 de
817 2149 1055 2219 Sensu
1108 2151 1399 2221 interno
1454 2174 1581 2220 seu
1636 2149 1997 2248 spirituali
2050 2149 2300 2236 Verbi,

191 2267 279 2322 ut
332 2250 614 2321 dictum
663 2267 813 2338 est,
869 2267 1264 2336 noverunt,
1321 2275 1488 2320 cum
1534 2268 1774 2320 tamen
1818 2251 2062 2321 omnia
2115 2273 2301 2348 quae

193 2354 275 2422 in
309 2349 770 2449 Apocalypsi
811 2352 1085 2448 scripta
1126 2368 1326 2437 sunt,
1360 2350 1603 2424 ,simili
1657 2350 1881 2448 style,
1938 2377 2085 2448 quo
2129 2355 2304 2423 Pro-

189 2452 494 2550 phetiea
547 2451 838 2524 Veteris
890 2453 1378 2539 Testamenti,
1449 2452 1723 2549 scripta
1779 2470 1979 2544 sunt-3
2049 2452 2126 2522 in
2178 2477 2300 2548 ge-

189 2575 377 2622 nere
433 2549 650 2636 simili
706 2550 936 2646 stylo,
1004 2577 1151 2648 quo
1218 2553 1464 2623 omnia
1524 2552 1788 2638 Verbi,
1852 2570 1926 2622 et
1978 2550 2306 2624 Verbum

192 2654 277 2722 in
311 2651 526 2723 litera
569 2667 683 2721 est
724 2650 1086 2739 naturale,
1141 2670 1215 2723 at
1255 2654 1330 2722 in
1374 2653 1537 2722 sinu
1580 2677 1713 2722 suo
1755 2667 1867 2720 est
1903 2649 2302 2747 spirituale,

194 2771 276 2822 et
330 2752 535 2848 quod
588 2751 734 2821 tale
793 2770 937 2839 est,
993 2753 1136 2824 hoc
1171 2754 1506 2824 continet
1548 2752 1625 2822 in
1666 2775 1743 2822 se
1787 2751 2120 2837 Sensum,
2178 2752 2307 2846 qui

194 2879 504 2951 prorsus
558 2878 706 2923 non
763 2870 1065 2950 apparet
1131 2855 1232 2927 in·
1273 2853 1515 2925 litera:
1606 2850 1845 2950 qualis
1898 2848 2311 2922 differentia

192 2970 312 3023 est
338 2953 720 3050 utriusque
762 2977 1043 3040 sensuS,
1101 2972 1439 3024 constare
1471 2970 1719 3051 potest
1764 2977 1849 3044 ex
1890 2951 2061 3039 illis,
2118 2969 2318 3049 quae

192 3055 275 3123 in
331 3053 710 3149 Opusculo
777 3053 866 3124 de
931 3056 1184 3145 Equo
1251 3056 1536 3141 Anac,
1617 3070 1691 3124 et
1752 3054 1827 3124 in
1894 3053 2304 3152 appendice

189 3153 304 3224 ibi
358 3177 445 3222 ex
497 3151 892 3224 Annuus
947 3153 1575 3225 Cosnnsrrnvs
1644 3155 1842 3225 dicta
1895 3172 1967 3224 et
2013 3171 2307 3225 ostensa

192 3269 388 3323 sunt.

354 3367 419 3430 2.
494 3356 601 3423 Ex
654 3354 768 3425 his
811 3372 1154 3425 constare
1190 3369 1475 3452 potest,
1535 3353 1737 3450 quod
1777 3353 2299 3452 Apocalypsis,

193 3478 430 3551 aeque
482 3461 570 3525 ac
623 3454 1064 3552 Prophetica
1118 3455 1407 3528 Veteris
1454 3456 1941 3541 Testamenti,
1996 3454 2303 3524 nullate-

193 3579 335 3624 nus
386 3556 626 3651 possit
677 3554 1022 3652 intelligi,
1089 3581 1226 3627 nec
1280 3555 1563 3652 aliquid
1615 3555 1754 3641 ihi,
1822 3555 1968 3625 nisi
2024 3555 2299 3625 Sensus
2343 3568 2427 3630 [5]

195 3653 600 3752 spiritualis
657 3655 964 3747 sciatur,
1044 3673 1118 3726 et
1170 3657 1470 3754 insuper
1518 3655 1663 3724 nisi
1714 3653 2061 3724 revelatio
2115 3653 2211 3722 sit
2262 3677 2303 3722 e

195 3753 462 3841 Coelo,
530 3755 662 3825 ubi
722 3773 964 3826 totum·
1013 3756 1336 3828 Verbum
1406 3754 1809 3826 secundum
1858 3751 2063 3823 illum
2119 3753 2303 3822 Sen-

197 3879 358 3924 sum
409 3853 861 3952 intelligitur.
966 3857 1186 3953 Quod
1248 3858 1350 3927 ita
1423 3857 1556 3943 sit,
1634 3851 2093 3926 confirmabit
2144 3853 2309 3952 ipsa

197 3954 646 4053 Explicatio,
703 3981 890 4052 quae
945 3959 1296 4055 sequitur.

352 4073 418 4135 5.
489 4058 570 4126 In
602 4083 798 4127 nunc
827 4074 1182 4154 sequente
1207 4055 1717 4155 Explicatione
1750 4055 2307 4155 citanturplura

199 4177 284 4222 ex
333 4159 730 4227 Alienus
787 4157 1451 4248 Comassrrnusj,
1509 4156 2053 4257 sciaturitaque
2104 4153 2307 4253 quod

203 4252 370 4325 inde
425 4258 590 4327 sint.

1791 4370 1812 4422 l
1851 4363 1885 4404 ει
