2700 4792
425 375 536 430 440
613 359 1108 420 APOCALYPSIS
1153 359 1589 418 EXPLICATA.
1656 359 1701 428 ὃ.
1748 365 1891 420 258.
1940 367 2075 420 259.
2120 367 2255 420 260.

421 527 590 584 visus
626 528 752 597 est,
809 537 880 580 ae
917 523 1139 580 circum
1170 519 1344 578 'illum
1380 519 1590 596 viginti
1626 524 1889 595 quatuor
1924 517 2161 588 throni,
2206 533 2392 593 super
2426 519 2559 592 qui-

419 623 536 684 bus
573 623 782 698 viginti
841 626 1096 698 quatuor
1134 619 1447 690 Seniores,
1532 626 1657 678 tum
1706 625 1980 695 quatuor
2029 616 2341 678 Animalia
2390 617 2564 693 juxta

424 723 753 792 Thronum,
789 737 945 798 quae
981 725 1122 780 sunt
1149 719 1443 797 Cherubi3
1482 719 1645 796 quod
1677 735 1785 796 per
1821 718 1935 777 illa
1980 717 2369 779 describatur
2402 715 2556 774 ordi-

417 824 584 884 natio
611 823 878 880 omnium
903 827 1040 880 ante
1067 820 1375 880 Judieium
1400 825 1465 878 et
1488 818 1565 878 ad
1584 818 1625 878 J
1630 819 1917 893 odicium,
1954 817 2265 878 videbitur
2296 819 2361 875 in
2386 816 2554 892 hujus

399 922 650 1000 ‘Capitis
668 921 1097 1000 Explicatione.
1139 919 1459 980 Sciendum
1488 926 1599 994 est,
1630 919 1793 996 quod
1820 925 2167 996 antequam
2196 917 2403 994 aliqua
2430 933 2551 974 mu-

417 1024 568 1082 tatio
589 1024 807 1094 existit,
835 1021 1034 1081 omnia
1055 1020 1553 1098 praeordinantur
1572 1027 1633 1080 et
1654 1019 1734 1078 ad
1756 1020 2039 1080 futurum
2057 1010 2365 1078 Eventum
2381 1031 2547 1093 prae·-

417 1129 740 1200 parentur,
795 1138 934 1180 nam
985 1123 1182 1181 omnia
1225 1139 1263 1180 a
1294 1121 1551 1180 Domino
1586 1117 2060 1198 praevidentur,
2115 1125 2181 1178 et
2228 1115 2549 1176 seeundum

416 1222 900 1283 Praevidentiam
935 1221 1328 1300 disponuntur
1366 1227 1425 1279 et
1458 1219 1881 1297 providenturt
1940 1236 2057 1298 per
2096 1218 2406 1277 Thi-onum
2439 1217 2547 1272 ita-

421 1339 540 1400 que
593 1324 656 1382 in
709 1322 906 1382 medio
945 1321 1114 1383 Coeli
1160 1321 1511 1398 intelligitur
1544 1321 1851 1380 Judicium
1872 1363 1892 1391 ,
1960 1326 2024 1380 et
2072 1337 2190 1396 per
2237 1315 2545 1378 Sedentem

419 1439 605 1501 super
637 1421 740 1481 illo
774 1423 1102 1498 Dominus;
1137 1439 1245 1500 per
1279 1423 1489 1497 viginti
1524 1427 1783 1497 quatuor
1818 1421 2079 1480 thronos
2119 1434 2307 1496 super
2338 1413 2539 1494 quibus

417 1524 630 1601 viginti
659 1528 914 1599 quatuor
941 1521 1240 1596 Seniores,
1278 1521 1691 1597 intelliguntur
1716 1524 1921 1581 omnia
1950 1537 2105 1582 vera
2130 1521 2195 1578 in
2224 1515 2538 1593 complexu,

423 1640 502 1683 ex
537 1621 756 1698 quibus
793 1630 854 1682 et
889 1623 1224 1682 secundum
1259 1637 1419 1698 qnae
1454 1620 1794 1696 Judi‘eium3
1856 1629 1921 1680 et
1956 1637 2072 1698 per
2110 1626 2368 1696 quatuor
2398 1614 2538 1673 Ani-

417 1722 632 1797 malia,
707 1739 862 1798 quae
923 1729 1063 1781 sunt
1115 1722 1413 1796 Cherubi,
1480 1720 1833 1798 intelligitur
1886 1722 2119 1781 Divina
2172 1714 2539 1778 Providentia

416 1821 662 1881 Domini
695 1839 770 1882 ne
799 1819 969 1882 Coeli
1001 1823 1230 1898 priores
1259 1839 1368 1900 per
1391 1824 1684 1898 insignem
1713 1821 1987 1880 suturam
2014 1819 2402 1880 Mutationem
2431 1813 2531 1872 de-

417 1923 764 1981 trimentum
797 1927 1171 1998 paterentur,
1229 1928 1415 1998 utque
1461 1921 1602 1981 dein
1636 1923 1835 1980 omnia
1884 1919 2231 1982 seeundum
2268 1915 2532 1978 Ordinem

417 2021 649 2091 flerent,
681 2039 898 2100 nempe
931 2029 1000 2080 ut
1031 2023 1282 2081 interius
1320 2020 1463 2081 mali
1498 2029 1925 2099 separarentur
1960 2022 2041 2082 ab
2068 2020 2315 2078 interius
2352 2013 2524 2082 boni&

417 2137 492 2180 ae
525 2120 588 2179 hi
621 2123 682 2180 in
717 2121 965 2183 Coelum
1001 2122 1426 2196 eveherentur,
1480 2121 1570 2181 illi
1613 2129 1813 2182 autem
1866 2124 1931 2182 in
1966 2122 2277 2182 Inferna-m
2311 2114 2521 2191 dejice·

419 2227 650 2281 rentur.

579 2324 740 2382 259.
796 2323 991 2383 Vers:
1051 2327 1108 2381 1.
1175 2322 1341 2384 Post
1389 2322 1540 2384 haee
1582 2322 1751 2398 vidi,
1804 2327 1865 2382 et
1904 2341 2041 2386 ecoe
2078 2317 2315 2380 ostium
2352 2327 2521 2392 aper-

421 2428 562 2484 tum
599 2423 670 2484 ira
697 2418 880 2484 Coelo
891 2443 920 2496 ;
973 2429 1033 2484 et
1073 2443 1197 2486 vox
1229 2423 1484 2504 prima,
1528 2443 1720 2504 quam
1746 2421 1981 2486 audivi
2018 2429 2319 2500 tanquam
2356 2410 2521 2472 tubae

419 2520 733 2602 loquentis
773 2543 1038 2600 meeum,
1095 2523 1371 2601 dicebat,
1415 2525 1681 2586 ascende
1734 2521 1882 2596 huo,
1936 2531 1999 2596 et
2052 2516 2379 2583 ostendam
2416 2503 2521 2568 tibi

419 2641 582 2704 quae
609 2629 848 2706 oportet
872 2625 1029 2706 fieri
1047 2624 1338 2705 posthac.
1394 2625 1543 2684 Post
1567 2626 1719 2684 haee
1747 2623 1889 2699 vidi,
1929 2623 2229 2703 significat
2262 2610 2513 2674 intellec-

418 2729 547 2782 tum
581 2725 974 2786 illustratum:
1031 2731 1091 2784 et
1125 2743 1268 2786 ecee
1305 2728 1527 2784 ostium
1563 2732 1838 2802 apertum
1873 2728 1936 2784 in
1974 2722 2161 2786 Coelo
2180 2763 2197 2792 ,
2248 2709 2515 2792 significat

421 2841 644 2884 areana
677 2825 832 2886 coeli
868 2826 1160 2885 revelata:
1219 2833 1278 2886 et
1311 2843 1429 2884 vox
1464 2827 1685 2902 prima,
1722 2815 1920 2900 'quam
1956 2823 2191 2895 audivi,
2244 2808 2523 2892 significat·

416 2924 846 2984 revelationem
872 2943 1028 2984 nune
1056 2927 1130 2985 de
1157 2927 1401 2986 futuris:
1438 2932 1719 3002 tanquam
1748 2925 1929 2985 tubae
1954 2921 2255 3002 loquentis
2282 2921 2507 2992 mecum,

304 3013 310 3018 ’
419 3021 716 3096 signifieat
751 3022 974 3084 claram
1013 3033 1074 3085 et
1107 3028 1519 3086 manifestam:
1576 3026 1830 3096 dicebat,
1866 3025 2127 3086 ascende
2161 3020 2303 3090 hue,
2338 3005 2503 3086 Si'gni‘

417 3119 560 3178 ficat
594 3121 988 3182 elevationem
1017 3129 1234 3185 mentis
1265 3133 1324 3186 et
1350 3129 1770 3186 attentionem:
1807 3133 1869 3185 et
1902 3125 2215 3186 ostendam
2250 3113 2348 3176 thi
2372 3118 2503 3184 ‘12¹³‘

419 3225 658 3296 oportet
717 3221 848 3280 fieri
903 3225 1188 3301 posthae,
1244 3227 1540 3303 significat
1587 3229 2036 3286 instructionem
2086 3225 2161 3282 de
2196 3217 2306 3278 illis
2364 3217 2498 3285 ΨΜ

417 3318 624 3380 ultimo
661 3329 930 3400 tempore
967 3325 1276 3386 Ecclesiae
1313 3327 1588 3386 existent.

577 3421 740 3483 260.
789 3423 938 3483 Post
965 3424 1116 3484 haec
1143 3425 1293 3501 vidi,
1351 3427 1512 3502 quod
1538 3425 1831 3510 significet
1861 3426 2227 3487 intellectum
2258 3411 2491 3474 mustra-

417 3528 563 3593 tum,
599 3529 832 3583 constat
859 3542 936 3584 ex
963 3525 1395 3603 significatione
1424 3527 1629 3586 videre
1668 3526 1825 3603 quod
1858 3529 1939 3586 sit
1972 3524 2327 3598 intelligeres
2358 3495 2489 3582 ‘1¹¹0d

415 3622 622 3682 videre
657 3625 952 3702 significet
985 3625 1346 3710 intelligere,
1406 3635 1499 3686 est
1535 3630 1677 3703 quia
1708 3629 1877 3686 visus
1914 3627 2070 3686 oculi
2104 3599 2488 3690 correspondet

415 3724 576 3782 visui
625 3728 880 3797 mentis,
934 3729 1036 3804 qui
1087 3734 1178 3786 est
1223 3725 1595 3796 intelleetns;
1650 3725 2178 3804 correspondentia
2224 3715 2320 3776 illa
2368 3697 2487 3763 inde

215 3825 378 3892 [291]
421 3830 547 3898 est,
603 3825 746 3900 qnia
791 3824 1132 3886 intellectus
1179 3827 1344 3886 videt
1390 3826 1755 3904 spiritualia,
1810 3843 1883 3886 ae
1928 3828 2095 3885 visus
2144 3815 2293 3881 oculi
2332 3807 2481 3866 natu·

417 3924 569 3983 ralia
584 3941 603 3999 3
659 3925 997 4000 spiritualia
1029 3932 1170 3985 sunt
1203 3945 1348 3986 vera
1385 3943 1457 3986 ex
1482 3926 1659 3998 bono,
1698 3933 1757 3986 et
1790 3926 2089 3986 naturalia
2122 3924 2253 3981 sunt
2280 3901 2481 3983 obj⁰⁰t³

413 4022 474 4078 in
510 4014 692 4079 variis
728 4023 968 4102 formis3
1005 4044 1151 4085 vera
1187 4043 1262 4086 ex
1289 4027 1465 4103 bono,
1506 4043 1662 4102 quae
1700 4034 1837 4086 sunt
1872 4022 2213 4104 spiritualia,
2247 4017 2303 4073 111
2326 3994 2479 4064 0⁰0¹⁰
2506 4029 2535 4038 ‘

416 4133 610 4191 aeque
646 4120 956 4182 manifeste
985 4125 1261 4184 videntur
1288 4129 1446 4186 sieut
1470 4127 1711 4204 objecta
1738 4143 1937 4186 eoram
1964 4125 2151 4196 ocule,
2186 4111 2285 4176 sed
2314 4107 2476 4172 “⁸4⁰⁰

415 4227 550 4270 cum
588 4212 770 4272 multa
806 4216 1169 4299 differentia,
1203 4242 1349 4286 vera
1378 4227 1535 4291 enim
1568 4226 1673 4286 illa
1704 4226 1983 4288 videntur
2017 4203 2474 4285 intellectualiter,
