2700 4792
331 346 572 404 CAPUT
611 346 1014 404 SECUNDUM.
1694 348 1875 406 VERS
1900 369 1914 404 ε
1960 359 2051 412 18.
2208 363 2321 416 203

191 515 300 568 est
353 507 574 568 diffusa
618 523 1136 584 quaquaversum,
1195 514 1256 567 et
1299 507 1581 568 diffusum
1630 509 1987 588 dissipatum
2039 512 2157 572 hoc
2204 531 2319 590 ap·-

191 611 420 688 primie
459 609 615 668 scire
657 606 860 666 datum
909 613 1004 666 001
1047 624 1118 666 ex
1165 607 1284 667 illis
1329 627 1363 669 e
1417 608 1755 670 Christiano
1802 610 1965 672 Orbe
2014 615 2078 671 in
2128 613 2323 674 altera

189 713 371 784 vita,
425 711 529 787 qui
569 707 766 768 solum
803 710 1220 786 cogitaverunt
1265 709 1340 769 de
1389 709 1603 785 Patre,
1668 717 1728 772 01
1774 729 1893 772 non
1929 712 2003 771 de
2036 713 2315 788 Domino,

193 809 372 888 quod
407 809 528 868 sibi
561 814 836 868 naturam
871 811 933 867 in
967 810 1224 868 minimis
1259 810 1483 870 saciant
1512 811 1713 872 Deum
1730 855 1747 886 ,
1788 813 2111 873 0110011010
2148 815 2317 876 deci-.-

191 911 356 970 dant
389 910 468 968 ab
509 911 669 969 omni
712 908 850 969 idea
895 909 1048 984 Dei,
1113 918 1554 986 consequenter
1598 912 1675 971 ab
1726 912 1865 973 idea
1910 920 1971 973 et
2016 913 2131 974 fide
2182 931 2315 975 om-

192 1014 379 1071 nium
420 1027 578 1087 quae
617 1007 786 1070 Coeli
827 1017 890 1068 01
933 1009 1248 1070 Ecclesiae
1283 1018 1441 1072 0001.
1520 1012 1717 1072 Aliter
1764 1013 1877 1088 illi,
1932 1017 2035 1091 qui
2070 1014 2145 1074 de
2181 1015 2317 1076 Deo

195 1111 330 1172 sub
363 1111 644 1170 Humana
677 1110 866 1170 forma
902 1112 1346 1186 cogitaverunt,
1398 1111 1489 1172 illi
1534 1129 1739 1173 omnes
1786 1112 1955 1173 ideas
2006 1115 2085 1174 ad
2139 1115 2313 1175 Divi-

194 1229 352 1272 num
379 1211 808 1272 determinatas
843 1210 1096 1286 habent,
1149 1229 1260 1272 nec
1309 1219 1611 1290 vagantur
1659 1219 1727 1273 ut
1758 1215 1997 1292 priores
2036 1232 2312 1292 quaqua·-

195 1329 492 1388 versum3
551 1317 612 1370 01
645 1313 786 1389 quia
820 1312 1106 1372 Divinum
1160 1309 1274 1371 sub
1318 1313 1601 1372 Humana
1652 1314 1843 1372 forma
1898 1320 1991 1374 est
2031 1315 2315 1376 Divinum

193 1415 556 1474 Humanum
615 1411 888 1482 Domini,
961 1411 1098 1472 ideo
1156 1412 1451 1472 Dominus
1514 1413 1751 1473 illorum
1812 1417 2203 1492 cogitationes
2254 1425 2317 1478 ct

203 1515 564 1574 affectiones
614 1512 693 1571 ad
737 1511 816 1572 Se
866 1512 1050 1572 flectit
1095 1517 1156 1573 et
1194 1512 1581 1573 determinat:
1638 1517 1780 1592 quia
1819 1515 1933 1575 hoc
1966 1518 2315 1592 primarium

193 1615 522 1676 Ecclesiae
569 1620 666 1673 est
677 1657 694 1688 ,
746 1614 884 1672 ideo
929 1613 992 1672 id
1031 1612 1258 1691 jugiter
1291 1615 1483 1674 influit
1516 1634 1549 1675 e
1588 1615 1759 1675 coelo
1795 1615 1958 1693 apud
1996 1615 2315 1690 hominem,

193 1715 364 1776 unde
407 1717 586 1792 quasi
618 1715 868 1773 insitum
896 1721 989 1774 001
1014 1716 1206 1774 cuivis
1245 1717 1509 1792 cogitare
1538 1716 1613 1775 de
1646 1716 1865 1776 Divino
1892 1718 2007 1776 sub
2032 1717 2316 1778 Humana

193 1818 404 1876 forma
422 1861 440 1891 ,
479 1821 542 1874 et
577 1817 665 1874 010
699 1815 859 1874 intus
894 1817 954 1872 in
983 1831 1051 1874 00
1079 1815 1502 1875 videre‘suum
1529 1816 1844 1892 Divinum,
1884 1825 2129 1895 praeter
2152 1818 2316 1896 apud

193 1918 342 1978 illos
381 1918 487 1993 qui
519 1915 636 1976 hoc
671 1917 916 1973 insitum
943 1914 1108 1992 apud
1131 1933 1201 1976 00
1237 1918 1671 1987 exstinxerunt,
1704 1918 1980 1981 videatur
2014 1922 2075 1978 in
2110 1918 2313 1997 Opere

193 2019 278 2078 de
315 2017 534 2078 Coeno
569 2035 648 2076 m·
683 2015 958 2074 Inmane
993 2035 1061 2075 n:
1107 2020 1217 2076 82.
1290 2015 1495 2076 Causa
1528 2020 1707 2076 etiam
1741 2020 1879 2079 inde
1927 2020 2119 2080 videri
2170 2031 2309 2097 pot·-

199 2125 336 2193 est,
393 2117 556 2195 quod
597 2131 838 2190 010000,
903 2123 1286 2194 quotcunque
1321 2125 1495 2193 0001,
1560 2119 1829 2180 1101010οε
1870 2129 2009 2197 post
2042 2128 2313 2190 mortem,

199 2218 450 2296 quando
485 2219 634 2280 fiunt
679 2219 958 2294 spiritua,
1028 2223 1339 2279 vertantur
1388 2218 1465 2276 ad
1518 2235 1663 2278 0000
1714 2237 1978 2295 amores,
2043 2228 2105 2281 et
2156 2221 2315 2297 quod

197 2319 346 2380 inde
387 2320 490 2396 qui
520 2320 808 2379 Divinum
839 2317 950 2376 sub
981 2317 1261 2378 Humana
1295 2320 1489 2378 forma
1513 2319 1841 2395 coluerunt,
1872 2321 1951 2379 ad
1974 2321 2315 2390 Dominum,

203 2421 336 2497 Qui
377 2427 630 2496 apparet
677 2419 793 2479 illis
848 2425 914 2476 01
966 2417 1073 2478 Sol
1119 2436 1305 2496 supra
1339 2419 1588 2495 Coelos;
1645 2421 1747 2496 qui
1798 2428 1997 2480 autem
2031 2422 2317 2480 Divinum

209 2537 345 2579 non
393 2519 505 2578 001)
548 2520 824 2580 Humana
859 2519 1051 2580 forma
1095 2521 1441 2594 coluerunt,
1496 2520 1585 2578 illi
1620 2527 1933 2583 vertuntur
1966 2519 2045 2579 ad
2080 2537 2317 2581 amores

213 2617 518 2680 naturalis
561 2621 654 2678 sui
697 2620 981 2695 hominia,
1038 2623 1140 2697 qui
1187 2638 1393 2680 010000
1430 2637 1497 2680 00
1534 2620 1803 2680 referunt
1838 2621 1915 2680 ad
1949 2636 2185 2680 amores
2220 2623 2317 2680 001

206 2727 276 2781 01
299 2719 536 2795 mundi,
573 2722 658 2779 ita
688 2727 850 2780 retro
888 2736 926 2779 a
961 2720 1248 2797 Domino,
1289 2728 1353 2782 et
1385 2727 1625 2781 vertere
1660 2737 1729 2780 00
1768 2727 1930 2780 retro
1966 2739 2005 2779 a
2037 2721 2314 2797 Domino,

201 2827 304 2882 001
337 2819 416 2880 ad
448 2820 782 2880 Infernum:
837 2821 1000 2899 quod
1037 2830 1393 2882 convertant
1440 2838 1508 2882 00
1546 2839 1751 2882 omnes
1788 2822 1867 2880 ad
1900 2838 2043 2882 0000
2080 2839 2317 2882 amores

197 2925 266 2982 in
319 2922 624 2998 spirituali
675 2922 934 2997 Mundo,
997 2923 1270 2982 videatur
1326 2925 1391 2982 in
1448 2921 1654 3000 Opere
1699 2921 1774 2982 de
1821 2922 2023 2983 001100
2074 2927 2154 2983 m'·
2202 2925 2313 2984 In·-

195 3041 437 3097 rnnM),
507 3041 576 3082 n:
651 3026 762 3082 17.
825 3025 985 3083 123.
1048 3027 1210 3083 142.
1268 3026 1429 3083 143.
1488 3025 1647 3082 144.
1712 3025 1871 3083 145.
1930 3025 2091 3085 151.
2153 3027 2310 3086 153.

205 3123 378 3182 255.
439 3126 606 3183 272.
679 3125 838 3182 510.
911 3125 1072 3184 548.
1139 3125 1296 3184 552.
1351 3126 1514 3183 561.
1618 3123 1841 3183 Omnes
1896 3128 1999 3201 qui
2054 3129 2314 3204 antiquis

197 3223 578 3299 temporibus
626 3225 933 3299 vixerunt,
1009 3231 1070 3284 01
1115 3225 1404 3284 Divinum
1449 3225 1795 3296 coluerunt,
1858 3226 2141 3287 Divinum
2199 3227 2315 3286 001)

199 3323 488 3382 Humana
547 3324 740 3384 forma
802 3327 1162 3402 cogitatione
1218 3326 1525 3400 viderunt,
1592 3335 1655 3385 et
1710 3327 1809 3384 vix
1868 3326 2085 3404 'aliquis
2133 3328 2311 3386 Divi'-

197 3439 350 3482 num
388 3424 729 3500 invisibile3
785 3433 846 3484 et
883 3425 1166 3485 Divinum
1213 3426 1328 3485 sub
1376 3426 1659 3486 Humana
1702 3426 1893 3486 forma
1938 3430 2119 3488 etiam
2170 3433 2313 3484 tunc

193 3528 334 3583 erat
392 3523 683 3584 Divinum
739 3525 1114 3602 Humanum3
1191 3527 1302 3586 sed
1366 3528 1509 3604 quia
1562 3527 1677 3586 hoc
1732 3527 2015 3586 Divinum
2076 3525 2313 3585 Huma-

189 3641 344 3682 num
399 3631 532 3683 erat
588 3627 874 3686 Divinum
936 3625 1176 3686 Domini
1226 3629 1288 3686 in
1339 3624 1539 3687 Coelis
1603 3634 1663 3686 01
1721 3628 2017 3687 transiens
2072 3624 2309 3697 Coelos,

193 3731 258 3784 01
317 3724 460 3784 Hoc
517 3725 792 3801 taudem,
884 3745 1018 3786 cum
1085 3725 1332 3787 Ocelum
1394 3727 1723 3785 invalidum
1783 3725 2005 3784 factum
2067 3730 2163 3784 001
2236 3742 2311 3784 ex

191 3841 301 3896 eo,
362 3825 528 3901 quod
580 3827 885 3900 homines,
940 3845 1016 3887 ex
1065 3826 1282 3904 quibus
1339 3827 1620 3900 Ocelum,
1684 3825 2028 3884 successive
2078 3823 2153 3884 ab
2200 3824 2306 3883 In·-

190 3927 386 3986 ternis
421 3925 568 3986 facti
601 3928 722 3986 0101
751 3929 1031 3998 Externi,
1093 3934 1156 3988 01
1189 3931 1280 3988 010
1316 3924 1643 3987 Naturales
1660 3968 1676 3999 ,
1726 3924 1863 3984 ideo
1902 3925 2132 4002 placuit
2180 3927 2311 4004 Ipsi
2358 3911 2373 3926 ⁶

187 4026 418 4086 Divino
471 4005 816 4088 Humanum
863 4029 1112 4088 induere
1127 4073 1146 4104 ,
1202 4035 1262 4088 et
1307 4019 1441 4087 Hoc
1480 4025 1815 4104 glorificare
1864 4043 1975 4086 000
2021 4028 2307 4088 Divinum

187 4127 436 4201 facere,
491 4131 562 4185 01
595 4129 680 4188 010
708 4145 785 4190 ex
815 4128 896 4190 Se
931 4136 1146 4207 posset
1189 4129 1429 4188 afficere
1466 4144 1673 4188 010000
1710 4133 1830 4187 tam
1868 4130 2056 4205 quiin
2082 4127 2309 4188 Mundo

191 4227 502 4304 spirituali
538 4245 716 4304 quam
753 4232 857 4307 qui
889 4233 952 4290 in
989 4229 1214 4289 Mundo
1249 4229 1509 4288 naturali
1546 4236 1713 4306 sunt,
1790 4235 1849 4289 ct
1888 4230 2127 4290 salvare
2164 4229 2301 4288 11100
2344 4232 2509 4298 [139]
