2700 4792
321 349 574 412 CAPUT
615 349 986 418 QUARTUM.
1514 381 1523 388 ·
1686 285 1929 406 ’vausz
1972 356 2029 412 8.
2182 361 2295 416 493

135 514 450 577 consistit
483 528 556 571 ex
593 509 712 570 illic
775 513 874 588 qui
925 512 988 570 in
1021 509 1180 570 bono
1217 508 1483 570 Coelesti
1530 525 1640 572 seu
1688 514 1749 570 in
1792 512 1949 572 bono
1988 513 2203 572 amoris
2234 514 2299 574 in

135 617 498 676 Dominum
533 616 704 684 sunt,
759 617 820 670 et
857 610 1105 670 Coelum
1141 609 1300 688 quod
1335 613 1393 670 ei
1428 611 1714 686 succedit,
1768 618 1829 672 et
1864 617 2114 673 vocatur
2141 611 2303 673 Coe-

135 718 280 776 lum
323 713 598 773 medium
635 727 746 770 seu
781 710 1126 784 secundum,
1167 711 1442 770 consistit
1477 728 1554 770 ex
1580 711 1700 770 illis
1738 713 1842 788 qui
1874 715 1937 770 in
1970 711 2127 772 bono
2164 715 2297 790 spi-

135 815 378 875 rituali
439 829 550 872 seu
607 813 669 870 in
704 811 862 870 bono
897 810 1204 870 charitatis
1263 828 1409 888 erga
1455 813 1789 887 proximum
1825 818 1997 888 sunt3
2052 818 2113 872 et
2158 815 2302 888 quia

134 917 397 976 bonum
437 911 716 972 coeleste
754 917 848 970 est
879 911 1101 970 bouum
1136 913 1194 970 in
1223 927 1503 988 supremo
1539 910 1692 988 loco,
1734 928 1805 972 ac
1838 911 2059 972 bonum
2096 910 2296 988 Spiri-

137 1016 334 1076 tuale
379 1019 476 1073 est
506 1012 726 1072 bonum
781 1015 842 1070 in
877 1011 1140 1070 secundo
1175 1011 1340 1085 loco,
1398 1011 1531 1070 ideo
1568 1017 1663 1071 est
1706 1011 1821 1071 hoc
1856 1013 2078 1071 circum
2112 1011 2293 1088 illud3

143 1115 334 1194 quod
391 1115 546 1173 enim
597 1129 785 1188 supra
837 1118 932 1170 est
964 1111 1080 1206 hoc
1115 1113 1293 1170 etiam
1329 1113 1487 1170 intra
1522 1118 1643 1182 est,
1696 1118 1756 1170 et
1808 1111 1969 1188 quod
2014 1111 2171 1172 infra
2204 1117 2301 1172 est

140 1218 276 1278 hoc
319 1215 509 1273 etiam
545 1219 716 1272 extra
749 1216 872 1286 est,
930 1216 990 1270 et
1025 1211 1185 1289 quod
1221 1217 1393 1272 extra
1440 1218 1533 1270 est
1564 1211 1679 1271 hoc
1716 1215 1939 1272 circum
1977 1219 2071 1272 est
2084 1232 2101 1288 3
2153 1211 2295 1272 inde
2336 1219 2499 1282 [325]

147 1323 274 1392 est,
323 1312 492 1391 quod
513 1314 576 1372 in
594 1311 798 1372 Verbo
824 1329 935 1388 per
963 1313 1273 1389 superiora
1309 1318 1371 1370 et
1398 1328 1551 1389 quae
1580 1313 1640 1370 in
1664 1303 1861 1372 medio
1890 1312 2297 1390 significentur

147 1417 486 1484 interiora,
523 1417 584 1471 et
615 1429 726 1488 per
761 1411 1044 1470 inferiora
1080 1418 1140 1471 et
1177 1411 1427 1488 quaein
1462 1413 1711 1471 circuitu
1744 1412 2155 1490 intelligantur
2184 1429 2293 1472 ex·

149 1518 419 1578 teriora.
491 1511 646 1589 Quia
687 1528 843 1571 nunc
881 1517 1196 1587 utrumque
1231 1512 1479 1587 bonum,
1536 1512 1801 1572 coeleste
1852 1518 1913 1572 et
1960 1511 2295 1589 spirituale,

149 1614 466 1688 custodit,
522 1618 582 1672 et
616 1629 728 1688 per
758 1613 894 1688 ipsa
927 1611 1227 1670 Animalia
1261 1628 1375 1670 seu
1409 1629 1527 1688 per.
1557 1610 1870 1671 Cherubos
1924 1613 2121 1690 quoad
2156 1628 2293 1673 cor-

153 1733 330 1794 pora
389 1711 758 1790 significatur
802 1711 1086 1770 Divinum
1125 1709 1433 1788 eoeleste,
1497 1717 1558 1771 et
1589 1715 1704 1788 'per
1736 1711 1873 1772 illos
1930 1711 2129 1791 quoad
2162 1712 2293 1774 alas

155 1813 545 1893 significatur
579 1813 857 1871 Divinum
897 1809 1240 1888 Spirituale,
1277 1817 1465 1889 patet,
1508 1812 1668 1889 quod
1703 1829 1817 1890 per
1850 1819 2108 1890 quatuor
2142 1813 2296 1872 Ani-

159 1915 361 1976 malia
411 1912 649 1990 singula
694 1929 806 1989 per
851 1927 917 1970 se
961 1913 1096 1972 visa
1149 1914 1268 1974 sint
1317 1913 1543 1974 habere
1598 1911 1727 1973 alas
1772 1929 1883 1974 sex
1927 1916 1989 1973 in
2026 1915 2295 1988 circuitu,

163 2015 545 2093 significetur
587 2013 944 2089 apparentia
977 2012 1182 2072 Divini
1220 2010 1559 2088 spiritualis
1622 2012 2023 2090 undequaque
2076 2015 2299 2074 circum

163 2116 462 2174 Divinum
499 2113 812 2172 Coeleste:
867 2112 975 2171 sed
1028 2112 1100 2172 de
1135 2109 1236 2170 his
1267 2113 1503 2189 plenior
1546 2111 1687 2171 idea
1721 2112 1931 2172 haberi
1967 2120 2173 2190 potest
2220 2130 2296 2172 ex

163 2214 298 2273 illis
351 2231 504 2290 quae
551 2215 612 2272 in
661 2211 862 2289 Opere
926 2213 998 2271 de
1055 2210 1258 2271 Conso
1305 2229 1385 2270 ar
1428 2211 1703 2270 larnano
1746 2210 1908 2271 dicta
1952 2219 2014 2273 et
2048 2218 2295 2274 ostensa

177 2318 353 2386 sunt3
404 2316 651 2388 primum
702 2329 776 2373 ex
828 2307 1094 2372 Articulo
1114 2357 1130 2387 ,
1185 2311 1290 2370 ubi
1343 2310 1707 2386 ostenditur,
1760 2309 1930 2390 quod
1969 2311 2299 2375 Divinum

175 2407 464 2470 Domini
491 2411 703 2490 faciat
747 2409 1019 2487 Coelum,
1065 2430 1135 2472 n:
1181 2417 1214 2471 ’1
1250 2411 1328 2470 ad
1360 2415 1480 2472 12:
1534 2410 1673 2470 dein
1710 2429 1787 2471 ex
1824 2411 2093 2472 Articulo
2126 2411 2297 2492 quod
2412 2469 2421 2477 .

171 2507 508 2572 Divinum
541 2511 820 2574 Domini
855 2512 928 2574 in
963 2509 1143 2572 O'oelo
1179 2512 1269 2574 eit
1301 2510 1506 2572 Amor
1537 2510 1609 2571 in
1642 2509 1872 2591 Ipsum
1902 2517 1964 2572 et
1990 2509 2297 2574 Charitas

169 2631 336 2692 (ἔνθα
356 2613 763 2693 promittam,
799 2632 870 2672 n:
917 2615 1002 2672 13
1045 2613 1123 2672 ad
1165 2616 1288 2674 19:
1343 2619 1405 2672 et
1440 2612 1677 2672 demum
1712 2614 1773 2671 in
1807 2611 2081 2679 Articulo
2128 2611 2297 2692 quod

173 2710 437 2776 Ooelum
475 2712 854 2776 distinctum
891 2713 982 2773 eit
1017 2712 1090 2774 in
1130 2711 1256 2774 duo
1289 2711 1552 2793 Reyna,
1590 2710 1665 2773 in
1698 2711 1999 2791 Reynum
2024 2709 2298 2773 Goeleste

169 2819 234 2874 et
271 2814 344 2876 in
381 2813 681 2894 Reynum
720 2802 1102 2892 Spirituale,
1139 2831 1209 2872 n:
1253 2816 1343 2873 20
1384 2812 1463 2874 ad
1500 2814 1611 2874 28.
1666 2811 1844 2888 Quod
1880 2811 2143 2874 Cherubi
2176 2814 2297 2874 visi

167 2917 298 2974 sint
345 2922 413 2973 ut
447 2914 776 2989 Animalia,
833 2925 926 2973 est
988 2914 1128 2990 quia
1164 2912 1469 2974 Caelestia
1524 2918 2059 2988 repraesentantur
2109 2914 2294 2972 variis

166 3017 370 3076 modis
407 3018 468 3074 in
502 3013 746 3084 ultimiS,
795 3020 864 3073 ut
897 3020 1172 3074 constare
1209 3019 1415 3091 potest
1452 3031 1525 3073 ex
1560 3011 1761 3072 multis
1797 3013 1947 3073 locis
1980 3016 2042 3072 in
2068 3013 2296 3086 Verbo,

163 3121 356 3192 prout
389 3115 553 3194 quod
581 3114 838 3192 Spiritus
875 3119 1122 3174 sanctus
1159 3116 1513 3191 apparuerit
1545 3120 1615 3173 ut
1642 3111 1933 3174 Columba
1966 3130 2153 3192 supra
2180 3113 2296 3175 Je-

166 3231 311 3276 sum
347 3233 478 3274 cum
514 3215 892 3291 baptizatus,
947 3214 1175 3273 Matth:
1213 3213 1334 3272 III:
1384 3217 1489 3273 16.
1538 3217 1565 3272 1
1588 3219 1656 3289 73
1722 3221 1783 3273 et
1819 3215 1979 3290 quod
2014 3215 2299 3274 Divinum

164 3317 422 3377 Domini
455 3317 808 3392 apparuerit
840 3321 907 3374 ut
935 3315 1163 3390 AgnuS,
1200 3315 1401 3391 Apoc:
1432 3313 1509 3372 V:
1554 3316 1614 3374 6.
1646 3316 1705 3373 8.
1747 3314 1831 3372 13
1849 3334 1866 3390 3
1922 3315 2078 3376 unde
2116 3317 2300 3375 etiam

163 3414 468 3478 Dominus
495 3419 746 3475 vocatus
787 3421 882 3473 est
909 3415 1146 3492 Agnus,
1182 3415 1385 3490 Apoc:
1415 3412 1535 3473 VI:
1580 3417 1639 3473 1.
1680 3417 1789 3474 16.
1850 3412 2009 3491 Cap:
2046 3413 2186 3474 VII:
2232 3418 2294 3474 9.

175 3519 295 3578 10.
341 3519 447 3574 14.
498 3516 608 3574 17.
664 3512 811 3591 Cap:
842 3513 986 3574 XII:
1026 3515 1134 3573 ll.
1191 3511 1570 3591 capzxmz
1618 3518 1677 3576 8.
1735 3512 1893 3590 Cap:
1922 3512 2099 3573 XIV:
2136 3517 2195 3570 1.
2228 3517 2292 3573 4.

167 3615 340 3696 Cap:
377 3614 593 3674 XVII:
643 3617 750 3673 14.
809 3613 966 3691 Cap:
1004 3612 1179 3673 XIX:
1227 3618 1286 3673 7.
1329 3615 1388 3672 9.
1446 3611 1593 3691 Cap:
1632 3613 1819 3676 XXI:
1862 3616 1974 3672 22.
2020 3613 2133 3673 23.
2175 3615 2291 3672 27.

169 3715 358 3793 Quod
391 3713 654 3775 Cherubi
689 3715 910 3774 fuerint
945 3720 1226 3790 quatuor,
1285 3719 1346 3772 ct
1381 3714 1601 3789 singuli
1634 3713 1951 3790 habuerint
1998 3731 2105 3773 sex
2144 3712 2295 3788 alas,

169 3823 268 3876 est
307 3816 448 3892 quia
484 3832 595 3891 per
631 3821 889 3890 quatuor
925 3811 1300 3890 significatur
1331 3812 1551 3871 bonum
1591 3813 1890 3889 coeleste,
1948 3821 2007 3874 et
2040 3831 2160 3892 per·
2188 3830 2301 3874 sex

168 3914 400 3974 bonum
435 3914 780 3990 spirituale5
837 3920 1092 3992 quatuor
1127 3914 1284 3972 enim
1319 3910 1654 3990 significant
1688 3914 2164 3990 conjunctionem
2182 3958 2200 3990 ‚
2239 3919 2303 3974 et

173 4015 516 4092 conjunctio
549 4015 758 4075 intima
789 4031 926 4074 cum
950 4013 1206 4072 Domino
1243 4019 1334 4071 est
1368 4027 1482 4090 per
1514 4029 1780 4072 amorem
1812 4015 1875 4070 in
1906 4013 2116 4093 Ipsum
2133 4033 2152 4090 ;
2188 4030 2302 4074 sex

173 4122 382 4175 autem
407 4113 748 4192 significant
773 4115 1387 4188 communicationem,
1428 4118 1488 4172 et
1517 4113 1972 4173 communicatio
1999 4133 2133 4175 cum
2159 4114 2298 4173 Do·-

173 4217 336 4276 mino
367 4221 460 4276 est
486 4233 599 4294 per
625 4215 979 4278 charitatem
1015 4230 1159 4291 erga
1193 4215 1547 4290 proximum.
1591 4211 1769 4289 Quod
1783 4211 1937 4274 Alae
1964 4213 2301 4294 significent
