2700 4792
1029 149 1317 299 υΝᾸζὶξ-ῖ,
1366 205 1486 270 Qtz‘fl
1512 198 1563 259 Υ

346 325 584 384 CAPUT
622 327 926 386 PRIMUM·
1152 413 1209 455 w
1245 316 1517 477 ἃξῇξᾞῒῦμ
1725 327 1943 384 VERS=
1988 339 2080 392 10.
2148 381 2153 386 .
2238 342 2307 396 5⁷

31 495 54 530 *
101 489 476 568 bylonica
511 487 742 563 (iente,
797 505 954 564 quae
997 490 1306 565 separavit
1343 487 1685 546 Humanum
1720 487 1965 548 Domini
1998 505 2037 548 a
2068 489 2307 568 Divino,

162 597 252 650 ut
287 605 562 650 summus
601 605 809 650 eorum
841 606 954 666 pro
991 588 1234 648 Vicario
1281 587 1549 646 Humani
1583 588 1827 647 Domini
1862 597 2313 666 agnosceretur,

167 696 248 752 et
283 693 380 750 sic
416 689 702 748 Divinam
748 689 952 766 Ipsius
1000 694 1369 764 potestatem
1412 689 1475 745 in
1508 703 1575 746 se
1610 689 1993 765 transferret,
2038 689 2309 752 dicentes

169 791 358 868 quod
406 790 702 850 Dominus
740 790 1044 865 acceperit
1088 793 1453 864 potestatem
1496 787 1661 846 illam
1698 805 1735 846 a
1768 788 1981 864 Patre,
2036 805 2171 850 cum
2211 797 2309 850 ta-

169 909 334 952 men
373 907 412 950 a
455 888 538 950 Se
573 889 754 965 Ipso,
811 891 952 965 qnia
988 905 1026 947 a
1059 888 1282 949 Div-ino
1319 904 1459 964 sno,
1512 887 1785 947 nolentes
1823 891 1911 948 sic
1947 890 2155 948 audire
2191 890 2305 949 ali-

175 990 342 1067 quid
383 990 464 1049 de
515 989 738 1049 Divino
773 988 1052 1048 Humano
1067 1007 1084 1063 3
1146 987 1425 1046 videatur
1458 990 1521 1046 in
1556 987 1833 1046 Ancams
1868 988 2305 1064 Con-marmus,

173 1109 260 1150 n:
303 1091 524 1149 4738.
595 1087 718 1148 Sed
753 1089 830 1148 de
867 1088 985 1147 hac
1020 1105 1118 1162 re,
1169 1089 1312 1162 quia
1345 1090 1607 1147 omnium
1642 1089 1929 1164 primaria
1964 1093 2058 1149 est
2088 1093 2150 1148 in
2184 1089 2305 1150 Ec-

177 1191 416 1264 clesia,
465 1188 644 1266 plura
677 1191 740 1248 in
776 1187 1170 1265 sequentibus
1204 1187 1707 1246 memorabuntur.

363 1289 474 1350 53.
527 1289 750 1348 Factus
787 1305 922 1347 sum
959 1291 1022 1348 in
1058 1289 1304 1364 spiritu,
1347 1287 1508 1364 quod
1542 1288 1839 1364 significet
1866 1293 2089 1348 statum
2124 1291 2307 1366 spiri·-

182 1389 430 1448 tualem
465 1405 596 1448 cum
622 1388 938 1464 revelatio,
980 1394 1218 1450 constat
1255 1405 1331 1446 ex
1368 1388 1799 1464 significatione
1832 1389 1965 1448 fieri
1987 1391 2049 1447 in
2073 1390 2308 1466 spiritu,

189 1487 366 1566 quod
405 1491 484 1547 sit
514 1489 724 1548 reduci
759 1491 820 1546 in
849 1495 1104 1560 statum,
1138 1490 1200 1546 in
1235 1503 1353 1564 quo
1389 1494 1529 1547 sunt
1562 1491 1805 1565 spiritus
1844 1497 1905 1548 et
1940 1491 2165 1566 angeli,
2204 1493 2311 1566 qui

185 1595 398 1649 status
451 1594 542 1648 est
585 1595 782 1650 status
820 1588 1152 1665 spiritualis
1165 1602 1211 1664 ς-
1235 1590 1298 1646 in
1345 1587 1505 1648 hunc
1556 1595 1777 1648 statum
1834 1592 2085 1648 mittitur
2130 1589 2309 1649 homo

185 1705 334 1750 cum
378 1693 442 1749 in
475 1695 698 1748 statum
735 1691 984 1766 spiritus
1017 1691 1140 1762 sui,
1195 1691 1614 1765 unusquisque
1652 1692 1805 1763 enim
1840 1691 2016 1753 homo
2054 1696 2149 1748 est
2174 1693 2305 1767 spi-

179 1791 346 1850 ritus
393 1789 596 1866 quoad
642 1791 926 1848 interiora
960 1805 1106 1859 sua,
1170 1787 1449 1848 videatur
1495 1791 1557 1847 in
1602 1788 1801 1866 Opere
1856 1791 1931 1849 de
1988 1790 2189 1849 Cone
2228 1809 2307 1850 m·

177 1889 505 1964 Inmane,
559 1909 630 1950 n:
681 1892 818 1950 432
865 1889 944 1948 ad
975 1892 1152 1948 444:
1207 1905 1342 1947 cum
1377 1887 1553 1947 homo
1589 1891 1653 1946 in
1692 1907 1765 1949 eo
1801 1897 1962 1950 statu
2001 1897 2124 1962 est,
2162 1897 2305 1950 tunc

179 1996 492 2068 apparent
554 1992 610 2048 ei
653 1989 760 2049 illa
811 2007 968 2066 quae
1017 1989 1081 2048 in
1134 1988 1355 2048 mundo
1406 1989 1705 2066 spirituali
1752 1999 1919 2059 sunt,
1970 1996 2091 2048 tam
2142 1991 2305 2050 clare

179 2093 352 2150 sicut
387 2097 682 2168 apparent
714 2091 954 2168 obJecta
986 2093 1049 2148 in
1083 2089 1304 2148 mundo
1344 2087 1633 2165 naturali3
1672 2089 1781 2148 sed
1816 2091 1955 2164 illa,
1992 2107 2150 2167 quae
2188 2109 2303 2168 ap·
2347 2075 2469 2166 [423]

178 2195 436 2268 patent,
493 2192 636 2268 quia
669 2209 744 2250 ex
785 2192 1012 2268 origine
1052 2188 1384 2266 spirituali,
1440 2191 1501 2248 in
1536 2205 1603 2248 se
1641 2191 1983 2268 spiritualia
2020 2196 2186 2266 sunt,
2244 2198 2307 2252 et

181 2293 488 2350 sistuntur
521 2293 584 2350 in
619 2292 878 2368 imagine
914 2292 1072 2350 sicut
1105 2290 1367 2348 naturali
1408 2290 1553 2349 talia
1598 2309 1753 2367 quae
1790 2295 2123 2369 sapientiae
2160 2309 2306 2362 coe-

180 2390 366 2450 lestis
397 2396 568 2465 sunt,
605 2392 693 2448 ita
727 2391 954 2450 Divina
993 2392 1054 2450 in
1097 2391 1303 2450 formis
1339 2391 1677 2451 visibilibus
1714 2409 1915 2452 coram
1951 2392 2141 2452 oculis
2180 2394 2308 2468 spi-

183 2491 421 2548 rituum
475 2495 538 2547 et
585 2491 934 2566 angelorum
950 2511 968 2566 3
1023 2490 1161 2550 inde
1223 2497 1318 2549 est
1360 2491 1519 2567 quod
1574 2495 1775 2551 omnia
1816 2509 1971 2568 quae
2018 2495 2079 2549 in
2127 2490 2311 2554 Coelo

181 2587 509 2663 videntur,
560 2591 678 2649 sint
735 2589 1276 2666 Repraesentativa
1329 2597 1391 2651 et
1446 2590 1881 2669 Significativa,
1940 2597 2009 2650 et
2070 2607 2311 2666 quoque

181 2706 352 2772 quae
387 2688 654 2748 Johanni
688 2692 822 2748 visa
846 2697 986 2749 sunt
995 2735 1012 2766 ,
1052 2691 1126 2751 de
1158 2691 1377 2769 quibus
1404 2694 1467 2752 in
1492 2691 1899 2769 Apocalypsi:
1935 2706 2121 2767 porro
2152 2707 2305 2765 qua-

186 2789 278 2850 lia
311 2796 484 2865 sunt,
547 2793 688 2850 sciri
737 2796 940 2867 potest
991 2807 1068 2871 ex
1113 2791 1268 2862 illis,
1311 2809 1471 2869 quae
1521 2792 1598 2854 de
1652 2791 2208 2868 Repraesentativis
2250 2797 2311 2852 et

185 2890 584 2966 Apparentiis
617 2893 680 2950 in
707 2892 894 2952 Coelo
919 2895 983 2950 in
1019 2890 1221 2969 Opere
1249 2892 1324 2952 de
1364 2891 1567 2962 Con-no
1596 2909 1675 2952 nr
1708 2892 2007 2964 Insani-zo,
2043 2907 2117 2950 n:
2162 2895 2191 2950 1
2214 2897 2245 2952 7
2260 2894 2301 2952 Ο

187 2989 274 3049 ad
305 2993 336 3046 1
359 2992 468 3048 76.
521 2991 682 3052 dicta
719 2999 780 3052 et
821 2998 1070 3051 ostensa
1104 2999 1262 3052 sunt.
1353 2993 1578 3069 Hom0,
1632 3010 1769 3052 cum
1806 2994 1867 3050 in
1904 3009 2153 3069 corpore
2192 2999 2304 3067 est,

189 3105 316 3148 non
350 3089 514 3147 videt
545 3091 692 3150 talia
731 3109 888 3169 quae
916 3094 978 3150 in
1014 3091 1200 3152 Coelo
1243 3099 1387 3152 sunt
1400 3138 1420 3171 ,
1472 3096 1588 3153 nisi
1624 3094 1931 3171 aperiatur
1962 3095 2132 3152 visus
2172 3094 2305 3176 ejus

193 3189 484 3264 spiritus,
533 3197 594 3250 et
628 3208 762 3251 cum
794 3192 890 3252 hic
921 3193 1221 3269 aperitur,
1271 3199 1411 3252 tunc
1447 3194 1641 3269 videt3
1694 3197 1781 3252 ita
1816 3193 1965 3253 vidit
1992 3177 2303 3252 Johannes

185 3287 346 3347 haec
383 3305 536 3365 quae
571 3292 633 3349 in
664 3293 1040 3370 Apocalypsi
1074 3292 1381 3369 descripta
1425 3299 1601 3365 sunt,
1660 3299 1719 3353 et
1755 3311 1992 3370 quoque
2035 3294 2307 3354 similiter

186 3389 471 3448 viderunt
495 3389 857 3468 Prophetae,
901 3395 1004 3468 qui
1036 3393 1172 3452 ideo
1209 3395 1416 3451 vocati
1453 3400 1595 3452 sunt
1620 3393 1940 3454 mens
1982 3400 2041 3452 et
2066 3393 2307 3451 Aram-1

191 3480 454 3565 Ocnus}
511 3494 692 3550 etiam
737 3495 824 3552 ita
869 3495 985 3552 visi
1033 3499 1180 3551 sunt
1226 3492 1445 3569 Angeli
1492 3495 1749 3569 antiquis
1786 3491 2186 3569 temporibus,
2244 3496 2307 3549 et

191 3604 429 3666 quoque
465 3593 551 3649 ita
597 3594 766 3651 visus
817 3598 914 3652 est
963 3593 1256 3652 Dominus
1302 3594 1635 3670 Discipulis
1683 3601 1822 3669 post
1869 3593 2141 3651 Resurre
2154 3591 2307 3648 ctio·-

189 3703 345 3748 nem.
422 3690 541 3749 Hic
589 3695 758 3752 visus
797 3699 914 3779 est‘
938 3695 1108 3751 visus
1153 3693 1485 3768 spiritualis
1522 3689 1809 3768 honiinis3
1867 3699 1927 3751 et
1974 3691 2116 3768 quia
2162 3697 2306 3752 tunc

191 3796 486 3865 apparent
522 3796 1043 3868 repraesentative
1081 3795 1307 3868 omnia,
1372 3793 1509 3852 ideo
1560 3793 1874 3853 Johannes
1922 3795 1985 3851 in
2018 3791 2134 3851 hoc
2170 3792 2303 3852 fuit.

188 3883 420 3961 Homo,
469 3893 574 3967 qui
607 3909 726 3952 non
763 3896 878 3952 scit
925 3893 1152 3970 aliquid
1201 3892 1275 3952 dc
1321 3892 1436 3952 hoc
1474 3896 1639 3969 visu,
1694 3893 1916 3963 credit,
1974 3893 2135 3970 quod
2169 3893 2301 3952 An·-

194 3988 338 4063 geli,
403 4007 538 4049 cum
600 3993 718 4053 visi
770 3994 1014 4053 fuerunt
1070 3993 1442 4068 hominibus,
1507 3996 1902 4052 assumserint
1961 3994 2303 4054 Humanam

193 4085 476 4164 formam,
533 4098 596 4150 et
643 4109 780 4152 cum
817 4111 849 4153 e
889 4100 1216 4171 conspectu
1262 4111 1469 4153 eorum
1508 4099 1909 4167 evanuerunt,
1966 4095 2128 4172 quod
2173 4113 2305 4153 eam

165 4183 610 4268 0deposuerint3
673 4195 783 4255 sed
827 4213 942 4254 non
993 4197 1080 4254 ita
1114 4201 1236 4270 est,
1303 4211 1515 4254 verum
1561 4193 1781 4270 Angeli
1814 4199 1955 4254 tunc
2000 4210 2307 4272 apparue-
