2700 4792
355 315 594 371 CAPUT
633 315 932 376 PRIMUM.
1750 317 1966 380 VERS:
2029 332 2083 381 7.
2242 331 2313 384 43

35 491 95 540 7
187 476 564 553 scintillam,
614 493 876 554 prorsus
927 476 1257 538 secundum
1291 477 1635 538 intellectus
1676 479 2010 556 cupidinem
2054 485 2114 540 et
2150 481 2313 542 desi·
2356 479 2481 542 [32]

191 579 464 652 derium3
512 577 658 650 ,inde
699 583 827 647 est,
877 577 1040 655 quod
1085 577 1161 636 ab
1213 578 1403 638 oculis
1453 578 1831 656 aliquatenus
1884 581 2075 640 videri
2122 585 2317 659 possit

201 678 448 738 affectio
487 679 894 755 cogitationis3
952 696 1028 738 ex
1061 678 1176 737 hac
1225 679 1759 755 coi-respondentia
1792 687 1914 756 est,
1970 682 2129 756 quod
2164 701 2312 743 ocu-

200 779 302 838 lus
343 779 642 855 significet
675 778 1077 840 intellectum:
1133 778 1294 855 quod
1331 781 1511 838 etiam
1548 780 1759 839 oculus
1794 781 2084 858 significet
2115 782 2312 855 fidem,

199 886 302 939 est
347 882 491 956 quia
529 896 677 938 vera
713 878 854 938 fidei
887 896 1004 938 non
1039 879 1182 938 alibi
1219 897 1398 956 quam
1434 881 1494 936 in
1528 880 1838 940 intellectu
1855 881 2137 957 resident,
2168 902 2314 944 vera

196 997 357 1057 quae
384 997 503 1039 non
529 980 616 1038 ibi
643 979 924 1056 resident,
953 997 1072 1038 non
1101 987 1240 1039 sunt
1276 982 1338 1037 in
1359 978 1616 1053 homine,
1646 981 1923 1039 videatur
1946 985 2008 1040 in
2036 982 2316 1044 Doum-

190 1099 276 1139 NA
308 1080 528 1140 Novam
569 1061 1062 1139 Hmnosommn
1089 1099 1159 1139 n:
1204 1083 1292 1139 28
1326 1080 1404 1138 ad
1437 1081 1549 1139 36.
1605 1080 1781 1157 Quod
1806 1081 2015 1142 oculus
2042 1085 2103 1140 in
2130 1099 2314 1143 sensu

199 1180 510 1256 spirituali
549 1181 627 1237 sit
658 1179 838 1253 fideS,
879 1186 972 1240 est
1007 1194 1244 1257 quoque
1285 1199 1359 1240 ex
1389 1186 1640 1256 aspectu
1666 1180 1911 1240 Domini
1938 1183 2015 1240 ab
2042 1183 2311 1260 Angelis,

199 1285 452 1339 vertunt
479 1281 634 1338 enim
656 1280 884 1356 jugiter
918 1281 1131 1340 faciem
1165 1281 1242 1340 ad
1265 1281 1502 1358 Ipsum,
1544 1287 1605 1338 et
1638 1281 1844 1340 vident
1868 1281 2077 1359 Ipsum
2104 1283 2221 1342 fide
2250 1291 2312 1344 et

201 1379 542 1454 intellectu,
583 1379 657 1438 de
695 1398 814 1455 qua
841 1379 1251 1440 Conversione
1283 1380 1563 1440 videatur
1584 1385 1651 1440 in
1674 1380 1873 1457 Opere
1900 1384 1972 1442 de
2002 1385 2204 1445 Coeno
2232 1403 2311 1444 Μ·

201 1479 496 1554 InrnnNo,
525 1482 1179 1541 n2123.142.143.
1211 1483 1371 1540 145.
1396 1482 1557 1568 151.
1586 1486 1613 1540 1
1636 1483 1744 1541 53.
1768 1483 1931 1543 255.
1958 1488 2121 1544 272.
2150 1486 2308 1544 510.

357 1581 469 1639 38.
539 1581 620 1640 Et
665 1583 770 1657 qm·
813 1575 1025 1658 Ipsum
1073 1583 1527 1656 transfixerunt,
1593 1582 1754 1659 quod
1806 1584 2099 1662 significet
2154 1584 2312 1659 quod

199 1683 380 1742 etiam
416 1683 608 1740 visuri
643 1681 729 1740 illi
768 1684 869 1759 qui
920 1684 980 1740 in
1017 1683 1186 1742 salsis
1243 1700 1320 1742 ex
1356 1682 1549 1753 ma10,
1606 1690 1839 1742 constat
1893 1702 1966 1744 ex
2004 1685 2307 1762 significa-

194 1784 359 1840 tione
398 1781 770 1858 transfigere,
821 1783 984 1858 quod
1023 1786 1142 1842 sint
1177 1785 1282 1860 qui
1315 1799 1565 1860 prorsus
1591 1792 1811 1860 negant
1835 1785 2188 1856 Dominum,
2222 1785 2311 1845 illi

200 1883 357 1941 enim
395 1881 557 1958 apud
605 1899 671 1941 se
722 1882 1000 1942 occidunt
1047 1883 1228 1944 Illum
1279 1891 1338 1942 et
1378 1884 1762 1960 tran-sfigunt3
1818 1893 1956 1944 sunt
1996 1889 2171 1946 etiam
2208 1888 2323 1962 qui

199 1981 616 2059 intelliguntur
675 1977 790 2060 pe'r
845 1985 1092 2043 militem
1148 1970 1249 2060 qui
1299 1983 1598 2042 transfixit
1651 1984 1808 2044 latus
1858 1987 2089 2064 IpsiuS,
2155 1986 2307 2046 Joh:

191 2082 384 2142 XIX:
417 2072 584 2170 [34]
612 2087 727 2144 35.
757 2086 868 2143 36.
898 2087 981 2144 37
1005 2104 1022 2161 3
1052 2103 1166 2169 per
1190 2085 1439 2152 militem
1472 2091 1534 2144 et
1554 2085 1771 2145 milites
1793 2087 1876 2146 ibi
1901 2088 2313 2164 intelliguntur

193 2184 301 2260 qui
329 2181 405 2262 ab
432 2184 716 2244 Ecclesia
751 2191 920 2260 sunt,
961 2192 1022 2244 et
1055 2203 1166 2262 pro
1199 2185 1457 2244 Domino
1492 2185 1841 2263 militarent,
1895 2188 1977 2246 ibi
2011 2191 2073 2247 in
2106 2189 2311 2266 specie

191 2285 297 2360 qui
331 2283 407 2344 ab
443 2284 732 2344 Ecclesia
766 2284 1060 2361 Judaica,
1111 2291 1170 2346 et
1207 2287 1266 2344 in
1301 2303 1523 2362 genere
1560 2303 1765 2346 omnes
1804 2291 1909 2366 qui
1932 2289 2007 2348 ab
2036 2289 2313 2349 Ecclesia

144 2425 150 2428 -
190 2386 258 2444 in
301 2383 472 2442 salsis
522 2402 596 2444 ex
636 2387 794 2446 malo
843 2394 1014 2446 sunt:
1071 2390 1216 2463 quia
1252 2378 1471 2446 milites
1507 2385 1643 2446 illos
1680 2390 2121 2465 significabant,
2174 2389 2311 2448 ideo

187 2484 290 2544 illi
326 2486 686 2544 vestimenta
727 2487 968 2546 Domini
1009 2487 1373 2559 diviserunt,
1443 2495 1503 2546 et
1550 2504 1733 2565 super
1774 2492 2035 2548 tunicam
2087 2496 2309 2548 sortem

179 2584 498 2662 jecerunt,
552 2603 664 2662 per
692 2603 844 2662 quac
880 2586 1230 2666 intelligitur
1259 2588 1424 2665 quod
1456 2587 1735 2673 Ecclesia
1772 2588 2031 2648 ,Iudaica
2066 2588 2307 2663 disper-

191 2686 347 2744 serit
395 2684 625 2745 Divina
660 2686 828 2746 Vera
865 2705 1018 2764 quae
1053 2691 1114 2747 in
1148 2689 1341 2749 Verbi
1376 2704 1561 2748 sensu
1596 2689 1841 2762 literae,
1901 2695 1963 2746 at
2000 2687 2158 2765 quod
2192 2705 2309 2746 non

191 2787 502 2862 potuerint
547 2805 696 2846 vera
745 2791 1028 2848 interiora
1067 2807 1180 2851 seu
1213 2807 1365 2849 vera
1414 2805 1569 2866 quae
1612 2797 1749 2848 sunt
1802 2806 2017 2851 sensus
2055 2790 2305 2863 interni3

195 2904 336 2944 nam
373 2890 738 2948 vestimenta
780 2889 1117 2966 significant
1151 2908 1298 2950 vera
1333 2894 1395 2950 in
1427 2889 1651 2949 ultimis
1662 2935 1679 2964 ,
1730 2909 1797 2948 n:
1842 2891 1975 2950 257
1994 2893 2053 2949 6.
2094 2891 2307 2950 5248.

197 2989 330 3048 691
357 2989 418 3045 8.
467 2989 546 3046 91
570 2990 679 3048 58.
719 2992 802 3048 92
821 2993 848 3048 1
869 2994 942 3048 2:
996 2990 1285 3051 Dividere
1325 2991 1620 3068 significat
1648 2991 1943 3068 dissipare
1973 2997 2034 3050 et
2060 2991 2305 3068 disper-

189 3103 372 3162 gere,
427 3105 498 3145 n:
557 3092 770 3150 4424.
815 3091 1024 3150 6360.
1069 3093 1279 3151 6361.
1327 3093 1557 3151 9093:
1630 3098 1690 3150 et
1725 3095 1926 3156 tunica
1960 3111 2107 3152 vera
2143 3093 2305 3152 inte-

190 3187 385 3262 riora,
437 3203 509 3245 n:
561 3191 766 3248 9048.
815 3191 1024 3248 9212.
1073 3193 1281 3250 9216.
1330 3194 1539 3251 9826.

361 3288 469 3346 39.
523 3288 600 3348 Et
625 3290 915 3366 plangent
953 3307 1138 3368 super
1173 3292 1381 3369 Ipsum
1412 3309 1619 3352 omnes
1656 3292 1873 3352 Tribus
1904 3303 2120 3362 terrae,
2150 3293 2309 3368 quod

191 3387 490 3462 significet
519 3390 679 3466 quod
703 3390 864 3450 falsa
895 3391 1208 3451 Ecclesiae
1245 3399 1691 3470 repugnatura,
1732 3401 1968 3453 constat
2004 3411 2079 3452 ex
2114 3394 2305 3467 signi-

189 3487 472 3548 ficatione
503 3491 826 3567 plangere,
869 3491 1028 3567 quod
1068 3495 1146 3551 sit
1179 3493 1423 3569 lugere,
1466 3493 1707 3568 dolere,
1746 3494 2070 3571 indignari,
2110 3493 2309 3560 irasci,

185 3591 493 3666 aversari,
535 3594 624 3649 ita
661 3609 899 3668 quoque
939 3609 1278 3670 repugnare
1289 3614 1306 3670 3
1349 3601 1409 3652 et
1444 3612 1521 3654 ex
1554 3595 1985 3672 significatione
2022 3590 2305 3665 tribuum,

185 3689 349 3763 quod
393 3693 513 3749 sint
559 3695 758 3750 omnia
807 3709 953 3752 vera
1007 3699 1068 3751 et
1113 3693 1272 3752 bona
1305 3696 1367 3752 in
1416 3695 1761 3771 complexu,
1818 3700 1879 3753 et
1927 3695 1988 3750 in
2030 3691 2307 3767 opposito

179 3803 370 3848 sensu
415 3793 613 3851 omnia
655 3792 810 3851 falsa
847 3799 908 3852 et
943 3793 1103 3852 mala
1135 3796 1196 3852 in
1233 3795 1582 3871 complexu,
1623 3796 1697 3854 de
1735 3813 1854 3870 qua
1892 3795 2193 3870 sequitur3
2248 3798 2309 3851 et

183 3905 260 3946 ex
303 3891 740 3967 significatione
784 3901 1013 3968 terrae,
1061 3895 1221 3971 quod
1259 3897 1340 3954 sit
1374 3895 1681 3970 Ecclesia,
1733 3896 1808 3954 de
1852 3913 1972 3971 qua
2006 3911 2200 3971 supra
2236 3911 2305 3954 n:

186 3991 315 4064 29,-
372 3993 512 4052 inde
548 4011 660 4070 per
697 4011 903 4054 omnes
943 3995 1164 4053 Tribus
1199 4002 1399 4054 terrae
1437 3995 1808 4072 significatur
1847 4002 1973 4054 tota
2006 3994 2305 4066 Ecclesia,

183 4097 242 4146 et
285 4107 398 4166 per
447 4094 608 4169 quod
655 4095 945 4172 plangent
993 4113 1178 4172 super
1234 4096 1471 4172 Ipsum,
1528 4095 1899 4172 significatur
1948 4096 2107 4172 quod
2160 4112 2309 4154 vera

183 4194 242 4245 et
293 4190 452 4251 bona
491 4211 609 4254 non
647 4195 904 4273 amplius
918 4243 936 4274 ,
999 4199 1138 4272 quia
1187 4196 1342 4256 falsa
1389 4203 1449 4256 et
1505 4195 1665 4254 mala
1712 4203 2035 4271 regnatura
2092 4203 2151 4254 et
2202 4212 2305 4253 re-
