2700 4792
403 328 476 382 48
810 314 1301 371 APOCALYPSIS
1341 313 1779 372 EXPLICATA.
1858 313 1907 382 ὅ.
1951 321 2044 376 42.
2088 322 2187 377 43.

403 487 661 538 tremum
696 491 808 534 seu
843 474 1146 550 ultimum,
1205 480 1266 534 et
1319 474 1481 551 quod
1527 473 1612 533 ibi
1651 475 1833 532 etiam
1880 475 2170 549 existant,
2242 481 2305 534 et
2354 476 2537 552 quod

405 579 491 637 ibi
525 577 884 650 subsistant,
939 593 1012 634 n:
1071 576 1230 635 634.
1277 576 1489 635 6239.
1537 574 1750 634 6465.
1797 573 2009 633 9216.
2047 576 2260 634 9217.
2342 575 2546 652 Quod

407 696 527 737 non
561 676 735 736 modo
770 678 1114 736 successive
1167 676 1446 749 influant,
1513 674 1623 734 sed
1667 676 1849 733 etiam
1902 674 2160 733 forment
2200 677 2263 734 in
2307 675 2535 736 ultimo

407 777 863 851 simultaneum‚
913 793 1031 853 quo
1069 775 1303 849 ordine,
1358 792 1427 834 n:
1475 775 1686 833 5897.
1732 775 1942 834 6451.
1997 776 2207 835 8603.
2250 778 2527 836 10099.

409 877 586 955 Quod
628 877 762 937 ideo
799 879 995 936 omnia
1029 878 1315 936 interiora
1349 877 1765 935 contineantur
1799 876 1862 932 in
1895 890 2055 933 nexu
2098 892 2135 933 a
2168 876 2367 936 Primo
2400 894 2533 954 per

409 978 707 1052 ultimum,
753 995 820 1035 n:
881 978 1105 1050 9828,
1163 978 1319 1036 etin
1361 974 1562 1052 Opere
1608 973 1682 1034 de
1729 972 1929 1034 Coeno
1965 993 2047 1034 nr
2078 974 2385 1052 Iul-anno,
2446 997 2525 1037 n:

414 1082 574 1138 297.
647 1076 821 1153 Quod
855 1077 993 1136 inde
1028 1079 1090 1135 in
1129 1077 1351 1136 ultimis
1388 1077 1470 1134 sit¹
1504 1074 1688 1134 robur
1724 1081 1784 1134 et
1819 1076 2121 1151 potentia,
2169 1092 2242 1134 n:
2301 1078 2526 1137 9836.

412 1178 586 1255 Quod
617 1177 754 1237 inde
785 1179 962 1235 etiam
991 1176 1261 1235 ultimum
1289 1193 1438 1252 prae
1467 1174 1850 1235 interioribus
1879 1183 2172 1251 sanctum,
2201 1194 2259 1235 n:
2297 1178 2519 1237 9824.

411 1278 589 1355 Quod
615 1277 754 1337 inde
786 1277 1053 1335 Primum
1091 1283 1150 1336 et
1188 1277 1477 1338 Ultimum
1501 1274 1835 1351 significent
1861 1277 2074 1351 omnia,
2129 1294 2199 1334 n:
2249 1279 2439 1336 1004
2454 1282 2518 1337 4.

418 1381 678 1438 10329.
729 1377 988 1436 10335:
1077 1376 1172 1436 De
1224 1376 1525 1436 Gradibus
1576 1377 1968 1450 successivis,
2031 1378 2091 1434 in
2142 1393 2293 1454 quos
2345 1376 2523 1438 Coeli

409 1486 550 1538 sunt
594 1477 881 1550 distincti,
947 1483 1009 1535 et
1054 1477 1114 1534 in
1150 1493 1302 1552 quos
1341 1480 1520 1535 etiam
1567 1477 1853 1535 interiora
1896 1476 2183 1552 hominis,
2237 1477 2523 1537 videatur

407 1582 472 1637 in
507 1577 709 1654 Opere
748 1575 824 1634 de
860 1573 1061 1635 Come
1097 1594 1175 1634 nr
1210 1576 1515 1652 Iuniano,
1561 1593 1627 1634 nt
1680 1577 1791 1635 38.
1863 1575 2100 1635 Dicitur
2138 1578 2317 1635 etiam
2352 1579 2519 1654 quod

408 1678 702 1736 Dominus
757 1678 835 1734 sit
872 1676 1239 1752 Principium
1297 1682 1356 1735 et
1404 1677 1604 1746 Finis,
1662 1682 1722 1734 et
1767 1693 1880 1752 per
1928 1676 1990 1735 id
2036 1677 2389 1753 intelligitur
2434 1679 2518 1737 ab

411 1783 658 1838 aeterno
692 1779 754 1834 in
789 1784 1128 1852 aeternum3
1183 1776 1292 1836 sed
1324 1777 1439 1836 hoc
1475 1795 1587 1836 nec
1627 1775 1914 1852 explicari
1952 1777 2029 1835 ad
2070 1784 2312 1854 captum
2349 1777 2517 1838 ulte-

410 1880 534 1936 rius
582 1883 808 1954 potest,
869 1895 1047 1953 quam
1101 1877 1464 1953 explicatum
1522 1884 1615 1937 est
1652 1892 1839 1952 supra
1892 1894 1958 1937 n:
2024 1880 2144 1954 23,
2204 1895 2359 1955 quae
2409 1881 2514 1936 vi-

409 1978 679 2038 deantur.

573 2081 686 2137 42.
739 2077 902 2137 Dicit
938 2077 1260 2153 Dominus,
1313 2077 1432 2154 Qui
1466 2079 1576 2138 Est
1611 2085 1671 2138 et
1707 2076 1825 2153 Qui
1850 2079 1989 2137 Fuit
2024 2084 2085 2138 et
2120 2078 2239 2154 Qui
2271 2075 2514 2138 Ventu-

408 2195 544 2249 rus,
598 2177 759 2255 quod
806 2178 1098 2254 significet
1133 2179 1208 2237 ab
1244 2178 1389 2254 Ipso
1426 2179 1543 2261 Qui
1581 2185 1675 2239 est
1709 2195 1882 2238 omne
1930 2181 1992 2237 in
2030 2178 2304 2238 omnibus
2345 2173 2517 2237 00611

411 2286 472 2339 et
506 2278 817 2337 Ecclesiae
863 2278 938 2336 ab
967 2284 1210 2337 aeterno
1245 2281 1305 2337 in
1332 2287 1671 2349 aeternum,
1712 2284 1772 2336 et
1810 2278 2121 2355 Jehovah,
2161 2284 2399 2353 constat
2436 2296 2516 2338 ex

285 2441 288 2443 ,
404 2379 522 2438 illis
565 2395 720 2455 quae
750 2395 936 2454 supra
976 2396 1047 2437 n:
1098 2380 1208 2438 23.
1253 2379 1557 2454 explicata
1589 2386 1759 2449 sunt,
1807 2379 1909 2437 ubi
1950 2380 2178 2439 eadem.

561 2481 671 2538 43.
731 2478 847 2554 Qui
891 2477 1316 2555 OmnipotenS‚
1376 2480 1533 2554 quod
1569 2480 1862 2556 significet
1904 2496 1979 2538 ex
2021 2478 2122 2549 Se,
2165 2485 2401 2538 constat
2435 2496 2513 2538 ex

405 2598 509 2655 eo,
567 2580 728 2657 quod
761 2578 910 2638 nulli
946 2579 1148 2660 aliqua
1172 2581 1445 2655 potentia
1480 2583 1558 2638 sit
1594 2582 1657 2638 in
1701 2578 1900 2639 Goelis
1930 2597 2109 2656 quam
2139 2579 2265 2639 Soli
2292 2580 2510 2638 Domi-

403 2699 513 2756 no,
571 2696 755 2762 quare
794 2679 1014 2756 Angeli
1051 2685 1278 2739 tantum
1302 2682 1609 2756 potentiae
1648 2687 1817 2752 sunt,
1871 2696 1982 2740 seu
2016 2685 2247 2741 tantum
2285 2686 2509 2757 poten-

404 2789 528 2851 teS‚
595 2785 884 2862 quantum
936 2798 974 2837 a
1032 2780 1288 2838 Domino
1368 2782 1701 2856 accipiunt,
1784 2785 1845 2839 et
1898 2787 2132 2839 tantum
2185 2782 2509 2856 accipiunt,

403 2886 692 2956 quantum
726 2881 787 2936 in
828 2878 1046 2937 Divino
1086 2880 1254 2939 Bono
1304 2883 1468 2939 unito
1509 2880 1727 2939 Divino
1771 2878 1933 2938 Vero
1974 2886 2140 2955 sunt,
2207 2898 2345 2939 nam
2379 2881 2511 2940 Hoc

404 2986 500 3038 est
533 2979 827 3037 Dominus
863 2981 926 3036 in
963 2977 1178 3039 Coelo:
1231 2980 1369 3038 inde
1424 2986 1623 3056 patet,
1678 2979 1839 3062 quod
1883 2979 2061 3039 Solus
2097 2979 2391 3039 Dominus
2430 2981 2510 3038 sit

404 3080 661 3148 PotenS,
700 3083 761 3136 et
800 3095 1098 3154 nusquam
1135 3079 1440 3160 aliquisin
1479 3079 1661 3138 Coelo
1700 3098 1876 3156 quam
1914 3097 1951 3137 a
1975 3080 2264 3155 Domino;
2322 3097 2511 3139 causa

406 3183 530 3253 est,
596 3179 736 3254 quia
789 3179 1075 3237 Divinum
1118 3177 1360 3237 Domini
1409 3186 1504 3238 est
1552 3197 1725 3239 omne
1762 3182 1826 3238 in
1868 3180 2142 3238 omnibus
2193 3181 2312 3256 ibi,
2366 3181 2509 3240 facit

407 3278 564 3336 enim
591 3276 841 3337 Goelum
877 3279 939 3335 in
976 3280 1288 3354 communi,
1346 3287 1407 3339 et
1442 3280 1605 3356 apud
1641 3282 2097 3355 unumquemvis
2146 3281 2208 3339 in
2233 3283 2503 3357 particu-

403 3378 546 3455 lari3
592 3384 731 3437 sunt
772 3379 953 3435 etiam
989 3380 1186 3437 omnia
1219 3379 1294 3437 ab
1336 3379 1481 3456 Ipso
1518 3387 1723 3439 creata
1758 3397 1912 3456 quae
1951 3386 2156 3439 creata
2208 3386 2348 3439 sunt
2369 3423 2394 3452 ,ι
2422 3383 2508 3439 ita

241 3481 363 3545 [36]
407 3477 654 3539 Coelum
707 3484 767 3538 et
821 3476 1040 3549 Terra,
1105 3479 1264 3555 quod
1311 3482 1494 3539 etiam
1541 3480 1681 3557 Ipse
1728 3480 1905 3539 docet
1954 3479 2117 3557 apud
2165 3480 2507 3541 ,Iohannem

403 3575 534 3652 „In
560 3575 884 3656 mim-ipio
919 3584 1056 3638 erat
1109 3576 1407 3654 Verbum,
1446 3597 1523 3639 ae
1569 3577 1837 3642 Verbum
1876 3584 2015 3639 erat
2051 3578 2230 3658 apud
2266 3579 2507 3650 Deum,

401 3683 462 3738 et
501 3676 693 3740 Deus
731 3681 868 3736 erat
929 3675 1222 3754 Verbum3
1278 3678 1493 3739 omnia
1533 3698 1650 3758 per
1696 3678 1926 3758 Ipsum
1960 3680 2152 3760 saeta
2203 3683 2384 3752 sunt,
2446 3684 2508 3740 et

401 3777 538 3839 sine
570 3776 724 3856 Ipso
752 3777 1008 3857 sactum
1043 3783 1140 3838 est
1174 3776 1342 3840 nihil
1375 3778 1542 3857 quod
1565 3779 1825 3860 factum
1858 3784 1954 3839 est
1974 3800 1995 3841 .-
2062 3779 2135 3839 in
2174 3779 2331 3859 Ipso
2371 3779 2507 3840 vita

401 3883 566 3952 erat,
609 3882 670 3937 et
705 3876 842 3937 vita
883 3883 1022 3940 erat
1055 3876 1174 3940 lux
1209 3877 1552 3940 hominum.
1606 3878 1704 3939 Et
1742 3877 2010 3943 Verbum
2052 3877 2217 3940 Gamo
2247 3880 2505 3960 sactum

398 3981 521 4049 est,
578 3983 639 4038 et
689 3977 1002 4039 habitavit
1049 3977 1119 4038 in
1161 3976 1390 4038 nobis“
1437 3978 1499 4038 1:
1558 3983 1612 4038 1.
1670 3983 1729 4039 2.
1778 3981 1839 4038 3.
1898 3983 2018 4055 143
2084 3996 2197 4056 per
2230 3971 2501 4040 Verbum

399 4077 748 4156 intelligitur
790 4078 1077 4136 Divinum
1115 4078 1342 4137 Verum
1381 4079 1536 4155 quod
1570 4082 1631 4137 in
1677 4078 1906 4154 Coeli5‚
1962 4097 1998 4137 a
2034 4096 2152 4156 quo
2192 4082 2392 4139 omnia
2424 4079 2503 4138 ibi

399 4184 564 4254 sunt3
607 4164 792 4254 'quod
847 4176 996 4234 illud
1045 4179 1123 4234 sit
1185 4176 1479 4238 Dominus
1547 4179 1746 4254 quoad
1794 4180 2081 4242 Divinum
2140 4179 2496 4253 Humanum,
