<?xml version="1.0" encoding="UTF-8"?>
<!DOCTYPE html PUBLIC "-//W3C//DTD XHTML 1.0 Transitional//EN"
    "http://www.w3.org/TR/xhtml1/DTD/xhtml1-transitional.dtd">
<html xmlns="http://www.w3.org/1999/xhtml" xml:lang="en" lang="en">
 <head>
  <title>
</title>
<meta http-equiv="Content-Type" content="text/html;charset=utf-8" />
  <meta name='ocr-system' content='tesseract 3.04.00' />
  <meta name='ocr-capabilities' content='ocr_page ocr_carea ocr_par ocr_line ocrx_word'/>
</head>
<body>
  <div class='ocr_page' id='page_1' title='image "./apocalypsisexpl01unkngoog_0101.png"; bbox 0 0 2700 4792; ppageno 0'>
   <div class='ocr_carea' id='block_1_1' title="bbox 361 325 2318 394">
    <p class='ocr_par' dir='ltr' id='par_1_1' title="bbox 361 325 2318 394">
     <span class='ocr_line' id='line_1_1' title="bbox 361 325 2318 394; baseline -0.004 -9"><span class='ocrx_word' id='word_1_1' title='bbox 361 329 600 386; x_wconf 83' lang='lat' dir='ltr'>CAPUT</span> <span class='ocrx_word' id='word_1_2' title='bbox 638 327 937 382; x_wconf 87' lang='lat' dir='ltr'>PRIMUM.</span> <span class='ocrx_word' id='word_1_3' title='bbox 1737 325 1919 380; x_wconf 79' lang='lat' dir='ltr'>VERS</span> <span class='ocrx_word' id='word_1_4' title='bbox 1936 342 1958 379; x_wconf 59' lang='grc' dir='ltr'><strong>ε,</strong></span> <span class='ocrx_word' id='word_1_5' title='bbox 1996 337 2089 389; x_wconf 83' lang='grc'><strong>17.</strong></span> <span class='ocrx_word' id='word_1_6' title='bbox 2246 341 2318 394; x_wconf 70' lang='grc'><strong>97</strong></span> 
     </span>
    </p>
   </div>
   <div class='ocr_carea' id='block_1_2' title="bbox 40 482 2321 3170">
    <p class='ocr_par' dir='ltr' id='par_1_2' title="bbox 40 482 2321 3170">
     <span class='ocr_line' id='line_1_2' title="bbox 40 482 2321 565; baseline -0.002 -11"><span class='ocrx_word' id='word_1_7' title='bbox 40 498 72 542; x_wconf 66' lang='lat'>&gt;</span> <span class='ocrx_word' id='word_1_8' title='bbox 188 487 670 554; x_wconf 76' lang='lat' dir='ltr'><strong>Habitaculum</strong></span> <span class='ocrx_word' id='word_1_9' title='bbox 705 486 981 548; x_wconf 72' lang='lat' dir='ltr'><strong>Jehovae</strong></span> <span class='ocrx_word' id='word_1_10' title='bbox 1004 482 1262 565; x_wconf 75' lang='lat' dir='ltr'><strong>polluit,</strong></span> <span class='ocrx_word' id='word_1_11' title='bbox 1301 485 1443 546; x_wconf 69' lang='lat' dir='ltr'><strong>ideo</strong></span> <span class='ocrx_word' id='word_1_12' title='bbox 1478 483 1889 546; x_wconf 72' lang='lat' dir='ltr'><strong>eoescindetar</strong></span> <span class='ocrx_word' id='word_1_13' title='bbox 1918 487 2141 549; x_wconf 75' lang='lat' dir='ltr'><strong>anima</strong></span> <span class='ocrx_word' id='word_1_14' title='bbox 2166 489 2321 552; x_wconf 69' lang='lat' dir='ltr'><strong>haec</strong></span> 
     </span>
     <span class='ocr_line' id='line_1_3' title="bbox 187 585 2319 668; baseline -0.007 -15"><span class='ocrx_word' id='word_1_15' title='bbox 187 611 279 655; x_wconf 71' lang='lat' dir='ltr'><strong>ea:</strong></span> <span class='ocrx_word' id='word_1_16' title='bbox 316 585 586 652; x_wconf 60' lang='lat' dir='ltr'><strong>[sraela.</strong></span> <span class='ocrx_word' id='word_1_17' title='bbox 647 586 874 650; x_wconf 77' lang='lat' dir='ltr'><strong>Omnis</strong></span> <span class='ocrx_word' id='word_1_18' title='bbox 909 587 1020 666; x_wconf 75' lang='lat' dir='ltr'><strong>qui</strong></span> <span class='ocrx_word' id='word_1_19' title='bbox 1059 585 1374 665; x_wconf 66' lang='lat' dir='ltr'><strong>Tetiymt</strong></span> <span class='ocrx_word' id='word_1_20' title='bbox 1406 603 1597 664; x_wconf 70' lang='lat' dir='ltr'><strong>super</strong></span> <span class='ocrx_word' id='word_1_21' title='bbox 1632 586 1961 666; x_wconf 73' lang='lat' dir='ltr'><strong>superficie</strong></span> <span class='ocrx_word' id='word_1_22' title='bbox 1992 589 2147 668; x_wconf 67' lang='lat' dir='ltr'><strong>aym·</strong></span> <span class='ocrx_word' id='word_1_23' title='bbox 2172 607 2319 652; x_wconf 68' lang='lat' dir='ltr'>con..</span> 
     </span>
     <span class='ocr_line' id='line_1_4' title="bbox 175 684 2315 774; baseline -0 -21"><span class='ocrx_word' id='word_1_24' title='bbox 175 691 456 774; x_wconf 73' lang='lat' dir='ltr'><strong>fossum</strong></span> <span class='ocrx_word' id='word_1_25' title='bbox 487 686 749 769; x_wconf 69' lang='lat' dir='ltr'><strong>yladiO,</strong></span> <span class='ocrx_word' id='word_1_26' title='bbox 799 691 917 748; x_wconf 73' lang='lat' dir='ltr'><strong>aut</strong></span> <span class='ocrx_word' id='word_1_27' title='bbox 951 705 1022 746; x_wconf 79' lang='lat' dir='ltr'><strong>os</strong></span> <span class='ocrx_word' id='word_1_28' title='bbox 1057 685 1337 750; x_wconf 74' lang='lat' dir='ltr'><strong>hominis</strong></span> <span class='ocrx_word' id='word_1_29' title='bbox 1349 731 1367 762; x_wconf 84' lang='lat'>‚</span> <span class='ocrx_word' id='word_1_30' title='bbox 1420 691 1537 746; x_wconf 81' lang='lat' dir='ltr'><strong>aut</strong></span> <span class='ocrx_word' id='word_1_31' title='bbox 1570 684 1996 766; x_wconf 68' lang='lat' dir='ltr'><strong>sepulchrum,</strong></span> <span class='ocrx_word' id='word_1_32' title='bbox 2036 688 2315 754; x_wconf 76' lang='lat' dir='ltr'><strong>immun-</strong></span> 
     </span>
     <span class='ocr_line' id='line_1_5' title="bbox 193 785 2314 869; baseline -0.001 -15"><span class='ocrx_word' id='word_1_33' title='bbox 193 793 332 854; x_wconf 75' lang='lat' dir='ltr'><strong>dus</strong></span> <span class='ocrx_word' id='word_1_34' title='bbox 380 791 505 852; x_wconf 72' lang='lat' dir='ltr'><strong>erit</strong></span> <span class='ocrx_word' id='word_1_35' title='bbox 543 795 780 869; x_wconf 71' lang='lat' dir='ltr'><strong>septem</strong></span> <span class='ocrx_word' id='word_1_36' title='bbox 813 787 973 848; x_wconf 74' lang='lat' dir='ltr'><strong>dies.</strong></span> <span class='ocrx_word' id='word_1_37' title='bbox 1059 785 1359 866; x_wconf 74' lang='lat' dir='ltr'><strong>Tanyem</strong></span> <span class='ocrx_word' id='word_1_38' title='bbox 1418 804 1621 865; x_wconf 73' lang='lat' dir='ltr'><strong>aquas</strong></span> <span class='ocrx_word' id='word_1_39' title='bbox 1665 787 2122 866; x_wconf 71' lang='lat' dir='ltr'><strong>separationi8‚</strong></span> <span class='ocrx_word' id='word_1_40' title='bbox 2188 792 2314 851; x_wconf 81' lang='lat' dir='ltr'><strong>im·-</strong></span> 
     </span>
     <span class='ocr_line' id='line_1_6' title="bbox 194 885 2319 968; baseline -0.001 -14"><span class='ocrx_word' id='word_1_41' title='bbox 194 891 489 954; x_wconf 70' lang='lat' dir='ltr'><strong>mundus</strong></span> <span class='ocrx_word' id='word_1_42' title='bbox 531 889 622 950; x_wconf 82' lang='lat' dir='ltr'><strong>ad</strong></span> <span class='ocrx_word' id='word_1_43' title='bbox 668 906 1009 968; x_wconf 75' lang='lat' dir='ltr'><strong>vesperam.</strong></span> <span class='ocrx_word' id='word_1_44' title='bbox 1101 885 1297 946; x_wconf 77' lang='lat' dir='ltr'><strong>Omne</strong></span> <span class='ocrx_word' id='word_1_45' title='bbox 1339 885 1509 966; x_wconf 81' lang='lat' dir='ltr'><strong>quod</strong></span> <span class='ocrx_word' id='word_1_46' title='bbox 1566 885 1879 966; x_wconf 74' lang='lat' dir='ltr'><strong>Tetiyerz&#39;t</strong></span> <span class='ocrx_word' id='word_1_47' title='bbox 1928 889 2319 963; x_wconf 65' lang='lat' dir='ltr'><strong>immundus,</strong></span> 
     </span>
     <span class='ocr_line' id='line_1_7' title="bbox 192 985 2319 1070; baseline -0.001 -16"><span class='ocrx_word' id='word_1_48' title='bbox 192 990 607 1054; x_wconf 79' lang='lat' dir='ltr'><strong>immundum</strong></span> <span class='ocrx_word' id='word_1_49' title='bbox 629 989 774 1070; x_wconf 77' lang='lat' dir='ltr'><strong>fiet,</strong></span> <span class='ocrx_word' id='word_1_50' title='bbox 821 993 882 1048; x_wconf 81' lang='lat' dir='ltr'><strong>et</strong></span> <span class='ocrx_word' id='word_1_51' title='bbox 916 987 1136 1047; x_wconf 76' lang='lat' dir='ltr'><strong>anima</strong></span> <span class='ocrx_word' id='word_1_52' title='bbox 1173 1006 1333 1065; x_wconf 77' lang='lat' dir='ltr'><strong>quae</strong></span> <span class='ocrx_word' id='word_1_53' title='bbox 1373 985 1688 1066; x_wconf 62' lang='lat' dir='ltr'><strong>Tetiqmt</strong></span> <span class='ocrx_word' id='word_1_54' title='bbox 1720 987 2055 1049; x_wconf 79' lang='lat' dir='ltr'><strong>immunda</strong></span> <span class='ocrx_word' id='word_1_55' title='bbox 2088 989 2182 1050; x_wconf 80' lang='lat' dir='ltr'><strong>ad</strong></span> <span class='ocrx_word' id='word_1_56' title='bbox 2215 1009 2319 1052; x_wconf 79' lang='lat' dir='ltr'><strong>ve-</strong></span> 
     </span>
     <span class='ocr_line' id='line_1_8' title="bbox 196 1087 2319 1174; baseline 0 -24"><span class='ocrx_word' id='word_1_57' title='bbox 196 1093 528 1174; x_wconf 45' lang='lat' dir='ltr'><strong>speram&amp;</strong></span> <span class='ocrx_word' id='word_1_58' title='bbox 557 1091 745 1149; x_wconf 89' lang='lat' dir='ltr'><strong>Num:</strong></span> <span class='ocrx_word' id='word_1_59' title='bbox 780 1088 968 1149; x_wconf 92' lang='lat' dir='ltr'>XIX:</span> <span class='ocrx_word' id='word_1_60' title='bbox 1023 1092 1132 1147; x_wconf 94' lang='lat'>11.</span> <span class='ocrx_word' id='word_1_61' title='bbox 1180 1089 1286 1146; x_wconf 87' lang='lat'>13.</span> <span class='ocrx_word' id='word_1_62' title='bbox 1347 1091 1452 1146; x_wconf 84' lang='lat'>16.</span> <span class='ocrx_word' id='word_1_63' title='bbox 1499 1091 1609 1145; x_wconf 90' lang='lat'><strong>21.</strong></span> <span class='ocrx_word' id='word_1_64' title='bbox 1648 1091 1759 1146; x_wconf 90' lang='lat'><strong>22.</strong></span> <span class='ocrx_word' id='word_1_65' title='bbox 1846 1087 2033 1164; x_wconf 74' lang='lat' dir='ltr'><strong>„Qui</strong></span> <span class='ocrx_word' id='word_1_66' title='bbox 2074 1088 2319 1170; x_wconf 72' lang='lat' dir='ltr'><strong>Tanyit</strong></span> 
     </span>
     <span class='ocr_line' id='line_1_9' title="bbox 197 1183 2315 1266; baseline -0.002 -12"><span class='ocrx_word' id='word_1_67' title='bbox 197 1189 577 1254; x_wconf 75' lang='lat' dir='ltr'><strong>immundas</strong></span> <span class='ocrx_word' id='word_1_68' title='bbox 612 1188 848 1249; x_wconf 75' lang='lat' dir='ltr'><strong>bestiae</strong></span> <span class='ocrx_word' id='word_1_69' title='bbox 862 1234 878 1263; x_wconf 89' lang='lat'><em>‚</em></span> <span class='ocrx_word' id='word_1_70' title='bbox 933 1193 993 1248; x_wconf 77' lang='lat' dir='ltr'><strong>et</strong></span> <span class='ocrx_word' id='word_1_71' title='bbox 1031 1185 1365 1247; x_wconf 71' lang='lat' dir='ltr'><strong>immunda</strong></span> <span class='ocrx_word' id='word_1_72' title='bbox 1398 1183 1691 1266; x_wconf 76' lang='lat' dir='ltr'><strong>reptilia,</strong></span> <span class='ocrx_word' id='word_1_73' title='bbox 1739 1187 2111 1249; x_wconf 73' lang='lat' dir='ltr'><strong>immundus</strong></span> <span class='ocrx_word' id='word_1_74' title='bbox 2154 1189 2279 1252; x_wconf 68' lang='lat' dir='ltr'><strong>erit</strong></span> <span class='ocrx_word' id='word_1_75' title='bbox 2294 1212 2315 1250; x_wconf 88' lang='lat'>:</span> 
     </span>
     <span class='ocr_line' id='line_1_10' title="bbox 199 1285 2318 1370; baseline -0.001 -17"><span class='ocrx_word' id='word_1_76' title='bbox 199 1311 388 1354; x_wconf 79' lang='lat' dir='ltr'><strong>omne</strong></span> <span class='ocrx_word' id='word_1_77' title='bbox 447 1309 636 1370; x_wconf 73' lang='lat' dir='ltr'><strong>cuper</strong></span> <span class='ocrx_word' id='word_1_78' title='bbox 691 1287 862 1368; x_wconf 79' lang='lat' dir='ltr'><strong>quod</strong></span> <span class='ocrx_word' id='word_1_79' title='bbox 919 1285 1254 1370; x_wconf 61' lang='lat' dir='ltr'><strong>ceciderint</strong></span> <span class='ocrx_word' id='word_1_80' title='bbox 1268 1333 1281 1357; x_wconf 91' lang='lat'>,</span> <span class='ocrx_word' id='word_1_81' title='bbox 1347 1285 1753 1348; x_wconf 76' lang='lat' dir='ltr'><strong>immundum</strong></span> <span class='ocrx_word' id='word_1_82' title='bbox 1797 1287 1959 1360; x_wconf 44' lang='lat' dir='ltr'><strong>eriz·</strong></span> <span class='ocrx_word' id='word_1_83' title='bbox 2024 1288 2159 1349; x_wconf 74' lang='lat' dir='ltr'><strong>eive</strong></span> <span class='ocrx_word' id='word_1_84' title='bbox 2202 1309 2318 1350; x_wconf 71' lang='lat' dir='ltr'><strong>vae</strong></span> 
     </span>
     <span class='ocr_line' id='line_1_11' title="bbox 208 1387 2316 1471; baseline 0 -19"><span class='ocrx_word' id='word_1_85' title='bbox 208 1391 414 1471; x_wconf 68' lang='lat' dir='ltr'><strong>liym‘,</strong></span> <span class='ocrx_word' id='word_1_86' title='bbox 467 1389 662 1450; x_wconf 75' lang='lat' dir='ltr'><strong>vestis</strong></span> <span class='ocrx_word' id='word_1_87' title='bbox 685 1435 702 1464; x_wconf 90' lang='lat'>‚</span> <span class='ocrx_word' id='word_1_88' title='bbox 765 1405 962 1467; x_wconf 80' lang='lat' dir='ltr'><strong>aqua,</strong></span> <span class='ocrx_word' id='word_1_89' title='bbox 1028 1407 1145 1448; x_wconf 74' lang='lat' dir='ltr'><strong>vas</strong></span> <span class='ocrx_word' id='word_1_90' title='bbox 1197 1391 1422 1463; x_wconf 74' lang='lat' dir='ltr'><strong>testae,</strong></span> <span class='ocrx_word' id='word_1_91' title='bbox 1478 1387 1680 1464; x_wconf 70' lang='lat' dir='ltr'><strong>cibus,</strong></span> <span class='ocrx_word' id='word_1_92' title='bbox 1736 1393 1963 1467; x_wconf 76' lang='lat' dir='ltr'><strong>potue,</strong></span> <span class='ocrx_word' id='word_1_93' title='bbox 2012 1387 2316 1466; x_wconf 71' lang='lat' dir='ltr'><strong>olibanus,</strong></span> 
     </span>
     <span class='ocr_line' id='line_1_12' title="bbox 197 1485 2316 1571; baseline 0 -21"><span class='ocrx_word' id='word_1_94' title='bbox 197 1493 369 1571; x_wconf 74' lang='lat' dir='ltr'><strong>fons</strong></span> <span class='ocrx_word' id='word_1_95' title='bbox 381 1533 414 1564; x_wconf 86' lang='lat'>,.</span> <span class='ocrx_word' id='word_1_96' title='bbox 465 1490 734 1550; x_wconf 58' lang='lat' dir='ltr'><strong>cista-na</strong></span> <span class='ocrx_word' id='word_1_97' title='bbox 744 1534 761 1564; x_wconf 83' lang='lat'><em>,</em></span> <span class='ocrx_word' id='word_1_98' title='bbox 829 1485 1290 1568; x_wconf 73' lang='lat' dir='ltr'><em>receptaculum</em></span> <span class='ocrx_word' id='word_1_99' title='bbox 1331 1505 1661 1567; x_wconf 79' lang='lat' dir='ltr'><strong>aquarum,</strong></span> <span class='ocrx_word' id='word_1_100' title='bbox 1716 1487 2050 1550; x_wconf 72' lang='lat' dir='ltr'><strong>immunda</strong></span> <span class='ocrx_word' id='word_1_101' title='bbox 2087 1492 2316 1551; x_wconf 72' lang='lat' dir='ltr'><strong>erunt“</strong></span> 
     </span>
     <span class='ocr_line' id='line_1_13' title="bbox 211 1589 2315 1665; baseline -0 -13"><span class='ocrx_word' id='word_1_102' title='bbox 211 1591 424 1652; x_wconf 82' lang='lat' dir='ltr'><strong>Levit:</strong></span> <span class='ocrx_word' id='word_1_103' title='bbox 483 1591 604 1650; x_wconf 87' lang='lat' dir='ltr'><strong>XI:</strong></span> <span class='ocrx_word' id='word_1_104' title='bbox 671 1593 752 1649; x_wconf 87' lang='lat'><strong>31</strong></span> <span class='ocrx_word' id='word_1_105' title='bbox 793 1589 871 1648; x_wconf 84' lang='lat' dir='ltr'><strong>ad</strong></span> <span class='ocrx_word' id='word_1_106' title='bbox 901 1591 1026 1649; x_wconf 85' lang='lat'><strong>36:</strong></span> <span class='ocrx_word' id='word_1_107' title='bbox 1077 1595 1323 1665; x_wconf 83' lang='lat' dir='ltr'><strong>praeter</strong></span> <span class='ocrx_word' id='word_1_108' title='bbox 1374 1589 1545 1664; x_wconf 83' lang='lat' dir='ltr'><strong>alibi,</strong></span> <span class='ocrx_word' id='word_1_109' title='bbox 1600 1595 1668 1647; x_wconf 90' lang='lat' dir='ltr'><strong>ut</strong></span> <span class='ocrx_word' id='word_1_110' title='bbox 1718 1589 1925 1648; x_wconf 89' lang='lat' dir='ltr'><strong>Levit:</strong></span> <span class='ocrx_word' id='word_1_111' title='bbox 1974 1590 2063 1649; x_wconf 88' lang='lat' dir='ltr'><strong>V:</strong></span> <span class='ocrx_word' id='word_1_112' title='bbox 2122 1595 2183 1650; x_wconf 90' lang='lat'><strong>2.</strong></span> <span class='ocrx_word' id='word_1_113' title='bbox 2255 1591 2315 1651; x_wconf 85' lang='lat'>3.</span> 
     </span>
     <span class='ocr_line' id='line_1_14' title="bbox 207 1677 2312 1768; baseline -0.001 -16"><span class='ocrx_word' id='word_1_114' title='bbox 207 1677 574 1768; x_wconf 67' lang='lat' dir='ltr'><strong>Gaps&#39;VII:</strong></span> <span class='ocrx_word' id='word_1_115' title='bbox 637 1694 755 1748; x_wconf 87' lang='lat'><strong>21.</strong></span> <span class='ocrx_word' id='word_1_116' title='bbox 823 1689 990 1765; x_wconf 83' lang='lat' dir='ltr'><strong>Cap:</strong></span> <span class='ocrx_word' id='word_1_117' title='bbox 1045 1689 1166 1751; x_wconf 84' lang='lat' dir='ltr'><strong>XI:</strong></span> <span class='ocrx_word' id='word_1_118' title='bbox 1221 1691 1334 1748; x_wconf 81' lang='lat'>37.</span> <span class='ocrx_word' id='word_1_119' title='bbox 1393 1691 1502 1748; x_wconf 83' lang='lat'>38.</span> <span class='ocrx_word' id='word_1_120' title='bbox 1585 1688 1746 1766; x_wconf 82' lang='lat' dir='ltr'><strong>Cap:</strong></span> <span class='ocrx_word' id='word_1_121' title='bbox 1798 1689 1951 1750; x_wconf 90' lang='lat' dir='ltr'><strong>XV:</strong></span> <span class='ocrx_word' id='word_1_122' title='bbox 2014 1691 2167 1750; x_wconf 87' lang='lat' dir='ltr'><strong>lad</strong></span> <span class='ocrx_word' id='word_1_123' title='bbox 2202 1691 2312 1750; x_wconf 83' lang='lat' dir='ltr'><strong>fin:</strong></span> 
     </span>
     <span class='ocr_line' id='line_1_15' title="bbox 201 1788 2313 1868; baseline -0.001 -16"><span class='ocrx_word' id='word_1_124' title='bbox 201 1791 374 1868; x_wconf 84' lang='lat' dir='ltr'><strong>Cap:</strong></span> <span class='ocrx_word' id='word_1_125' title='bbox 412 1791 629 1852; x_wconf 85' lang='lat' dir='ltr'>XXII:</span> <span class='ocrx_word' id='word_1_126' title='bbox 691 1795 752 1849; x_wconf 90' lang='lat'><strong>4.</strong></span> <span class='ocrx_word' id='word_1_127' title='bbox 829 1791 1018 1849; x_wconf 89' lang='lat' dir='ltr'><strong>Num:</strong></span> <span class='ocrx_word' id='word_1_128' title='bbox 1055 1788 1239 1848; x_wconf 89' lang='lat' dir='ltr'>XVI:</span> <span class='ocrx_word' id='word_1_129' title='bbox 1287 1791 1400 1847; x_wconf 83' lang='lat'><strong>26.</strong></span> <span class='ocrx_word' id='word_1_130' title='bbox 1471 1789 1646 1866; x_wconf 82' lang='lat' dir='ltr'><strong>Esaj:</strong></span> <span class='ocrx_word' id='word_1_131' title='bbox 1700 1789 1837 1848; x_wconf 91' lang='lat' dir='ltr'>LII:</span> <span class='ocrx_word' id='word_1_132' title='bbox 1903 1793 2009 1851; x_wconf 87' lang='lat'>11.</span> <span class='ocrx_word' id='word_1_133' title='bbox 2077 1789 2313 1852; x_wconf 85' lang='lat' dir='ltr'><strong>Thren:</strong></span> 
     </span>
     <span class='ocr_line' id='line_1_16' title="bbox 197 1889 2162 1966; baseline -0.001 -15"><span class='ocrx_word' id='word_1_134' title='bbox 197 1893 326 1951; x_wconf 88' lang='lat' dir='ltr'><strong>IV:</strong></span> <span class='ocrx_word' id='word_1_135' title='bbox 375 1895 489 1951; x_wconf 86' lang='lat'>14.</span> <span class='ocrx_word' id='word_1_136' title='bbox 538 1893 646 1950; x_wconf 81' lang='lat'>15.</span> <span class='ocrx_word' id='word_1_137' title='bbox 697 1890 941 1950; x_wconf 88' lang='lat' dir='ltr'><strong>Hosch:</strong></span> <span class='ocrx_word' id='word_1_138' title='bbox 979 1889 1098 1948; x_wconf 88' lang='lat' dir='ltr'><strong>IV:</strong></span> <span class='ocrx_word' id='word_1_139' title='bbox 1144 1893 1204 1948; x_wconf 89' lang='lat'><strong>2.</strong></span> <span class='ocrx_word' id='word_1_140' title='bbox 1245 1892 1304 1950; x_wconf 88' lang='lat'><strong>3.</strong></span> <span class='ocrx_word' id='word_1_141' title='bbox 1356 1889 2162 1966; x_wconf 75' lang='lat' dir='ltr'>Hagg211212.13.14.</span> 
     </span>
     <span class='ocr_line' id='line_1_17' title="bbox 371 1979 2309 2067; baseline -0.001 -15"><span class='ocrx_word' id='word_1_142' title='bbox 371 1995 482 2052; x_wconf 88' lang='grc'><strong>80.</strong></span> <span class='ocrx_word' id='word_1_143' title='bbox 538 1992 768 2051; x_wconf 87' lang='lat' dir='ltr'><strong>Dicens</strong></span> <span class='ocrx_word' id='word_1_144' title='bbox 806 1991 976 2062; x_wconf 91' lang='lat' dir='ltr'><strong>mihi,</strong></span> <span class='ocrx_word' id='word_1_145' title='bbox 1013 2007 1088 2050; x_wconf 89' lang='lat' dir='ltr'><strong>ne</strong></span> <span class='ocrx_word' id='word_1_146' title='bbox 1118 1991 1286 2066; x_wconf 79' lang='lat' dir='ltr'><strong>time,</strong></span> <span class='ocrx_word' id='word_1_147' title='bbox 1318 1979 1499 2067; x_wconf 82' lang='lat' dir='ltr'><strong>&#39;quod</strong></span> <span class='ocrx_word' id='word_1_148' title='bbox 1533 1990 1827 2066; x_wconf 85' lang='lat' dir='ltr'><strong>significet</strong></span> <span class='ocrx_word' id='word_1_149' title='bbox 1857 1994 2309 2067; x_wconf 79' lang='lat' dir='ltr'><strong>recreationem,</strong></span> 
     </span>
     <span class='ocr_line' id='line_1_18' title="bbox 198 2092 2315 2168; baseline -0.001 -16"><span class='ocrx_word' id='word_1_150' title='bbox 198 2099 443 2152; x_wconf 85' lang='lat' dir='ltr'><strong>constat</strong></span> <span class='ocrx_word' id='word_1_151' title='bbox 479 2111 554 2152; x_wconf 87' lang='lat' dir='ltr'><strong>ex</strong></span> <span class='ocrx_word' id='word_1_152' title='bbox 590 2094 748 2152; x_wconf 88' lang='lat' dir='ltr'><strong>serie</strong></span> <span class='ocrx_word' id='word_1_153' title='bbox 787 2108 990 2150; x_wconf 88' lang='lat' dir='ltr'><strong>rerum</strong></span> <span class='ocrx_word' id='word_1_154' title='bbox 1026 2092 1090 2149; x_wconf 88' lang='lat' dir='ltr'><strong>in</strong></span> <span class='ocrx_word' id='word_1_155' title='bbox 1125 2107 1308 2151; x_wconf 85' lang='lat' dir='ltr'><strong>sensu</strong></span> <span class='ocrx_word' id='word_1_156' title='bbox 1343 2092 1607 2165; x_wconf 85' lang='lat' dir='ltr'><strong>intern03</strong></span> <span class='ocrx_word' id='word_1_157' title='bbox 1656 2093 1849 2168; x_wconf 90' lang='lat' dir='ltr'><strong>jacuit</strong></span> <span class='ocrx_word' id='word_1_158' title='bbox 1886 2095 2039 2168; x_wconf 74' lang='lat' dir='ltr'><strong>enim</strong></span> <span class='ocrx_word' id='word_1_159' title='bbox 2078 2092 2315 2151; x_wconf 87' lang='lat' dir='ltr'><strong>Johan-</strong></span> 
     </span>
     <span class='ocr_line' id='line_1_19' title="bbox 197 2191 2313 2269; baseline -0 -16"><span class='ocrx_word' id='word_1_160' title='bbox 197 2211 312 2253; x_wconf 85' lang='lat' dir='ltr'><strong>nes</strong></span> <span class='ocrx_word' id='word_1_161' title='bbox 361 2198 646 2269; x_wconf 83' lang='lat' dir='ltr'><strong>tanquam</strong></span> <span class='ocrx_word' id='word_1_162' title='bbox 681 2198 990 2262; x_wconf 79' lang='lat' dir='ltr'><strong>mortuus,</strong></span> <span class='ocrx_word' id='word_1_163' title='bbox 1053 2197 1114 2250; x_wconf 89' lang='lat' dir='ltr'><strong>et</strong></span> <span class='ocrx_word' id='word_1_164' title='bbox 1144 2191 1441 2250; x_wconf 82' lang='lat' dir='ltr'><strong>Dominus</strong></span> <span class='ocrx_word' id='word_1_165' title='bbox 1493 2194 1659 2251; x_wconf 82' lang='lat' dir='ltr'><strong>visus</strong></span> <span class='ocrx_word' id='word_1_166' title='bbox 1698 2199 1765 2250; x_wconf 90' lang='lat' dir='ltr'><strong>ut</strong></span> <span class='ocrx_word' id='word_1_167' title='bbox 1800 2191 1989 2252; x_wconf 86' lang='lat' dir='ltr'><strong>Filius</strong></span> <span class='ocrx_word' id='word_1_168' title='bbox 2038 2193 2313 2267; x_wconf 72' lang='lat' dir='ltr'><strong>hominiS,</strong></span> 
     </span>
     <span class='ocr_line' id='line_1_20' title="bbox 199 2291 2314 2370; baseline -0.001 -17"><span class='ocrx_word' id='word_1_169' title='bbox 199 2296 494 2370; x_wconf 83' lang='lat' dir='ltr'><strong>imposuit</strong></span> <span class='ocrx_word' id='word_1_170' title='bbox 531 2293 800 2352; x_wconf 78' lang='lat' dir='ltr'>dextram</span> <span class='ocrx_word' id='word_1_171' title='bbox 835 2308 1076 2368; x_wconf 73' lang='lat' dir='ltr'><strong>manum</strong></span> <span class='ocrx_word' id='word_1_172' title='bbox 1111 2307 1296 2367; x_wconf 88' lang='lat' dir='ltr'><strong>super</strong></span> <span class='ocrx_word' id='word_1_173' title='bbox 1347 2309 1513 2366; x_wconf 88' lang='lat' dir='ltr'><strong>eum,</strong></span> <span class='ocrx_word' id='word_1_174' title='bbox 1566 2297 1626 2352; x_wconf 87' lang='lat' dir='ltr'><strong>et</strong></span> <span class='ocrx_word' id='word_1_175' title='bbox 1673 2291 1819 2350; x_wconf 82' lang='lat' dir='ltr'>dixit</span> <span class='ocrx_word' id='word_1_176' title='bbox 1868 2295 1953 2364; x_wconf 89' lang='lat' dir='ltr'><strong>ei,</strong></span> <span class='ocrx_word' id='word_1_177' title='bbox 2017 2309 2093 2352; x_wconf 88' lang='lat' dir='ltr'><strong>ne</strong></span> <span class='ocrx_word' id='word_1_178' title='bbox 2142 2293 2314 2367; x_wconf 84' lang='lat' dir='ltr'><strong>time3</strong></span> 
     </span>
     <span class='ocr_line' id='line_1_21' title="bbox 199 2392 2317 2472; baseline -0.001 -20"><span class='ocrx_word' id='word_1_179' title='bbox 199 2393 372 2472; x_wconf 90' lang='lat' dir='ltr'><strong>quod</strong></span> <span class='ocrx_word' id='word_1_180' title='bbox 405 2393 602 2469; x_wconf 84' lang='lat' dir='ltr'><strong>jacuit</strong></span> <span class='ocrx_word' id='word_1_181' title='bbox 633 2399 918 2468; x_wconf 85' lang='lat' dir='ltr'><strong>tanquam</strong></span> <span class='ocrx_word' id='word_1_182' title='bbox 945 2399 1214 2450; x_wconf 87' lang='lat' dir='ltr'><strong>mortuus</strong></span> <span class='ocrx_word' id='word_1_183' title='bbox 1250 2392 1626 2468; x_wconf 84' lang='lat' dir='ltr'><strong>significabat</strong></span> <span class='ocrx_word' id='word_1_184' title='bbox 1662 2394 1822 2452; x_wconf 84' lang='lat' dir='ltr'><strong>vitae</strong></span> <span class='ocrx_word' id='word_1_185' title='bbox 1860 2395 2143 2469; x_wconf 85' lang='lat' dir='ltr'><strong>propriae</strong></span> <span class='ocrx_word' id='word_1_186' title='bbox 2182 2393 2317 2468; x_wconf 79' lang='lat' dir='ltr'><strong>ejus</strong></span> 
     </span>
     <span class='ocr_line' id='line_1_22' title="bbox 203 2491 2317 2569; baseline -0.002 -17"><span class='ocrx_word' id='word_1_187' title='bbox 203 2493 550 2565; x_wconf 77' lang='lat' dir='ltr'><strong>defectum,</strong></span> <span class='ocrx_word' id='word_1_188' title='bbox 621 2491 776 2566; x_wconf 87' lang='lat' dir='ltr'><strong>quod</strong></span> <span class='ocrx_word' id='word_1_189' title='bbox 820 2493 1111 2550; x_wconf 80' lang='lat' dir='ltr'><strong>Dominus</strong></span> <span class='ocrx_word' id='word_1_190' title='bbox 1167 2494 1455 2569; x_wconf 79' lang='lat' dir='ltr'><strong>imposuit</strong></span> <span class='ocrx_word' id='word_1_191' title='bbox 1510 2491 1781 2550; x_wconf 79' lang='lat' dir='ltr'><strong>dextram</strong></span> <span class='ocrx_word' id='word_1_192' title='bbox 1828 2509 2067 2548; x_wconf 84' lang='lat' dir='ltr'><strong>manum</strong></span> <span class='ocrx_word' id='word_1_193' title='bbox 2128 2507 2317 2566; x_wconf 84' lang='lat' dir='ltr'><strong>super</strong></span> 
     </span>
     <span class='ocr_line' id='line_1_23' title="bbox 200 2589 2314 2668; baseline -0.003 -14"><span class='ocrx_word' id='word_1_194' title='bbox 200 2609 352 2654; x_wconf 83' lang='lat' dir='ltr'><strong>eum</strong></span> <span class='ocrx_word' id='word_1_195' title='bbox 387 2590 761 2668; x_wconf 87' lang='lat' dir='ltr'><strong>significabat</strong></span> <span class='ocrx_word' id='word_1_196' title='bbox 793 2593 973 2652; x_wconf 86' lang='lat' dir='ltr'><strong>vitam</strong></span> <span class='ocrx_word' id='word_1_197' title='bbox 1007 2592 1083 2650; x_wconf 88' lang='lat' dir='ltr'><strong>ab</strong></span> <span class='ocrx_word' id='word_1_198' title='bbox 1119 2591 1294 2668; x_wconf 81' lang='lat' dir='ltr'><strong>Ipso,</strong></span> <span class='ocrx_word' id='word_1_199' title='bbox 1339 2591 1476 2650; x_wconf 89' lang='lat' dir='ltr'><strong>inde</strong></span> <span class='ocrx_word' id='word_1_200' title='bbox 1514 2590 1672 2668; x_wconf 89' lang='lat' dir='ltr'><strong>quod</strong></span> <span class='ocrx_word' id='word_1_201' title='bbox 1709 2590 1925 2648; x_wconf 81' lang='lat' dir='ltr'><strong>dixerit</strong></span> <span class='ocrx_word' id='word_1_202' title='bbox 1958 2589 2035 2648; x_wconf 88' lang='lat' dir='ltr'><strong>ad</strong></span> <span class='ocrx_word' id='word_1_203' title='bbox 2066 2607 2201 2650; x_wconf 83' lang='lat' dir='ltr'><strong>eum</strong></span> <span class='ocrx_word' id='word_1_204' title='bbox 2236 2607 2314 2648; x_wconf 89' lang='lat' dir='ltr'><strong>ne</strong></span> 
     </span>
     <span class='ocr_line' id='line_1_24' title="bbox 197 2690 2312 2768; baseline -0.002 -14"><span class='ocrx_word' id='word_1_205' title='bbox 197 2698 348 2754; x_wconf 84' lang='lat' dir='ltr'><strong>time</strong></span> <span class='ocrx_word' id='word_1_206' title='bbox 401 2690 781 2768; x_wconf 86' lang='lat' dir='ltr'><strong>significabat</strong></span> <span class='ocrx_word' id='word_1_207' title='bbox 813 2693 1272 2768; x_wconf 84' lang='lat' dir='ltr'><strong>recreationem3</strong></span> <span class='ocrx_word' id='word_1_208' title='bbox 1329 2709 1533 2752; x_wconf 85' lang='lat' dir='ltr'><strong>omnes</strong></span> <span class='ocrx_word' id='word_1_209' title='bbox 1573 2693 1727 2749; x_wconf 89' lang='lat' dir='ltr'><strong>enim</strong></span> <span class='ocrx_word' id='word_1_210' title='bbox 1764 2691 1866 2766; x_wconf 90' lang='lat' dir='ltr'><strong>qui</strong></span> <span class='ocrx_word' id='word_1_211' title='bbox 1902 2690 2101 2750; x_wconf 82' lang='lat' dir='ltr'><strong>subito</strong></span> <span class='ocrx_word' id='word_1_212' title='bbox 2136 2691 2312 2749; x_wconf 86' lang='lat' dir='ltr'><strong>veni-</strong></span> 
     </span>
     <span class='ocr_line' id='line_1_25' title="bbox 197 2790 2317 2870; baseline -0.002 -15"><span class='ocrx_word' id='word_1_213' title='bbox 197 2799 312 2856; x_wconf 84' lang='lat' dir='ltr'><strong>unt</strong></span> <span class='ocrx_word' id='word_1_214' title='bbox 347 2811 380 2850; x_wconf 85' lang='lat' dir='ltr'><strong>a</strong></span> <span class='ocrx_word' id='word_1_215' title='bbox 417 2795 546 2851; x_wconf 86' lang='lat' dir='ltr'><strong>vita</strong></span> <span class='ocrx_word' id='word_1_216' title='bbox 579 2795 828 2869; x_wconf 86' lang='lat' dir='ltr'><strong>propria</strong></span> <span class='ocrx_word' id='word_1_217' title='bbox 871 2794 932 2851; x_wconf 90' lang='lat' dir='ltr'><strong>in</strong></span> <span class='ocrx_word' id='word_1_218' title='bbox 981 2791 1280 2870; x_wconf 85' lang='lat' dir='ltr'><strong>quandam</strong></span> <span class='ocrx_word' id='word_1_219' title='bbox 1327 2790 1733 2869; x_wconf 84' lang='lat' dir='ltr'><strong>spiritualem,</strong></span> <span class='ocrx_word' id='word_1_220' title='bbox 1795 2793 2053 2868; x_wconf 86' lang='lat' dir='ltr'><strong>primum</strong></span> <span class='ocrx_word' id='word_1_221' title='bbox 2088 2792 2317 2863; x_wconf 84' lang='lat' dir='ltr'><strong>timent,</strong></span> 
     </span>
     <span class='ocr_line' id='line_1_26' title="bbox 203 2891 2313 2969; baseline -0.001 -16"><span class='ocrx_word' id='word_1_222' title='bbox 203 2893 317 2954; x_wconf 87' lang='lat' dir='ltr'><strong>sed</strong></span> <span class='ocrx_word' id='word_1_223' title='bbox 351 2899 708 2952; x_wconf 78' lang='lat' dir='ltr'><strong>recreantur</strong></span> <span class='ocrx_word' id='word_1_224' title='bbox 755 2911 793 2952; x_wconf 84' lang='lat' dir='ltr'><strong>a</strong></span> <span class='ocrx_word' id='word_1_225' title='bbox 819 2891 1106 2969; x_wconf 85' lang='lat' dir='ltr'><strong>Domin03</strong></span> <span class='ocrx_word' id='word_1_226' title='bbox 1161 2895 1455 2953; x_wconf 80' lang='lat' dir='ltr'><strong>recreatio</strong></span> <span class='ocrx_word' id='word_1_227' title='bbox 1489 2892 1607 2951; x_wconf 81' lang='lat' dir='ltr'><strong>illis</strong></span> <span class='ocrx_word' id='word_1_228' title='bbox 1642 2891 1708 2952; x_wconf 85' lang='lat' dir='ltr'><strong>fit</strong></span> <span class='ocrx_word' id='word_1_229' title='bbox 1740 2909 1853 2969; x_wconf 83' lang='lat' dir='ltr'><strong>per</strong></span> <span class='ocrx_word' id='word_1_230' title='bbox 1888 2891 1967 2968; x_wconf 86' lang='lat' dir='ltr'><strong>id,</strong></span> <span class='ocrx_word' id='word_1_231' title='bbox 2008 2893 2165 2969; x_wconf 89' lang='lat' dir='ltr'><strong>quod</strong></span> <span class='ocrx_word' id='word_1_232' title='bbox 2199 2892 2313 2950; x_wconf 83' lang='lat' dir='ltr'><strong>Di-</strong></span> 
     </span>
     <span class='ocr_line' id='line_1_27' title="bbox 201 2992 2314 3070; baseline 0.001 -19"><span class='ocrx_word' id='word_1_233' title='bbox 201 2995 346 3052; x_wconf 84' lang='lat' dir='ltr'><strong>vina</strong></span> <span class='ocrx_word' id='word_1_234' title='bbox 379 2995 758 3069; x_wconf 86' lang='lat' dir='ltr'><strong>praesentia,</strong></span> <span class='ocrx_word' id='word_1_235' title='bbox 790 2999 852 3053; x_wconf 89' lang='lat' dir='ltr'><strong>et</strong></span> <span class='ocrx_word' id='word_1_236' title='bbox 875 3009 986 3070; x_wconf 89' lang='lat' dir='ltr'><strong>pro</strong></span> <span class='ocrx_word' id='word_1_237' title='bbox 1013 2992 1120 3052; x_wconf 86' lang='lat' dir='ltr'><strong>illa</strong></span> <span class='ocrx_word' id='word_1_238' title='bbox 1143 2995 1351 3063; x_wconf 87' lang='lat' dir='ltr'><strong>timor,</strong></span> <span class='ocrx_word' id='word_1_239' title='bbox 1389 2994 1871 3053; x_wconf 82' lang='lat' dir='ltr'><strong>accommodetur</strong></span> <span class='ocrx_word' id='word_1_240' title='bbox 1894 2993 1971 3052; x_wconf 87' lang='lat' dir='ltr'><strong>ad</strong></span> <span class='ocrx_word' id='word_1_241' title='bbox 2007 2996 2314 3070; x_wconf 88' lang='lat' dir='ltr'><strong>receptio-</strong></span> 
     </span>
     <span class='ocr_line' id='line_1_28' title="bbox 204 3093 2317 3170; baseline 0.001 -20"><span class='ocrx_word' id='word_1_242' title='bbox 204 3109 364 3152; x_wconf 85' lang='lat' dir='ltr'><strong>nem.</strong></span> <span class='ocrx_word' id='word_1_243' title='bbox 420 3093 598 3168; x_wconf 83' lang='lat' dir='ltr'><strong>Apud</strong></span> <span class='ocrx_word' id='word_1_244' title='bbox 633 3109 838 3152; x_wconf 85' lang='lat' dir='ltr'><strong>omnes</strong></span> <span class='ocrx_word' id='word_1_245' title='bbox 863 3096 928 3152; x_wconf 89' lang='lat' dir='ltr'><strong>in</strong></span> <span class='ocrx_word' id='word_1_246' title='bbox 961 3096 1245 3156; x_wconf 84' lang='lat' dir='ltr'><strong>universo</strong></span> <span class='ocrx_word' id='word_1_247' title='bbox 1282 3093 1521 3170; x_wconf 87' lang='lat' dir='ltr'><strong>quidem</strong></span> <span class='ocrx_word' id='word_1_248' title='bbox 1558 3099 1651 3154; x_wconf 87' lang='lat' dir='ltr'><strong>est</strong></span> <span class='ocrx_word' id='word_1_249' title='bbox 1674 3094 1967 3154; x_wconf 83' lang='lat' dir='ltr'><strong>Dominus</strong></span> <span class='ocrx_word' id='word_1_250' title='bbox 2002 3105 2317 3170; x_wconf 85' lang='lat' dir='ltr'><strong>praesens,</strong></span> 
     </span>
    </p>
   </div>
   <div class='ocr_carea' id='block_1_3' title="bbox 205 3185 2437 3270">
    <p class='ocr_par' dir='ltr' id='par_1_3' title="bbox 205 3185 2437 3270">
     <span class='ocr_line' id='line_1_29' title="bbox 205 3185 2437 3270; baseline 0.001 -20"><span class='ocrx_word' id='word_1_251' title='bbox 205 3190 325 3250; x_wconf 83' lang='lat' dir='ltr'><strong>sed</strong></span> <span class='ocrx_word' id='word_1_252' title='bbox 358 3193 603 3266; x_wconf 85' lang='lat' dir='ltr'><strong>propius</strong></span> <span class='ocrx_word' id='word_1_253' title='bbox 635 3199 694 3252; x_wconf 90' lang='lat' dir='ltr'><strong>et</strong></span> <span class='ocrx_word' id='word_1_254' title='bbox 718 3195 1008 3253; x_wconf 87' lang='lat' dir='ltr'><strong>remotius</strong></span> <span class='ocrx_word' id='word_1_255' title='bbox 1045 3185 1374 3254; x_wconf 76' lang='lat' dir='ltr'><strong>secundum</strong></span> <span class='ocrx_word' id='word_1_256' title='bbox 1410 3195 1817 3270; x_wconf 82' lang='lat' dir='ltr'><strong>receptionem</strong></span> <span class='ocrx_word' id='word_1_257' title='bbox 1850 3195 1991 3254; x_wconf 87' lang='lat' dir='ltr'><strong>boni</strong></span> <span class='ocrx_word' id='word_1_258' title='bbox 2023 3211 2135 3270; x_wconf 88' lang='lat' dir='ltr'><strong>per</strong></span> <span class='ocrx_word' id='word_1_259' title='bbox 2168 3209 2317 3253; x_wconf 84' lang='lat' dir='ltr'><strong>vera</strong></span> <span class='ocrx_word' id='word_1_260' title='bbox 2424 3215 2437 3236; x_wconf 73' lang='lat'><strong><em>¹</em></strong></span> 
     </span>
    </p>
   </div>
   <div class='ocr_carea' id='block_1_4' title="bbox 197 3290 2315 4272">
    <p class='ocr_par' dir='ltr' id='par_1_4' title="bbox 197 3290 2315 4272">
     <span class='ocr_line' id='line_1_30' title="bbox 203 3290 2315 3371; baseline 0.001 -23"><span class='ocrx_word' id='word_1_261' title='bbox 203 3290 376 3368; x_wconf 83' lang='lat' dir='ltr'><strong>apud</strong></span> <span class='ocrx_word' id='word_1_262' title='bbox 418 3290 554 3351; x_wconf 88' lang='lat' dir='ltr'><strong>illos</strong></span> <span class='ocrx_word' id='word_1_263' title='bbox 610 3294 687 3352; x_wconf 84' lang='lat' dir='ltr'><strong>ab</strong></span> <span class='ocrx_word' id='word_1_264' title='bbox 730 3293 908 3370; x_wconf 87' lang='lat' dir='ltr'><strong>Ipso;</strong></span> <span class='ocrx_word' id='word_1_265' title='bbox 976 3293 1196 3354; x_wconf 90' lang='lat' dir='ltr'><strong>bonum</strong></span> <span class='ocrx_word' id='word_1_266' title='bbox 1253 3296 1408 3354; x_wconf 88' lang='lat' dir='ltr'><strong>enim</strong></span> <span class='ocrx_word' id='word_1_267' title='bbox 1462 3301 1556 3354; x_wconf 88' lang='lat' dir='ltr'><strong>est</strong></span> <span class='ocrx_word' id='word_1_268' title='bbox 1596 3297 1660 3352; x_wconf 92' lang='lat' dir='ltr'><strong>in</strong></span> <span class='ocrx_word' id='word_1_269' title='bbox 1710 3311 1827 3371; x_wconf 87' lang='lat' dir='ltr'><strong>quo</strong></span> <span class='ocrx_word' id='word_1_270' title='bbox 1875 3294 2175 3353; x_wconf 82' lang='lat' dir='ltr'><strong>Dominus</strong></span> <span class='ocrx_word' id='word_1_271' title='bbox 2222 3300 2315 3353; x_wconf 84' lang='lat' dir='ltr'><strong>est</strong></span> 
     </span>
     <span class='ocr_line' id='line_1_31' title="bbox 199 3393 2313 3471; baseline 0 -21"><span class='ocrx_word' id='word_1_272' title='bbox 199 3407 500 3469; x_wconf 81' lang='lat' dir='ltr'><strong>praesens</strong></span> <span class='ocrx_word' id='word_1_273' title='bbox 548 3393 712 3470; x_wconf 86' lang='lat' dir='ltr'><strong>apud</strong></span> <span class='ocrx_word' id='word_1_274' title='bbox 747 3393 1058 3471; x_wconf 85' lang='lat' dir='ltr'><strong>angelum,</strong></span> <span class='ocrx_word' id='word_1_275' title='bbox 1113 3397 1389 3471; x_wconf 85' lang='lat' dir='ltr'><strong>spiritum</strong></span> <span class='ocrx_word' id='word_1_276' title='bbox 1438 3401 1501 3453; x_wconf 89' lang='lat' dir='ltr'><strong>et</strong></span> <span class='ocrx_word' id='word_1_277' title='bbox 1544 3394 1873 3469; x_wconf 85' lang='lat' dir='ltr'><strong>hominem,</strong></span> <span class='ocrx_word' id='word_1_278' title='bbox 1928 3393 2065 3454; x_wconf 86' lang='lat' dir='ltr'><strong>inde</strong></span> <span class='ocrx_word' id='word_1_279' title='bbox 2116 3409 2313 3468; x_wconf 88' lang='lat' dir='ltr'><strong>quan-</strong></span> 
     </span>
     <span class='ocr_line' id='line_1_32' title="bbox 199 3491 2311 3570; baseline 0 -20"><span class='ocrx_word' id='word_1_280' title='bbox 199 3498 330 3550; x_wconf 81' lang='lat' dir='ltr'><strong>tum</strong></span> <span class='ocrx_word' id='word_1_281' title='bbox 383 3497 444 3552; x_wconf 88' lang='lat' dir='ltr'><strong>et</strong></span> <span class='ocrx_word' id='word_1_282' title='bbox 479 3493 658 3567; x_wconf 84' lang='lat' dir='ltr'><strong>quale</strong></span> <span class='ocrx_word' id='word_1_283' title='bbox 705 3493 848 3552; x_wconf 80' lang='lat' dir='ltr'><strong>boni</strong></span> <span class='ocrx_word' id='word_1_284' title='bbox 901 3511 940 3553; x_wconf 86' lang='lat' dir='ltr'><strong>a</strong></span> <span class='ocrx_word' id='word_1_285' title='bbox 981 3493 1238 3554; x_wconf 90' lang='lat' dir='ltr'><strong>Domino</strong></span> <span class='ocrx_word' id='word_1_286' title='bbox 1289 3501 1383 3554; x_wconf 88' lang='lat' dir='ltr'><strong>est</strong></span> <span class='ocrx_word' id='word_1_287' title='bbox 1434 3494 1595 3570; x_wconf 85' lang='lat' dir='ltr'><strong>apud</strong></span> <span class='ocrx_word' id='word_1_288' title='bbox 1644 3494 1780 3554; x_wconf 85' lang='lat' dir='ltr'><strong>illos</strong></span> <span class='ocrx_word' id='word_1_289' title='bbox 1798 3539 1813 3568; x_wconf 91' lang='lat'><strong><em>,</em></strong></span> <span class='ocrx_word' id='word_1_290' title='bbox 1868 3500 2037 3553; x_wconf 86' lang='lat' dir='ltr'><strong>tanta</strong></span> <span class='ocrx_word' id='word_1_291' title='bbox 2076 3498 2137 3551; x_wconf 87' lang='lat' dir='ltr'><strong>et</strong></span> <span class='ocrx_word' id='word_1_292' title='bbox 2172 3491 2311 3550; x_wconf 88' lang='lat' dir='ltr'><strong>talis</strong></span> 
     </span>
     <span class='ocr_line' id='line_1_33' title="bbox 197 3593 2315 3672; baseline -0 -23"><span class='ocrx_word' id='word_1_293' title='bbox 197 3593 548 3667; x_wconf 84' lang='lat' dir='ltr'><strong>praesentia</strong></span> <span class='ocrx_word' id='word_1_294' title='bbox 581 3593 784 3669; x_wconf 85' lang='lat' dir='ltr'><strong>Ipsius</strong></span> <span class='ocrx_word' id='word_1_295' title='bbox 834 3600 928 3654; x_wconf 86' lang='lat' dir='ltr'><strong>est</strong></span> <span class='ocrx_word' id='word_1_296' title='bbox 944 3613 961 3670; x_wconf 85' lang='lat'><em>3</em></span> <span class='ocrx_word' id='word_1_297' title='bbox 1017 3595 1070 3653; x_wconf 89' lang='lat' dir='ltr'><strong>si</strong></span> <span class='ocrx_word' id='word_1_298' title='bbox 1117 3598 1465 3672; x_wconf 83' lang='lat' dir='ltr'><strong>praesentia</strong></span> <span class='ocrx_word' id='word_1_299' title='bbox 1510 3595 1770 3669; x_wconf 82' lang='lat' dir='ltr'><strong>excedit,</strong></span> <span class='ocrx_word' id='word_1_300' title='bbox 1824 3593 1891 3654; x_wconf 81' lang='lat' dir='ltr'><strong>fit</strong></span> <span class='ocrx_word' id='word_1_301' title='bbox 1931 3593 2213 3669; x_wconf 82' lang='lat' dir='ltr'><strong>angustia</strong></span> <span class='ocrx_word' id='word_1_302' title='bbox 2254 3595 2315 3650; x_wconf 86' lang='lat' dir='ltr'><strong>et</strong></span> 
     </span>
     <span class='ocr_line' id='line_1_34' title="bbox 199 3688 2314 3771; baseline 0 -22"><span class='ocrx_word' id='word_1_303' title='bbox 199 3688 452 3762; x_wconf 79' lang='lat' dir='ltr'><strong>tremor,</strong></span> <span class='ocrx_word' id='word_1_304' title='bbox 498 3692 610 3751; x_wconf 90' lang='lat' dir='ltr'><strong>sed</strong></span> <span class='ocrx_word' id='word_1_305' title='bbox 641 3697 938 3753; x_wconf 83' lang='lat' dir='ltr'><strong>recreatio</strong></span> <span class='ocrx_word' id='word_1_306' title='bbox 973 3712 1086 3771; x_wconf 87' lang='lat' dir='ltr'><strong>per</strong></span> <span class='ocrx_word' id='word_1_307' title='bbox 1123 3695 1729 3755; x_wconf 84' lang='lat' dir='ltr'><strong>accommodationem</strong></span> <span class='ocrx_word' id='word_1_308' title='bbox 1770 3692 1847 3754; x_wconf 85' lang='lat' dir='ltr'><strong>ad</strong></span> <span class='ocrx_word' id='word_1_309' title='bbox 1884 3693 2314 3769; x_wconf 86' lang='lat' dir='ltr'><strong>receptionem,</strong></span> 
     </span>
     <span class='ocr_line' id='line_1_35' title="bbox 198 3794 2309 3873; baseline 0.001 -24"><span class='ocrx_word' id='word_1_310' title='bbox 198 3797 268 3850; x_wconf 81' lang='lat' dir='ltr'><strong>ut</strong></span> <span class='ocrx_word' id='word_1_311' title='bbox 311 3809 552 3868; x_wconf 88' lang='lat' dir='ltr'><strong>quoque</strong></span> <span class='ocrx_word' id='word_1_312' title='bbox 603 3800 880 3854; x_wconf 85' lang='lat' dir='ltr'><strong>constare</strong></span> <span class='ocrx_word' id='word_1_313' title='bbox 932 3801 1138 3872; x_wconf 86' lang='lat' dir='ltr'><strong>potest</strong></span> <span class='ocrx_word' id='word_1_314' title='bbox 1187 3814 1262 3855; x_wconf 81' lang='lat' dir='ltr'><strong>ex</strong></span> <span class='ocrx_word' id='word_1_315' title='bbox 1306 3795 1427 3855; x_wconf 91' lang='lat' dir='ltr'><strong>illis</strong></span> <span class='ocrx_word' id='word_1_316' title='bbox 1468 3813 1623 3873; x_wconf 87' lang='lat' dir='ltr'><strong>quae</strong></span> <span class='ocrx_word' id='word_1_317' title='bbox 1659 3813 1793 3855; x_wconf 85' lang='lat' dir='ltr'><strong>mox</strong></span> <span class='ocrx_word' id='word_1_318' title='bbox 1828 3811 2015 3872; x_wconf 81' lang='lat' dir='ltr'><strong>supra</strong></span> <span class='ocrx_word' id='word_1_319' title='bbox 2062 3811 2134 3852; x_wconf 87' lang='lat' dir='ltr'><strong>n:</strong></span> <span class='ocrx_word' id='word_1_320' title='bbox 2198 3794 2309 3868; x_wconf 77' lang='lat'><strong>78,</strong></span> 
     </span>
     <span class='ocr_line' id='line_1_36' title="bbox 199 3890 2313 3973; baseline 0.002 -23"><span class='ocrx_word' id='word_1_321' title='bbox 199 3890 362 3951; x_wconf 86' lang='lat' dir='ltr'><strong>dicta</strong></span> <span class='ocrx_word' id='word_1_322' title='bbox 409 3897 472 3950; x_wconf 91' lang='lat' dir='ltr'><strong>et</strong></span> <span class='ocrx_word' id='word_1_323' title='bbox 515 3898 762 3953; x_wconf 87' lang='lat' dir='ltr'><strong>ostensa</strong></span> <span class='ocrx_word' id='word_1_324' title='bbox 808 3901 949 3954; x_wconf 86' lang='lat' dir='ltr'><strong>sunt</strong></span> <span class='ocrx_word' id='word_1_325' title='bbox 957 3916 974 3972; x_wconf 84' lang='lat'><em>3</em></span> <span class='ocrx_word' id='word_1_326' title='bbox 1039 3895 1194 3956; x_wconf 87' lang='lat' dir='ltr'><strong>haec</strong></span> <span class='ocrx_word' id='word_1_327' title='bbox 1239 3899 1533 3956; x_wconf 85' lang='lat' dir='ltr'><strong>recreatio</strong></span> <span class='ocrx_word' id='word_1_328' title='bbox 1592 3901 1685 3956; x_wconf 86' lang='lat' dir='ltr'><strong>est</strong></span> <span class='ocrx_word' id='word_1_329' title='bbox 1734 3912 1887 3971; x_wconf 89' lang='lat' dir='ltr'><strong>quae</strong></span> <span class='ocrx_word' id='word_1_330' title='bbox 1940 3893 2313 3973; x_wconf 82' lang='lat' dir='ltr'><strong>significatur</strong></span> 
     </span>
     <span class='ocr_line' id='line_1_37' title="bbox 199 3991 2315 4072; baseline 0.001 -22"><span class='ocrx_word' id='word_1_331' title='bbox 199 4008 312 4066; x_wconf 88' lang='lat' dir='ltr'><strong>per</strong></span> <span class='ocrx_word' id='word_1_332' title='bbox 344 4011 424 4051; x_wconf 81' lang='lat' dir='ltr'><strong>ne</strong></span> <span class='ocrx_word' id='word_1_333' title='bbox 459 3991 645 4053; x_wconf 77' lang='lat' dir='ltr'><strong>time:</strong></span> <span class='ocrx_word' id='word_1_334' title='bbox 699 3997 881 4054; x_wconf 87' lang='lat' dir='ltr'><strong>etiam</strong></span> <span class='ocrx_word' id='word_1_335' title='bbox 917 3995 1090 4069; x_wconf 87' lang='lat' dir='ltr'><strong>alibi,</strong></span> <span class='ocrx_word' id='word_1_336' title='bbox 1150 3995 1254 4056; x_wconf 89' lang='lat' dir='ltr'><strong>ubi</strong></span> <span class='ocrx_word' id='word_1_337' title='bbox 1291 4013 1328 4055; x_wconf 88' lang='lat' dir='ltr'><strong>a</strong></span> <span class='ocrx_word' id='word_1_338' title='bbox 1361 3996 1618 4055; x_wconf 89' lang='lat' dir='ltr'><strong>Domino</strong></span> <span class='ocrx_word' id='word_1_339' title='bbox 1654 4002 1761 4054; x_wconf 88' lang='lat' dir='ltr'><strong>aut</strong></span> <span class='ocrx_word' id='word_1_340' title='bbox 1798 3995 2033 4072; x_wconf 84' lang='lat' dir='ltr'><strong>Angelo</strong></span> <span class='ocrx_word' id='word_1_341' title='bbox 2070 3995 2315 4056; x_wconf 87' lang='lat' dir='ltr'><strong>Domini</strong></span> 
     </span>
     <span class='ocr_line' id='line_1_38' title="bbox 197 4091 2306 4172; baseline 0.001 -24"><span class='ocrx_word' id='word_1_342' title='bbox 197 4093 328 4151; x_wconf 88' lang='lat' dir='ltr'><strong>viso</strong></span> <span class='ocrx_word' id='word_1_343' title='bbox 377 4091 606 4152; x_wconf 85' lang='lat' dir='ltr'><strong>dietum</strong></span> <span class='ocrx_word' id='word_1_344' title='bbox 641 4101 738 4154; x_wconf 87' lang='lat' dir='ltr'><strong>est</strong></span> <span class='ocrx_word' id='word_1_345' title='bbox 769 4114 846 4154; x_wconf 79' lang='lat' dir='ltr'><strong>ne</strong></span> <span class='ocrx_word' id='word_1_346' title='bbox 881 4095 1074 4168; x_wconf 79' lang='lat' dir='ltr'><strong>time,·</strong></span> <span class='ocrx_word' id='word_1_347' title='bbox 1139 4102 1206 4154; x_wconf 85' lang='lat' dir='ltr'><strong>ut</strong></span> <span class='ocrx_word' id='word_1_348' title='bbox 1247 4096 1413 4154; x_wconf 85' lang='lat' dir='ltr'><strong>Dan:</strong></span> <span class='ocrx_word' id='word_1_349' title='bbox 1454 4095 1613 4172; x_wconf 85' lang='lat' dir='ltr'><strong>Gap:</strong></span> <span class='ocrx_word' id='word_1_350' title='bbox 1669 4095 1763 4159; x_wconf 87' lang='lat' dir='ltr'><strong>X:</strong></span> <span class='ocrx_word' id='word_1_351' title='bbox 1820 4098 1931 4154; x_wconf 90' lang='grc'><strong>12.</strong></span> <span class='ocrx_word' id='word_1_352' title='bbox 1980 4097 2089 4153; x_wconf 90' lang='grc'><strong>19.</strong></span> <span class='ocrx_word' id='word_1_353' title='bbox 2146 4095 2306 4152; x_wconf 83' lang='lat' dir='ltr'><strong>Luc:</strong></span> 
     </span>
     <span class='ocr_line' id='line_1_39' title="bbox 200 4187 2309 4272; baseline 0 -24"><span class='ocrx_word' id='word_1_354' title='bbox 200 4187 260 4248; x_wconf 90' lang='lat' dir='ltr'><strong>I:</strong></span> <span class='ocrx_word' id='word_1_355' title='bbox 307 4195 418 4250; x_wconf 80' lang='lat'><strong>12.</strong></span> <span class='ocrx_word' id='word_1_356' title='bbox 460 4195 572 4253; x_wconf 86' lang='lat'>13.</span> <span class='ocrx_word' id='word_1_357' title='bbox 626 4193 782 4272; x_wconf 81' lang='lat' dir='ltr'><strong>Cap:</strong></span> <span class='ocrx_word' id='word_1_358' title='bbox 829 4195 923 4258; x_wconf 81' lang='lat' dir='ltr'><strong>II:</strong></span> <span class='ocrx_word' id='word_1_359' title='bbox 971 4201 1030 4258; x_wconf 89' lang='grc'><strong>8.</strong></span> <span class='ocrx_word' id='word_1_360' title='bbox 1077 4199 1137 4255; x_wconf 88' lang='grc'><strong>9.</strong></span> <span class='ocrx_word' id='word_1_361' title='bbox 1186 4198 1296 4255; x_wconf 92' lang='grc'><strong>10.</strong></span> <span class='ocrx_word' id='word_1_362' title='bbox 1348 4195 1573 4254; x_wconf 83' lang='lat' dir='ltr'><strong>Matth:</strong></span> <span class='ocrx_word' id='word_1_363' title='bbox 1620 4193 1929 4254; x_wconf 77' lang='lat' dir='ltr'>XXVIII:</span> <span class='ocrx_word' id='word_1_364' title='bbox 1990 4195 2055 4252; x_wconf 90' lang='lat'>5.-</span> <span class='ocrx_word' id='word_1_365' title='bbox 2094 4195 2151 4248; x_wconf 87' lang='grc'><strong>9.</strong></span> <span class='ocrx_word' id='word_1_366' title='bbox 2199 4193 2309 4248; x_wconf 84' lang='lat'>10.</span> 
     </span>
    </p>
   </div>
   <div class='ocr_carea' id='block_1_5' title="bbox 303 4296 1969 4366">
    <p class='ocr_par' dir='ltr' id='par_1_5' title="bbox 303 4296 1969 4366">
     <span class='ocr_line' id='line_1_40' title="bbox 303 4296 1969 4366; baseline 0.003 -18"><span class='ocrx_word' id='word_1_367' title='bbox 303 4308 732 4364; x_wconf 70' lang='lat' dir='ltr'><strong>Swedenborg.</strong></span> <span class='ocrx_word' id='word_1_368' title='bbox 775 4313 965 4366; x_wconf 74' lang='lat' dir='ltr'><strong>Apocal.</strong></span> <span class='ocrx_word' id='word_1_369' title='bbox 997 4314 1108 4366; x_wconf 78' lang='lat' dir='ltr'><strong>expi.</strong></span> <span class='ocrx_word' id='word_1_370' title='bbox 1142 4313 1176 4355; x_wconf 86' lang='lat'>1.</span> <span class='ocrx_word' id='word_1_371' title='bbox 1936 4296 1969 4348; x_wconf 76' lang='grc'>7</span> 
     </span>
    </p>
   </div>
  </div>
 </body>
</html>
