2700 4792
458 334 530 388 5ss
860 319 1348 379 APOCALYPSIS
1402 318 1830 374 EXPLICATA.
1917 320 1964 388 §.
2009 329 2100 382 63.

462 477 730 556 „Filius
763 476 1041 540 hominio
1075 476 1324 537 veniens
1356 495 1510 538 num
1552 475 1826 538 inveniet
1847 475 2050 558 fidem
2099 495 2292 557 super
2336 481 2548 539 :mv-ff

457 581 705 642 XVIII:
751 582 823 654 83
876 580 990 637 hoc
1029 584 1157 653 est,
1196 595 1331 636 cum
1360 577 1588 637 Verum
1622 578 1911 639 Divinum
1948 596 1981 637 e
2032 577 2217 638 Coelo
2253 579 2555 637 revelabi-

459 690 586 752 tur,
634 680 792 757 quod
831 697 946 738 non
982 678 1258 738 credetur
1270 698 1286 754 3
1340 678 1529 737 Filius
1563 678 1818 738 hominis
1860 680 2040 738 etiam
2076 678 2175 737 hic
2211 685 2305 738 est
2337 678 2556 739 Domi-

457 798 570 840 nus
609 780 806 858 quoad
849 779 1074 839 Verum
1124 779 1409 838 Divinum
1421 797 1439 853 ς
1492 778 1787 838 adventus
1835 780 2078 838 Domini
2128 784 2223 838 est
2264 779 2561 839 revelatio

458 882 606 941 Veri
638 881 842 942 Divini
876 881 935 938 in
969 879 1084 938 fine
1121 879 1464 951 Ecclesiae,
1513 897 1580 936 n:
1626 881 1837 939 3900.
1884 881 2101 938 4060.
2172 879 2357 956 Apud
2392 879 2557 938 Mat-

460 982 706 1041 thaeum
745 977 977 1054 „Sicut
997 976 1241 1058 fulyur
1273 979 1413 1039 emit
1449 979 1527 1038 ab
1562 978 1813 1050 oriente,
1850 984 1910 1038 et
1948 985 2215 1058 apparet
2247 998 2445 1057 usque
2470 979 2562 1040 ad

297 1091 418 1152 [48]
460 1080 860 1154 occidentem,
910 1078 1010 1139 ita
1048 1077 1170 1138 erit
1220 1077 1533 1140 adventus
1576 1076 1748 1139 Filii
1792 1079 2109 1151 homini⁸;
2159 1085 2309 1140 tunc
2347 1096 2557 1158 appa·

456 1182 615 1242 rebit
646 1179 904 1260 siquam
937 1176 1110 1239 Filii
1144 1177 1421 1239 hominis
1456 1179 1527 1239 in
1557 1178 1738 1240 Coelo
1755 1224 1773 1249 ‚
1816 1183 1877 1238 et
1912 1185 2058 1239 tunc
2071 1177 2384 1259 planyent
2420 1198 2558 1238 om-

457 1300 566 1342 nes
605 1278 840 1342 Tribus
876 1286 1109 1349 temne,
1160 1283 1220 1338 et
1269 1277 1563 1340 videbunt
1609 1276 1864 1340 Filium
1904 1279 2181 1340 hominis
2216 1279 2561 1340 venientem

457 1381 529 1443 in
559 1381 826 1442 nubibus
865 1377 1038 1440 Coeli
1071 1397 1212 1440 cum
1242 1378 1535 1458 potentia
1565 1385 1625 1440 et
1656 1378 1919 1460 ylaria“
1972 1380 2218 1440 XXIV:
2259 1384 2372 1455 27.
2432 1382 2558 1456 303

458 1482 619 1560 quod
656 1499 766 1558 per
795 1482 1124 1541 adventum
1160 1481 1403 1540 Domini
1447 1483 1507 1539 in
1549 1481 1806 1540 nubibus
1864 1481 2019 1541 coeli
2060 1481 2146 1540 ibi
2186 1479 2562 1557 significetur

453 1581 767 1644 Revelatio
817 1581 1024 1640 Divini
1066 1580 1214 1639 Veri
1258 1583 1319 1640 in
1361 1580 1479 1640 fine
1518 1582 1863 1652 Ecclesiae,
1921 1580 2200 1641 videatur
2250 1597 2441 1657 supra
2486 1599 2558 1639 n:

464 1685 576 1742 36.
632 1682 811 1757 Apud
843 1681 1112 1739 Eundem
1152 1681 1374 1755 „Dico
1409 1679 1609 1756 vobis,
1654 1699 1736 1742 eoe
1769 1699 1935 1742 nuno
1968 1680 2270 1742 videbitis
2298 1678 2557 1742 Filium

456 1779 731 1843 hominis
784 1780 1094 1841 sedentem
1143 1800 1224 1843 ew
1284 1781 1537 1845 demi-is
1577 1781 1925 1861 potentiae,
1992 1787 2051 1841 et
2099 1782 2441 1842 venimtem
2486 1781 2556 1841 in

457 1881 724 1943 nubibus
758 1878 913 1941 coeli
921 1883 957 1912 “
996 1882 1242 1941 XXVI:
1293 1884 1417 1941 64:
1469 1892 1536 1944 et
1570 1882 1733 1959 apud
1767 1883 1994 1942 Lucam
2045 1881 2207 1956 „Ex
2242 1880 2357 1940 hoc
2388 1899 2555 1942 nuno

453 1981 575 2044 erit
612 1979 834 2042 Filius
869 1980 1149 2041 hominis
1177 1981 1400 2042 sedens
1434 2002 1478 2043 a
1513 1981 1765 2044 dextris
1799 1982 2063 2043 virtutis
2100 1981 2239 2042 Dei
2247 1984 2282 2013 “
2330 1982 2551 2042 XXII:

463 2085 569 2142 69.
625 2082 814 2140 Filius
850 2081 1102 2140 hominis
1137 2090 1228 2141 est
1252 2083 1547 2142 Dominus
1584 2083 1781 2159 quoad
1805 2083 2090 2142 Divinum
2120 2083 2468 2142 Humanum
2495 2087 2554 2141 et

457 2183 655 2258 quoad
687 2183 974 2241 Divinum
1017 2170 1242 2249 Verum
1278 2172 1614 2260 procedens
1652 2183 1727 2241 ab
1761 2184 1906 2259 Ipso
1926 2203 1942 2259 3
1998 2183 2209 2243 sedere
2248 2200 2285 2241 a
2321 2182 2549 2242 dextris

455 2284 760 2359 potentiae
782 2283 1046 2357 estquod
1072 2283 1202 2359 Ipsi
1225 2284 1670 2360 omnipotentia3
1692 2285 1850 2360 quod
1874 2284 2107 2345 dicatur
2126 2283 2287 2360 quod
2309 2283 2375 2341 id
2393 2298 2551 2343 nunc

454 2385 644 2442 visuri
683 2390 912 2456 essent,
971 2391 1062 2442 est
1097 2384 1256 2460 quod
1289 2376 1577 2442 Divinum
1608 2385 1837 2444 Verum
1874 2386 1936 2443 in
1970 2401 2085 2443 sua
2123 2385 2551 2459 omnipotentia

455 2491 634 2558 esset,
674 2501 810 2543 cum
835 2485 1129 2542 Dominus
1164 2486 1233 2542 irr
1252 2484 1472 2542 mundo
1506 2487 1738 2544 vicerat
1762 2485 2042 2559 Inferna,⁸
2060 2491 2120 2543 et
2146 2486 2345 2543 omnia
2378 2485 2466 2542 ibi
2492 2489 2549 2543 et

452 2588 512 2642 in
553 2585 736 2644 coelis
779 2586 841 2642 in
881 2584 1148 2644 ordinem
1194 2584 1543 2660 redegerat,
1601 2591 1661 2644 et
1706 2586 1864 2661 quod
1899 2588 1986 2645 sic
2040 2584 2261 2643 salvari
2296 2589 2549 2659 possent

454 2688 556 2762 qui
589 2676 942 2761 Ipsum'fide
972 2692 1032 2744 et
1067 2702 1268 2745 amore
1302 2687 1670 2760 reciperent,
1721 2704 1791 2744 n:
1837 2688 1967 2744 971
1990 2686 2059 2744 5:
2114 2684 2289 2761 Quod
2331 2685 2548 2744 sedere

454 2803 491 2842 a
527 2785 750 2844 dextris
788 2787 865 2844 sit
890 2789 1332 2862 omnipotentia,
1373 2785 1647 2844 videatur
1691 2804 1762 2844 n:
1819 2781 2029 2846 3387.
2076 2787 2288 2845 4592.
2329 2787 2547 2845 4933.

461 2890 492 2944 7
514 2885 670 2944 518.
714 2887 922 2944 8281.
969 2888 1198 2948 9133:
1254 2885 1431 2962 Quod
1468 2887 1657 2944 omnis
1692 2889 1961 2963 potentia
1997 2886 2140 2945 boni
2172 2888 2253 2944 sit
2285 2903 2398 2961 per
2424 2903 2547 2950 ,ve-

451 3003 613 3054 rum,
659 3003 727 3045 n:
785 2988 995 3045 6344.
1041 2989 1252 3047 6423.
1284 2989 1494 3046 8304.
1542 2989 1753 3046 9327.
1802 2988 2007 3046 9410.
2056 2987 2266 3045 9639.
2316 2977 2548 3046 9643:

452 3084 627 3161 Quod
657 3085 804 3163 Ipsa
836 3087 1114 3146 Potentia
1147 3087 1371 3146 Divina
1402 3089 1481 3146 sit
1504 3105 1615 3164 per
1638 3088 1923 3146 Divinum
1949 3087 2176 3147 Verum
2208 3086 2547 3163 procedens

451 3203 488 3244 a
523 3186 742 3246 Divino
760 3185 1045 3246 Humano
1075 3167 1347 3256 Domini}
1371 3205 1441 3246 n:
1488 3189 1712 3247 6948:
1768 3187 1945 3264 Quod
1979 3186 2189 3261 nubeS,
2227 3189 2290 3245 in
2326 3186 2548 3263 quibus

447 3285 632 3345 Filius
667 3288 922 3345 hominis
956 3293 1278 3355 ventums,
1331 3289 1407 3344 sit
1443 3287 1712 3347 Verbum
1746 3291 1808 3348 in
1838 3287 2043 3361 litera,
2102 3287 2262 3363 quod
2300 3293 2396 3346 est
2428 3286 2548 3346 Di-

447 3404 587 3445 num
640 3386 868 3445 Verum
920 3389 983 3444 in
1019 3385 1227 3444 ultimo
1281 3386 1532 3463 ordiniS,
1603 3388 1883 3448 Praefat:
1936 3387 2013 3446 ad
2083 3387 2250 3464 Cap:
2325 3386 2547 3447 XVIII

440 3485 684 3548 Genes:
724 3505 782 3544 n:
826 3487 1038 3545 4060.
1077 3487 1289 3545 4391.
1328 3488 1539 3549 5922.
1578 3490 1788 3548 6343.
1826 3490 2035 3548 6752.
2074 3487 2285 3557 8443.
2325 3489 2541 3546 87813

446 3593 506 3646 et
541 3585 703 3663 quod
741 3584 948 3653 Gloria
982 3587 1060 3644 sit
1094 3586 1302 3664 Ipsum
1327 3588 1615 3648 Divinum
1655 3589 1883 3648 Verum
1920 3588 2099 3665 quale
2138 3589 2319 3648 estin
2356 3603 2545 3647 sensu

444 3686 634 3746 Verbi
658 3686 922 3760 interm,
977 3705 1045 3745 n:
1086 3690 1298 3748 4809.
1335 3691 1546 3749 5922.
1592 3692 1801 3749 8267.
1851 3691 2061 3748 9429.
2129 3689 2222 3746 Ex
2254 3688 2349 3746 his
2386 3705 2543 3746 nunc

443 3791 721 3845 constare
773 3793 1000 3860 potest,
1065 3789 1206 3865 quid
1248 3789 1619 3866 significatur
1668 3808 1781 3867 per
1838 3790 1992 3850 haec
2050 3791 2113 3849 in
2168 3788 2544 3865 Apocalypsi

445 3927 483 3959 „
506 3882 664 3946 Vidi
706 3903 846 3947 cum
880 3906 1008 3948 ecoe
1038 3888 1255 3953 Nubes
1290 3888 1466 3965 alba,
1505 3894 1566 3949 et
1600 3909 1790 3970 cuper
1822 3889 2005 3952 Nube
2040 3887 2261 3948 sedens
2297 3885 2541 3949 similis

441 3981 618 4044 Filio
652 3984 925 4048 hominis
937 4035 952 4064 ,
1013 3989 1240 4051 habens
1280 4009 1472 4070 super
1505 3990 1711 4071 capite
1744 4009 1859 4052 suo
1897 4008 2192 4051 coronam
2226 3989 2536 4072 aureqm“

438 4083 625 4145 XIV:
686 4091 806 4147 14:
875 4096 934 4148 et
983 4091 1147 4167 apud
1193 4092 1508 4151 Danielem
1570 4089 1870 4166 „Viden-9
1903 4091 2023 4170 fui
2067 4089 2138 4150 in
2186 4088 2539 4150 visionibus

436 4185 663 4265 noctis,
717 4196 777 4253 et
809 4209 938 4253 ecoe
972 4209 1113 4253 cum
1147 4191 1415 4254 nubibus
1450 4189 1759 4253 coelorum
1794 4191 1960 4253 sicut
1995 4187 2224 4254 Filius
2258 4187 2536 4251 hominis
