<?xml version="1.0" encoding="UTF-8"?>
<!DOCTYPE html PUBLIC "-//W3C//DTD XHTML 1.0 Transitional//EN"
    "http://www.w3.org/TR/xhtml1/DTD/xhtml1-transitional.dtd">
<html xmlns="http://www.w3.org/1999/xhtml" xml:lang="en" lang="en">
 <head>
  <title>
</title>
<meta http-equiv="Content-Type" content="text/html;charset=utf-8" />
  <meta name='ocr-system' content='tesseract 3.04.00' />
  <meta name='ocr-capabilities' content='ocr_page ocr_carea ocr_par ocr_line ocrx_word'/>
</head>
<body>
  <div class='ocr_page' id='page_1' title='image "./apocalypsisexpl01unkngoog_0020.png"; bbox 0 0 2700 4792; ppageno 0'>
   <div class='ocr_carea' id='block_1_1' title="bbox 417 345 2115 413">
    <p class='ocr_par' dir='ltr' id='par_1_1' title="bbox 417 345 2115 413">
     <span class='ocr_line' id='line_1_1' title="bbox 417 345 2115 413; baseline 0.004 -15"><span class='ocrx_word' id='word_1_1' title='bbox 417 359 486 411; x_wconf 73' lang='lat'>14</span> <span class='ocrx_word' id='word_1_2' title='bbox 820 347 1316 402; x_wconf 71' lang='lat' dir='ltr'>APOCALYPffls</span> <span class='ocrx_word' id='word_1_3' title='bbox 1360 345 1787 401; x_wconf 76' lang='lat' dir='ltr'><strong>EXPLICATA.</strong></span> <span class='ocrx_word' id='word_1_4' title='bbox 1831 345 1877 413; x_wconf 61' lang='grc' dir='ltr'><strong>ς.</strong></span> <span class='ocrx_word' id='word_1_5' title='bbox 1904 355 1997 406; x_wconf 78' lang='grc'>13.</span> <span class='ocrx_word' id='word_1_6' title='bbox 2022 355 2115 408; x_wconf 74' lang='grc'>11.</span> 
     </span>
    </p>
   </div>
   <div class='ocr_carea' id='block_1_2' title="bbox 355 503 2583 2490">
    <p class='ocr_par' dir='ltr' id='par_1_2' title="bbox 412 503 2583 982">
     <span class='ocr_line' id='line_1_2' title="bbox 412 503 2583 580; baseline -0 -15"><span class='ocrx_word' id='word_1_7' title='bbox 412 508 536 565; x_wconf 85' lang='lat' dir='ltr'>lum</span> <span class='ocrx_word' id='word_1_8' title='bbox 573 507 650 565; x_wconf 89' lang='lat' dir='ltr'>sit</span> <span class='ocrx_word' id='word_1_9' title='bbox 689 507 752 564; x_wconf 86' lang='lat' dir='ltr'>in</span> <span class='ocrx_word' id='word_1_10' title='bbox 792 506 1062 579; x_wconf 87' lang='lat' dir='ltr'>homine,</span> <span class='ocrx_word' id='word_1_11' title='bbox 1115 510 1176 564; x_wconf 91' lang='lat' dir='ltr'>et</span> <span class='ocrx_word' id='word_1_12' title='bbox 1211 504 1372 580; x_wconf 88' lang='lat' dir='ltr'>quod</span> <span class='ocrx_word' id='word_1_13' title='bbox 1402 503 1711 562; x_wconf 84' lang='lat' dir='ltr'>Internum</span> <span class='ocrx_word' id='word_1_14' title='bbox 1742 503 2031 577; x_wconf 88' lang='lat' dir='ltr'>hominis,</span> <span class='ocrx_word' id='word_1_15' title='bbox 2084 506 2187 579; x_wconf 90' lang='lat' dir='ltr'>qui</span> <span class='ocrx_word' id='word_1_16' title='bbox 2223 506 2291 562; x_wconf 88' lang='lat' dir='ltr'>in</span> <span class='ocrx_word' id='word_1_17' title='bbox 2330 521 2583 564; x_wconf 85' lang='lat' dir='ltr'>amore</span> 
     </span>
     <span class='ocr_line' id='line_1_3' title="bbox 415 604 2577 680; baseline -0.001 -16"><span class='ocrx_word' id='word_1_18' title='bbox 415 606 664 666; x_wconf 90' lang='lat' dir='ltr'>coelesti</span> <span class='ocrx_word' id='word_1_19' title='bbox 701 613 824 675; x_wconf 89' lang='lat' dir='ltr'>est,</span> <span class='ocrx_word' id='word_1_20' title='bbox 875 608 954 664; x_wconf 88' lang='lat' dir='ltr'>sit</span> <span class='ocrx_word' id='word_1_21' title='bbox 996 605 1228 664; x_wconf 88' lang='lat' dir='ltr'>coelum</span> <span class='ocrx_word' id='word_1_22' title='bbox 1264 606 1324 663; x_wconf 90' lang='lat' dir='ltr'>in</span> <span class='ocrx_word' id='word_1_23' title='bbox 1360 605 1599 662; x_wconf 88' lang='lat' dir='ltr'>minima</span> <span class='ocrx_word' id='word_1_24' title='bbox 1640 604 1832 662; x_wconf 84' lang='lat' dir='ltr'>forma</span> <span class='ocrx_word' id='word_1_25' title='bbox 1874 605 2363 680; x_wconf 77' lang='lat' dir='ltr'><strong>correspondens</strong></span> <span class='ocrx_word' id='word_1_26' title='bbox 2408 604 2577 662; x_wconf 81' lang='lat' dir='ltr'>Ma-</span> 
     </span>
     <span class='ocr_line' id='line_1_4' title="bbox 415 704 2571 782; baseline -0.002 -16"><span class='ocrx_word' id='word_1_27' title='bbox 415 710 600 781; x_wconf 80' lang='lat' dir='ltr'>ximo,</span> <span class='ocrx_word' id='word_1_28' title='bbox 637 707 916 766; x_wconf 80' lang='lat' dir='ltr'>videatur</span> <span class='ocrx_word' id='word_1_29' title='bbox 949 708 1010 764; x_wconf 91' lang='lat' dir='ltr'>in</span> <span class='ocrx_word' id='word_1_30' title='bbox 1045 705 1244 782; x_wconf 81' lang='lat' dir='ltr'>Opere</span> <span class='ocrx_word' id='word_1_31' title='bbox 1273 705 1348 764; x_wconf 91' lang='lat' dir='ltr'>de</span> <span class='ocrx_word' id='word_1_32' title='bbox 1386 704 1587 764; x_wconf 72' lang='lat' dir='ltr'>Ounno</span> <span class='ocrx_word' id='word_1_33' title='bbox 1626 723 1704 765; x_wconf 71' lang='lat' dir='ltr'>nr</span> <span class='ocrx_word' id='word_1_34' title='bbox 1741 704 2036 779; x_wconf 65' lang='lat' dir='ltr'>Ins-nuno,</span> <span class='ocrx_word' id='word_1_35' title='bbox 2074 723 2133 762; x_wconf 86' lang='lat' dir='ltr'>n:</span> <span class='ocrx_word' id='word_1_36' title='bbox 2172 707 2250 763; x_wconf 84' lang='lat'>51</span> <span class='ocrx_word' id='word_1_37' title='bbox 2298 705 2389 764; x_wconf 80' lang='lat' dir='ltr'>ad</span> <span class='ocrx_word' id='word_1_38' title='bbox 2420 707 2525 765; x_wconf 84' lang='lat'>58</span> <span class='ocrx_word' id='word_1_39' title='bbox 2554 727 2571 762; x_wconf 90' lang='lat'>:</span> 
     </span>
     <span class='ocr_line' id='line_1_5' title="bbox 419 805 2575 884; baseline -0.002 -16"><span class='ocrx_word' id='word_1_40' title='bbox 419 815 480 868; x_wconf 91' lang='lat' dir='ltr'>et</span> <span class='ocrx_word' id='word_1_41' title='bbox 525 807 684 884; x_wconf 88' lang='lat' dir='ltr'>quod</span> <span class='ocrx_word' id='word_1_42' title='bbox 732 809 784 865; x_wconf 90' lang='lat' dir='ltr'>is</span> <span class='ocrx_word' id='word_1_43' title='bbox 831 809 894 864; x_wconf 92' lang='lat' dir='ltr'>in</span> <span class='ocrx_word' id='word_1_44' title='bbox 945 807 1175 866; x_wconf 91' lang='lat' dir='ltr'>coelum</span> <span class='ocrx_word' id='word_1_45' title='bbox 1229 808 1463 877; x_wconf 84' lang='lat' dir='ltr'>veniat,</span> <span class='ocrx_word' id='word_1_46' title='bbox 1526 807 1626 880; x_wconf 90' lang='lat' dir='ltr'>qui</span> <span class='ocrx_word' id='word_1_47' title='bbox 1680 805 1912 863; x_wconf 89' lang='lat' dir='ltr'>coelum</span> <span class='ocrx_word' id='word_1_48' title='bbox 1956 807 2020 864; x_wconf 88' lang='lat' dir='ltr'>in</span> <span class='ocrx_word' id='word_1_49' title='bbox 2066 821 2137 864; x_wconf 89' lang='lat' dir='ltr'>se</span> <span class='ocrx_word' id='word_1_50' title='bbox 2184 805 2421 880; x_wconf 86' lang='lat' dir='ltr'>habet,</span> <span class='ocrx_word' id='word_1_51' title='bbox 2498 807 2575 864; x_wconf 84' lang='lat' dir='ltr'>in</span> 
     </span>
     <span class='ocr_line' id='line_1_6' title="bbox 415 905 2098 982; baseline -0.001 -15"><span class='ocrx_word' id='word_1_52' title='bbox 415 909 741 967; x_wconf 66' lang='lat' dir='ltr'>Docrnnu</span> <span class='ocrx_word' id='word_1_53' title='bbox 777 925 976 966; x_wconf 63' lang='grc' dir='ltr'><strong>Νονᾼπ.</strong></span> <span class='ocrx_word' id='word_1_54' title='bbox 1013 907 1517 982; x_wconf 71' lang='lat' dir='ltr'>Hmaosomrmm,</span> <span class='ocrx_word' id='word_1_55' title='bbox 1554 925 1613 963; x_wconf 88' lang='lat' dir='ltr'>n:</span> <span class='ocrx_word' id='word_1_56' title='bbox 1658 908 1793 964; x_wconf 83' lang='lat'>232</span> <span class='ocrx_word' id='word_1_57' title='bbox 1830 905 1907 964; x_wconf 87' lang='lat' dir='ltr'>ad</span> <span class='ocrx_word' id='word_1_58' title='bbox 1939 908 2098 965; x_wconf 83' lang='lat'><strong>236.</strong></span> 
     </span>
    </p>

    <p class='ocr_par' dir='ltr' id='par_1_3' title="bbox 411 1006 2568 1484">
     <span class='ocr_line' id='line_1_7' title="bbox 575 1006 2568 1084; baseline -0.001 -18"><span class='ocrx_word' id='word_1_59' title='bbox 575 1010 684 1076; x_wconf 82' lang='lat'>13.</span> <span class='ocrx_word' id='word_1_60' title='bbox 738 1007 993 1084; x_wconf 79' lang='lat' dir='ltr'>Lege-ns„</span> <span class='ocrx_word' id='word_1_61' title='bbox 1035 1007 1194 1084; x_wconf 92' lang='lat' dir='ltr'>quod</span> <span class='ocrx_word' id='word_1_62' title='bbox 1229 1006 1525 1082; x_wconf 83' lang='lat' dir='ltr'>significet</span> <span class='ocrx_word' id='word_1_63' title='bbox 1560 1006 1719 1082; x_wconf 88' lang='lat' dir='ltr'>quod</span> <span class='ocrx_word' id='word_1_64' title='bbox 1752 1008 2115 1082; x_wconf 83' lang='lat' dir='ltr'>percipiant,</span> <span class='ocrx_word' id='word_1_65' title='bbox 2174 1011 2429 1064; x_wconf 84' lang='lat' dir='ltr'>constat</span> <span class='ocrx_word' id='word_1_66' title='bbox 2470 1023 2568 1065; x_wconf 79' lang='lat' dir='ltr'>ex</span> 
     </span>
     <span class='ocr_line' id='line_1_8' title="bbox 415 1106 2557 1185; baseline -0.001 -18"><span class='ocrx_word' id='word_1_67' title='bbox 415 1107 846 1185; x_wconf 83' lang='lat' dir='ltr'>significatione</span> <span class='ocrx_word' id='word_1_68' title='bbox 881 1108 1086 1184; x_wconf 88' lang='lat' dir='ltr'>legere</span> <span class='ocrx_word' id='word_1_69' title='bbox 1127 1107 1426 1180; x_wconf 84' lang='lat' dir='ltr'>Verbum,</span> <span class='ocrx_word' id='word_1_70' title='bbox 1484 1107 1644 1182; x_wconf 88' lang='lat' dir='ltr'>quod</span> <span class='ocrx_word' id='word_1_71' title='bbox 1678 1109 1757 1164; x_wconf 88' lang='lat' dir='ltr'>sit</span> <span class='ocrx_word' id='word_1_72' title='bbox 1793 1124 1869 1165; x_wconf 80' lang='lat' dir='ltr'>ex</span> <span class='ocrx_word' id='word_1_73' title='bbox 1904 1106 2303 1166; x_wconf 81' lang='lat' dir='ltr'>illustratione</span> <span class='ocrx_word' id='word_1_74' title='bbox 2344 1106 2557 1165; x_wconf 86' lang='lat' dir='ltr'>intel-</span> 
     </span>
     <span class='ocr_line' id='line_1_9' title="bbox 413 1205 2554 1286; baseline -0.001 -18"><span class='ocrx_word' id='word_1_75' title='bbox 413 1209 634 1286; x_wconf 88' lang='lat' dir='ltr'>ligere,</span> <span class='ocrx_word' id='word_1_76' title='bbox 685 1209 771 1266; x_wconf 83' lang='lat' dir='ltr'>ita</span> <span class='ocrx_word' id='word_1_77' title='bbox 817 1211 1132 1284; x_wconf 88' lang='lat' dir='ltr'>percipere</span> <span class='ocrx_word' id='word_1_78' title='bbox 1153 1227 1168 1282; x_wconf 85' lang='lat'><em>3</em></span> <span class='ocrx_word' id='word_1_79' title='bbox 1223 1206 1427 1283; x_wconf 87' lang='lat' dir='ltr'>legere</span> <span class='ocrx_word' id='word_1_80' title='bbox 1480 1209 1635 1266; x_wconf 89' lang='lat' dir='ltr'>enim</span> <span class='ocrx_word' id='word_1_81' title='bbox 1680 1206 1871 1266; x_wconf 88' lang='lat' dir='ltr'>simile</span> <span class='ocrx_word' id='word_1_82' title='bbox 1912 1205 2208 1282; x_wconf 87' lang='lat' dir='ltr'>significat</span> <span class='ocrx_word' id='word_1_83' title='bbox 2256 1224 2403 1264; x_wconf 87' lang='lat' dir='ltr'>cum</span> <span class='ocrx_word' id='word_1_84' title='bbox 2440 1210 2554 1265; x_wconf 85' lang='lat' dir='ltr'>vi-</span> 
     </span>
     <span class='ocr_line' id='line_1_10' title="bbox 417 1307 2548 1388; baseline -0.002 -20"><span class='ocrx_word' id='word_1_85' title='bbox 417 1309 589 1384; x_wconf 88' lang='lat' dir='ltr'>dere,</span> <span class='ocrx_word' id='word_1_86' title='bbox 630 1312 773 1385; x_wconf 87' lang='lat' dir='ltr'>quia</span> <span class='ocrx_word' id='word_1_87' title='bbox 809 1309 1020 1384; x_wconf 86' lang='lat' dir='ltr'>legens</span> <span class='ocrx_word' id='word_1_88' title='bbox 1056 1307 1248 1381; x_wconf 83' lang='lat' dir='ltr'>videt,</span> <span class='ocrx_word' id='word_1_89' title='bbox 1311 1314 1373 1388; x_wconf 69' lang='lat' dir='ltr'>et</span> <span class='ocrx_word' id='word_1_90' title='bbox 1406 1308 1609 1367; x_wconf 83' lang='lat' dir='ltr'>videre</span> <span class='ocrx_word' id='word_1_91' title='bbox 1645 1307 1943 1384; x_wconf 87' lang='lat' dir='ltr'>significat</span> <span class='ocrx_word' id='word_1_92' title='bbox 1974 1310 2289 1384; x_wconf 85' lang='lat' dir='ltr'>percipere</span> <span class='ocrx_word' id='word_1_93' title='bbox 2334 1325 2416 1366; x_wconf 85' lang='lat' dir='ltr'>ex</span> <span class='ocrx_word' id='word_1_94' title='bbox 2452 1307 2548 1364; x_wconf 79' lang='lat' dir='ltr'>il·-</span> 
     </span>
     <span class='ocr_line' id='line_1_11' title="bbox 411 1411 1545 1484; baseline -0.003 -16"><span class='ocrx_word' id='word_1_95' title='bbox 411 1411 794 1483; x_wconf 84' lang='lat' dir='ltr'>lustratione,</span> <span class='ocrx_word' id='word_1_96' title='bbox 833 1415 902 1466; x_wconf 88' lang='lat' dir='ltr'>ut</span> <span class='ocrx_word' id='word_1_97' title='bbox 933 1425 1072 1466; x_wconf 85' lang='lat' dir='ltr'>mox</span> <span class='ocrx_word' id='word_1_98' title='bbox 1107 1424 1294 1484; x_wconf 88' lang='lat' dir='ltr'>supra</span> <span class='ocrx_word' id='word_1_99' title='bbox 1331 1427 1391 1466; x_wconf 87' lang='lat' dir='ltr'>n:</span> <span class='ocrx_word' id='word_1_100' title='bbox 1436 1411 1465 1465; x_wconf 96' lang='lat'>1</span> <span class='ocrx_word' id='word_1_101' title='bbox 1489 1411 1545 1466; x_wconf 94' lang='lat'>1.</span> 
     </span>
    </p>

    <p class='ocr_par' dir='ltr' id='par_1_4' title="bbox 355 1507 2547 2490">
     <span class='ocr_line' id='line_1_12' title="bbox 576 1507 2547 1586; baseline 0 -18"><span class='ocrx_word' id='word_1_102' title='bbox 576 1513 603 1568; x_wconf 95' lang='lat'>1</span> <span class='ocrx_word' id='word_1_103' title='bbox 623 1513 685 1568; x_wconf 87' lang='lat'>4.</span> <span class='ocrx_word' id='word_1_104' title='bbox 740 1510 818 1567; x_wconf 87' lang='lat' dir='ltr'>Et</span> <span class='ocrx_word' id='word_1_105' title='bbox 851 1508 1163 1568; x_wconf 81' lang='lat' dir='ltr'>audientes</span> <span class='ocrx_word' id='word_1_106' title='bbox 1205 1507 1393 1566; x_wconf 74' lang='lat' dir='ltr'>verba</span> <span class='ocrx_word' id='word_1_107' title='bbox 1425 1509 1809 1585; x_wconf 86' lang='lat' dir='ltr'>prophetiae,</span> <span class='ocrx_word' id='word_1_108' title='bbox 1846 1508 2005 1584; x_wconf 90' lang='lat' dir='ltr'>quod</span> <span class='ocrx_word' id='word_1_109' title='bbox 2040 1507 2339 1586; x_wconf 85' lang='lat' dir='ltr'>significet</span> <span class='ocrx_word' id='word_1_110' title='bbox 2367 1509 2547 1584; x_wconf 88' lang='lat' dir='ltr'>quod</span> 
     </span>
     <span class='ocr_line' id='line_1_13' title="bbox 411 1608 2539 1684; baseline 0 -15"><span class='ocrx_word' id='word_1_111' title='bbox 411 1610 501 1669; x_wconf 90' lang='lat' dir='ltr'>illi</span> <span class='ocrx_word' id='word_1_112' title='bbox 533 1612 742 1668; x_wconf 82' lang='lat' dir='ltr'>vivant</span> <span class='ocrx_word' id='word_1_113' title='bbox 768 1609 1094 1668; x_wconf 86' lang='lat' dir='ltr'>secundum</span> <span class='ocrx_word' id='word_1_114' title='bbox 1125 1609 1453 1667; x_wconf 86' lang='lat' dir='ltr'>doctrinam</span> <span class='ocrx_word' id='word_1_115' title='bbox 1488 1608 1671 1679; x_wconf 88' lang='lat' dir='ltr'>coeli,</span> <span class='ocrx_word' id='word_1_116' title='bbox 1710 1615 1945 1666; x_wconf 86' lang='lat' dir='ltr'>constat</span> <span class='ocrx_word' id='word_1_117' title='bbox 1982 1625 2055 1667; x_wconf 83' lang='lat' dir='ltr'>ex</span> <span class='ocrx_word' id='word_1_118' title='bbox 2090 1608 2539 1684; x_wconf 85' lang='lat' dir='ltr'>significatione</span> 
     </span>
     <span class='ocr_line' id='line_1_14' title="bbox 416 1694 2533 1786; baseline 0 -18"><span class='ocrx_word' id='word_1_119' title='bbox 416 1694 642 1784; x_wconf 76' lang='lat' dir='ltr'>audire,</span> <span class='ocrx_word' id='word_1_120' title='bbox 685 1709 844 1786; x_wconf 89' lang='lat' dir='ltr'>quod</span> <span class='ocrx_word' id='word_1_121' title='bbox 879 1712 958 1767; x_wconf 86' lang='lat' dir='ltr'>sit</span> <span class='ocrx_word' id='word_1_122' title='bbox 981 1710 1294 1786; x_wconf 88' lang='lat' dir='ltr'>percipere</span> <span class='ocrx_word' id='word_1_123' title='bbox 1327 1715 1389 1768; x_wconf 90' lang='lat' dir='ltr'>et</span> <span class='ocrx_word' id='word_1_124' title='bbox 1416 1709 1679 1783; x_wconf 90' lang='lat' dir='ltr'>obedire,</span> <span class='ocrx_word' id='word_1_125' title='bbox 1720 1708 1793 1766; x_wconf 91' lang='lat' dir='ltr'>de</span> <span class='ocrx_word' id='word_1_126' title='bbox 1823 1726 1941 1785; x_wconf 87' lang='lat' dir='ltr'>qua</span> <span class='ocrx_word' id='word_1_127' title='bbox 1964 1727 2025 1770; x_wconf 84' lang='lat' dir='ltr'>n:</span> <span class='ocrx_word' id='word_1_128' title='bbox 2060 1711 2533 1769; x_wconf 83' lang='lat'><strong>2542..3869.</strong></span> 
     </span>
     <span class='ocr_line' id='line_1_15' title="bbox 421 1811 2529 1885; baseline 0 -17"><span class='ocrx_word' id='word_1_129' title='bbox 421 1812 637 1870; x_wconf 86' lang='lat'>4653.</span> <span class='ocrx_word' id='word_1_130' title='bbox 684 1811 892 1869; x_wconf 97' lang='grc'><strong>5017.</strong></span> <span class='ocrx_word' id='word_1_131' title='bbox 939 1811 1146 1868; x_wconf 91' lang='grc'><strong>7216.</strong></span> <span class='ocrx_word' id='word_1_132' title='bbox 1195 1811 1405 1869; x_wconf 88' lang='grc'><strong>8361.</strong></span> <span class='ocrx_word' id='word_1_133' title='bbox 1452 1811 1664 1868; x_wconf 86' lang='grc'><strong>8990.</strong></span> <span class='ocrx_word' id='word_1_134' title='bbox 1723 1811 1935 1868; x_wconf 87' lang='grc'><strong>9311.</strong></span> <span class='ocrx_word' id='word_1_135' title='bbox 1995 1812 2529 1885; x_wconf 84' lang='grc'><strong>9397.10061,</strong></span> 
     </span>
     <span class='ocr_line' id='line_1_16' title="bbox 415 1909 2529 1988; baseline -0 -19"><span class='ocrx_word' id='word_1_136' title='bbox 415 1912 500 1969; x_wconf 89' lang='lat' dir='ltr'>ita</span> <span class='ocrx_word' id='word_1_137' title='bbox 537 1927 772 1988; x_wconf 89' lang='lat' dir='ltr'>quoque</span> <span class='ocrx_word' id='word_1_138' title='bbox 808 1912 1013 1969; x_wconf 84' lang='lat' dir='ltr'>vivere</span> <span class='ocrx_word' id='word_1_139' title='bbox 1051 1909 1381 1969; x_wconf 89' lang='lat' dir='ltr'>seeundum</span> <span class='ocrx_word' id='word_1_140' title='bbox 1414 1909 1515 1984; x_wconf 82' lang='lat' dir='ltr'>id,</span> <span class='ocrx_word' id='word_1_141' title='bbox 1579 1927 1716 1969; x_wconf 86' lang='lat' dir='ltr'>nam</span> <span class='ocrx_word' id='word_1_142' title='bbox 1759 1913 1861 1986; x_wconf 90' lang='lat' dir='ltr'>qui</span> <span class='ocrx_word' id='word_1_143' title='bbox 1895 1913 2237 1988; x_wconf 86' lang='lat' dir='ltr'>percipiunt</span> <span class='ocrx_word' id='word_1_144' title='bbox 2272 1915 2333 1969; x_wconf 90' lang='lat' dir='ltr'>et</span> <span class='ocrx_word' id='word_1_145' title='bbox 2372 1911 2529 1968; x_wconf 66' lang='lat' dir='ltr'>obo-</span> 
     </span>
     <span class='ocr_line' id='line_1_17' title="bbox 355 2010 2530 2087; baseline -0.001 -15"><span class='ocrx_word' id='word_1_146' title='bbox 355 2066 362 2072; x_wconf 90' lang='lat'><strong>.</strong></span> <span class='ocrx_word' id='word_1_147' title='bbox 419 2012 616 2083; x_wconf 87' lang='lat' dir='ltr'>diunt,</span> <span class='ocrx_word' id='word_1_148' title='bbox 665 2011 753 2069; x_wconf 90' lang='lat' dir='ltr'>illi</span> <span class='ocrx_word' id='word_1_149' title='bbox 787 2012 998 2069; x_wconf 87' lang='lat' dir='ltr'>vivunt</span> <span class='ocrx_word' id='word_1_150' title='bbox 1032 2011 1359 2070; x_wconf 89' lang='lat' dir='ltr'>secundum</span> <span class='ocrx_word' id='word_1_151' title='bbox 1394 2010 1484 2086; x_wconf 85' lang='lat' dir='ltr'>id3</span> <span class='ocrx_word' id='word_1_152' title='bbox 1525 2018 1588 2068; x_wconf 91' lang='lat' dir='ltr'>et</span> <span class='ocrx_word' id='word_1_153' title='bbox 1624 2028 1699 2068; x_wconf 87' lang='lat' dir='ltr'>ex</span> <span class='ocrx_word' id='word_1_154' title='bbox 1736 2011 2165 2087; x_wconf 86' lang='lat' dir='ltr'>significatione</span> <span class='ocrx_word' id='word_1_155' title='bbox 2202 2012 2530 2070; x_wconf 83' lang='lat' dir='ltr'>verborum</span> 
     </span>
     <span class='ocr_line' id='line_1_18' title="bbox 414 2110 2525 2188; baseline 0.002 -20"><span class='ocrx_word' id='word_1_156' title='bbox 414 2111 804 2188; x_wconf 87' lang='lat' dir='ltr'>prophetiae,</span> <span class='ocrx_word' id='word_1_157' title='bbox 857 2111 1016 2186; x_wconf 75' lang='lat' dir='ltr'>quod</span> <span class='ocrx_word' id='word_1_158' title='bbox 1051 2112 1168 2169; x_wconf 89' lang='lat' dir='ltr'>sint</span> <span class='ocrx_word' id='word_1_159' title='bbox 1197 2128 1345 2169; x_wconf 86' lang='lat' dir='ltr'>vera</span> <span class='ocrx_word' id='word_1_160' title='bbox 1374 2127 1527 2187; x_wconf 87' lang='lat' dir='ltr'>quae</span> <span class='ocrx_word' id='word_1_161' title='bbox 1564 2110 1869 2170; x_wconf 87' lang='lat' dir='ltr'>doctrinae</span> <span class='ocrx_word' id='word_1_162' title='bbox 1906 2112 2083 2187; x_wconf 86' lang='grc'><strong>606115</strong></span> <span class='ocrx_word' id='word_1_163' title='bbox 2138 2112 2325 2172; x_wconf 84' lang='lat' dir='ltr'>verba</span> <span class='ocrx_word' id='word_1_164' title='bbox 2366 2113 2525 2172; x_wconf 86' lang='lat' dir='ltr'>enim</span> 
     </span>
     <span class='ocr_line' id='line_1_19' title="bbox 413 2205 2519 2288; baseline 0 -18"><span class='ocrx_word' id='word_1_165' title='bbox 413 2218 556 2270; x_wconf 85' lang='lat' dir='ltr'>sunt</span> <span class='ocrx_word' id='word_1_166' title='bbox 589 2229 764 2283; x_wconf 81' lang='lat' dir='ltr'>vera,</span> <span class='ocrx_word' id='word_1_167' title='bbox 823 2230 880 2268; x_wconf 85' lang='lat' dir='ltr'>n:</span> <span class='ocrx_word' id='word_1_168' title='bbox 923 2213 1136 2269; x_wconf 89' lang='grc'><strong>4692.</strong></span> <span class='ocrx_word' id='word_1_169' title='bbox 1208 2213 1429 2286; x_wconf 89' lang='grc'><strong>50755</strong></span> <span class='ocrx_word' id='word_1_170' title='bbox 1478 2205 1557 2270; x_wconf 65' lang='lat' dir='ltr'>&#39;et</span> <span class='ocrx_word' id='word_1_171' title='bbox 1599 2213 1921 2288; x_wconf 89' lang='lat' dir='ltr'>prophetia</span> <span class='ocrx_word' id='word_1_172' title='bbox 1968 2219 2060 2270; x_wconf 85' lang='lat' dir='ltr'>est</span> <span class='ocrx_word' id='word_1_173' title='bbox 2108 2213 2400 2287; x_wconf 88' lang='lat' dir='ltr'>doctrina,</span> <span class='ocrx_word' id='word_1_174' title='bbox 2456 2230 2519 2271; x_wconf 88' lang='lat' dir='ltr'>n:</span> 
     </span>
     <span class='ocr_line' id='line_1_20' title="bbox 416 2310 2519 2389; baseline -0.001 -17"><span class='ocrx_word' id='word_1_175' title='bbox 416 2314 632 2372; x_wconf 78' lang='lat'>2534.</span> <span class='ocrx_word' id='word_1_176' title='bbox 704 2314 926 2383; x_wconf 87' lang='grc'><strong>7269,</strong></span> <span class='ocrx_word' id='word_1_177' title='bbox 988 2311 1085 2369; x_wconf 88' lang='lat' dir='ltr'>hic</span> <span class='ocrx_word' id='word_1_178' title='bbox 1122 2310 1390 2370; x_wconf 87' lang='lat' dir='ltr'>doctrina</span> <span class='ocrx_word' id='word_1_179' title='bbox 1425 2313 1609 2386; x_wconf 90' lang='lat' dir='ltr'>coeli,</span> <span class='ocrx_word' id='word_1_180' title='bbox 1652 2316 1793 2389; x_wconf 87' lang='lat' dir='ltr'>quia</span> <span class='ocrx_word' id='word_1_181' title='bbox 1842 2319 1937 2372; x_wconf 89' lang='lat' dir='ltr'>est</span> <span class='ocrx_word' id='word_1_182' title='bbox 1980 2313 2299 2389; x_wconf 85' lang='lat' dir='ltr'>prophetia</span> <span class='ocrx_word' id='word_1_183' title='bbox 2332 2312 2519 2372; x_wconf 85' lang='lat' dir='ltr'>Verbi</span> 
     </span>
     <span class='ocr_line' id='line_1_21' title="bbox 417 2411 2515 2490; baseline 0 -20"><span class='ocrx_word' id='word_1_184' title='bbox 417 2413 576 2490; x_wconf 89' lang='lat' dir='ltr'>quod</span> <span class='ocrx_word' id='word_1_185' title='bbox 613 2430 646 2472; x_wconf 94' lang='lat' dir='ltr'>e</span> <span class='ocrx_word' id='word_1_186' title='bbox 683 2411 850 2470; x_wconf 85' lang='lat' dir='ltr'>coelo</span> <span class='ocrx_word' id='word_1_187' title='bbox 890 2418 998 2470; x_wconf 87' lang='lat' dir='ltr'>est.</span> <span class='ocrx_word' id='word_1_188' title='bbox 1057 2411 1231 2488; x_wconf 86' lang='lat' dir='ltr'>Quod</span> <span class='ocrx_word' id='word_1_189' title='bbox 1266 2413 1472 2472; x_wconf 88' lang='lat' dir='ltr'>audire</span> <span class='ocrx_word' id='word_1_190' title='bbox 1512 2416 1589 2471; x_wconf 91' lang='lat' dir='ltr'>sit</span> <span class='ocrx_word' id='word_1_191' title='bbox 1616 2413 1859 2472; x_wconf 90' lang='lat' dir='ltr'>obedire</span> <span class='ocrx_word' id='word_1_192' title='bbox 1898 2420 1958 2484; x_wconf 80' lang='lat' dir='ltr'>et</span> <span class='ocrx_word' id='word_1_193' title='bbox 1985 2416 2219 2488; x_wconf 89' lang='lat' dir='ltr'>vivere,</span> <span class='ocrx_word' id='word_1_194' title='bbox 2260 2419 2351 2472; x_wconf 87' lang='lat' dir='ltr'>est</span> <span class='ocrx_word' id='word_1_195' title='bbox 2376 2416 2515 2490; x_wconf 89' lang='lat' dir='ltr'>quia</span> 
     </span>
    </p>
   </div>
   <div class='ocr_carea' id='block_1_3' title="bbox 293 2513 2509 2590">
    <p class='ocr_par' dir='ltr' id='par_1_5' title="bbox 293 2513 2509 2590">
     <span class='ocr_line' id='line_1_22' title="bbox 293 2513 2509 2590; baseline -0 -17"><span class='ocrx_word' id='word_1_196' title='bbox 293 2534 297 2539; x_wconf 94' lang='lat'>·</span> <span class='ocrx_word' id='word_1_197' title='bbox 411 2514 517 2573; x_wconf 89' lang='lat' dir='ltr'>illa</span> <span class='ocrx_word' id='word_1_198' title='bbox 553 2531 707 2590; x_wconf 85' lang='lat' dir='ltr'>quae</span> <span class='ocrx_word' id='word_1_199' title='bbox 759 2513 1103 2588; x_wconf 85' lang='lat' dir='ltr'>audiuntur,</span> <span class='ocrx_word' id='word_1_200' title='bbox 1161 2513 1322 2590; x_wconf 90' lang='lat' dir='ltr'>apud</span> <span class='ocrx_word' id='word_1_201' title='bbox 1372 2514 1667 2572; x_wconf 88' lang='lat' dir='ltr'>coelestes</span> <span class='ocrx_word' id='word_1_202' title='bbox 1721 2514 1986 2590; x_wconf 84' lang='lat' dir='ltr'>Angelos</span> <span class='ocrx_word' id='word_1_203' title='bbox 2031 2517 2254 2572; x_wconf 85' lang='lat' dir='ltr'>intrant</span> <span class='ocrx_word' id='word_1_204' title='bbox 2298 2515 2509 2589; x_wconf 83' lang='lat' dir='ltr'>vitam3</span> 
     </span>
    </p>
   </div>
   <div class='ocr_carea' id='block_1_4' title="bbox 391 2614 2512 4297">
    <p class='ocr_par' dir='ltr' id='par_1_6' title="bbox 391 2614 2512 4297">
     <span class='ocr_line' id='line_1_23' title="bbox 411 2614 2512 2690; baseline -0 -16"><span class='ocrx_word' id='word_1_205' title='bbox 411 2616 523 2674; x_wconf 82' lang='lat' dir='ltr'>sed</span> <span class='ocrx_word' id='word_1_206' title='bbox 555 2615 670 2673; x_wconf 91' lang='lat' dir='ltr'>hoc</span> <span class='ocrx_word' id='word_1_207' title='bbox 711 2617 853 2690; x_wconf 90' lang='lat' dir='ltr'>quia</span> <span class='ocrx_word' id='word_1_208' title='bbox 885 2617 1152 2690; x_wconf 85' lang='lat' dir='ltr'>ignotum</span> <span class='ocrx_word' id='word_1_209' title='bbox 1191 2621 1318 2686; x_wconf 89' lang='lat' dir='ltr'>est,</span> <span class='ocrx_word' id='word_1_210' title='bbox 1374 2615 1554 2673; x_wconf 88' lang='lat' dir='ltr'>velim</span> <span class='ocrx_word' id='word_1_211' title='bbox 1580 2617 1793 2690; x_wconf 83' lang='lat' dir='ltr'>paucis</span> <span class='ocrx_word' id='word_1_212' title='bbox 1829 2614 2166 2673; x_wconf 87' lang='lat' dir='ltr'>illustrare:</span> <span class='ocrx_word' id='word_1_213' title='bbox 2222 2619 2358 2672; x_wconf 81' lang='lat' dir='ltr'>sunt</span> <span class='ocrx_word' id='word_1_214' title='bbox 2393 2615 2512 2674; x_wconf 86' lang='lat' dir='ltr'>bini</span> 
     </span>
     <span class='ocr_line' id='line_1_24' title="bbox 415 2713 2506 2792; baseline -0.001 -17"><span class='ocrx_word' id='word_1_215' title='bbox 415 2732 630 2775; x_wconf 86' lang='lat' dir='ltr'>sensus</span> <span class='ocrx_word' id='word_1_216' title='bbox 666 2715 891 2774; x_wconf 85' lang='lat' dir='ltr'>homini</span> <span class='ocrx_word' id='word_1_217' title='bbox 927 2713 1081 2790; x_wconf 88' lang='lat' dir='ltr'>dati,</span> <span class='ocrx_word' id='word_1_218' title='bbox 1140 2717 1241 2791; x_wconf 90' lang='lat' dir='ltr'>qui</span> <span class='ocrx_word' id='word_1_219' title='bbox 1273 2717 1607 2773; x_wconf 86' lang='lat' dir='ltr'>inserviunt</span> <span class='ocrx_word' id='word_1_220' title='bbox 1640 2732 1750 2790; x_wconf 88' lang='lat' dir='ltr'>pro</span> <span class='ocrx_word' id='word_1_221' title='bbox 1786 2714 1997 2774; x_wconf 84' lang='lat' dir='ltr'>mediis</span> <span class='ocrx_word' id='word_1_222' title='bbox 2034 2715 2358 2792; x_wconf 88' lang='lat' dir='ltr'>recipiendi</span> <span class='ocrx_word' id='word_1_223' title='bbox 2388 2714 2506 2791; x_wconf 90' lang='lat' dir='ltr'>illa,</span> 
     </span>
     <span class='ocr_line' id='line_1_25' title="bbox 409 2814 2507 2892; baseline 0 -18"><span class='ocrx_word' id='word_1_224' title='bbox 409 2833 521 2892; x_wconf 91' lang='lat' dir='ltr'>per</span> <span class='ocrx_word' id='word_1_225' title='bbox 559 2834 712 2891; x_wconf 87' lang='lat' dir='ltr'>quae</span> <span class='ocrx_word' id='word_1_226' title='bbox 749 2814 1041 2873; x_wconf 80' lang='lat' dir='ltr'>‘rationale</span> <span class='ocrx_word' id='word_1_227' title='bbox 1082 2816 1403 2892; x_wconf 85' lang='lat' dir='ltr'>formatur,</span> <span class='ocrx_word' id='word_1_228' title='bbox 1471 2823 1533 2873; x_wconf 89' lang='lat' dir='ltr'>et</span> <span class='ocrx_word' id='word_1_229' title='bbox 1571 2832 1809 2891; x_wconf 87' lang='lat' dir='ltr'>quoque</span> <span class='ocrx_word' id='word_1_230' title='bbox 1854 2814 1961 2873; x_wconf 90' lang='lat' dir='ltr'>illa</span> <span class='ocrx_word' id='word_1_231' title='bbox 2008 2833 2119 2891; x_wconf 88' lang='lat' dir='ltr'>per</span> <span class='ocrx_word' id='word_1_232' title='bbox 2155 2833 2305 2892; x_wconf 86' lang='lat' dir='ltr'>quae</span> <span class='ocrx_word' id='word_1_233' title='bbox 2339 2815 2507 2874; x_wconf 88' lang='lat' dir='ltr'>homo</span> 
     </span>
     <span class='ocr_line' id='line_1_26' title="bbox 411 2915 2503 2992; baseline 0.001 -20"><span class='ocrx_word' id='word_1_234' title='bbox 411 2917 790 2982; x_wconf 82' lang='lat' dir='ltr'>reformatur,</span> <span class='ocrx_word' id='word_1_235' title='bbox 816 2931 1032 2989; x_wconf 89' lang='lat' dir='ltr'>nempe</span> <span class='ocrx_word' id='word_1_236' title='bbox 1070 2931 1282 2972; x_wconf 88' lang='lat' dir='ltr'>sensus</span> <span class='ocrx_word' id='word_1_237' title='bbox 1308 2917 1475 2974; x_wconf 88' lang='lat' dir='ltr'>visus</span> <span class='ocrx_word' id='word_1_238' title='bbox 1500 2922 1559 2974; x_wconf 89' lang='lat' dir='ltr'>et</span> <span class='ocrx_word' id='word_1_239' title='bbox 1580 2931 1794 2972; x_wconf 85' lang='lat' dir='ltr'>sensus</span> <span class='ocrx_word' id='word_1_240' title='bbox 1828 2915 2085 2990; x_wconf 78' lang='lat' dir='ltr'>auditne,</span> <span class='ocrx_word' id='word_1_241' title='bbox 2129 2916 2341 2992; x_wconf 88' lang='lat' dir='ltr'>reliqui</span> <span class='ocrx_word' id='word_1_242' title='bbox 2368 2931 2503 2991; x_wconf 80' lang='lat' dir='ltr'>sen—</span> 
     </span>
     <span class='ocr_line' id='line_1_27' title="bbox 415 3012 2503 3092; baseline 0.001 -20"><span class='ocrx_word' id='word_1_243' title='bbox 415 3031 518 3072; x_wconf 90' lang='lat' dir='ltr'>sus</span> <span class='ocrx_word' id='word_1_244' title='bbox 555 3031 667 3090; x_wconf 90' lang='lat' dir='ltr'>pro</span> <span class='ocrx_word' id='word_1_245' title='bbox 705 3014 837 3071; x_wconf 87' lang='lat' dir='ltr'>aliis</span> <span class='ocrx_word' id='word_1_246' title='bbox 872 3012 1083 3072; x_wconf 87' lang='lat' dir='ltr'>usibus</span> <span class='ocrx_word' id='word_1_247' title='bbox 1117 3023 1284 3090; x_wconf 71' lang='lat' dir='ltr'>sunt,</span> <span class='ocrx_word' id='word_1_248' title='bbox 1334 3015 1442 3074; x_wconf 89' lang='lat' dir='ltr'>illa</span> <span class='ocrx_word' id='word_1_249' title='bbox 1478 3032 1631 3091; x_wconf 90' lang='lat' dir='ltr'>quae</span> <span class='ocrx_word' id='word_1_250' title='bbox 1660 3017 1879 3074; x_wconf 86' lang='lat' dir='ltr'>intrant</span> <span class='ocrx_word' id='word_1_251' title='bbox 1912 3034 2023 3092; x_wconf 89' lang='lat' dir='ltr'>per</span> <span class='ocrx_word' id='word_1_252' title='bbox 2050 3033 2294 3076; x_wconf 87' lang='lat' dir='ltr'>sensum</span> <span class='ocrx_word' id='word_1_253' title='bbox 2327 3018 2503 3088; x_wconf 60' lang='grc'><strong>116116,</strong></span> 
     </span>
     <span class='ocr_line' id='line_1_28' title="bbox 412 3114 2500 3192; baseline 0.001 -21"><span class='ocrx_word' id='word_1_254' title='bbox 412 3117 637 3172; x_wconf 85' lang='lat' dir='ltr'>intrant</span> <span class='ocrx_word' id='word_1_255' title='bbox 669 3117 732 3171; x_wconf 89' lang='lat' dir='ltr'>in</span> <span class='ocrx_word' id='word_1_256' title='bbox 769 3114 898 3188; x_wconf 88' lang='lat' dir='ltr'>ejus</span> <span class='ocrx_word' id='word_1_257' title='bbox 935 3114 1340 3188; x_wconf 89' lang='lat' dir='ltr'>intellectum,</span> <span class='ocrx_word' id='word_1_258' title='bbox 1394 3122 1455 3174; x_wconf 89' lang='lat' dir='ltr'>et</span> <span class='ocrx_word' id='word_1_259' title='bbox 1498 3134 1634 3174; x_wconf 89' lang='lat' dir='ltr'>eum</span> <span class='ocrx_word' id='word_1_260' title='bbox 1672 3115 2005 3191; x_wconf 87' lang='lat' dir='ltr'>illustrant,</span> <span class='ocrx_word' id='word_1_261' title='bbox 2056 3134 2243 3192; x_wconf 88' lang='lat' dir='ltr'>quare</span> <span class='ocrx_word' id='word_1_262' title='bbox 2278 3135 2382 3192; x_wconf 90' lang='lat' dir='ltr'>per</span> <span class='ocrx_word' id='word_1_263' title='bbox 2412 3119 2500 3174; x_wconf 81' lang='lat' dir='ltr'>vi-</span> 
     </span>
     <span class='ocr_line' id='line_1_29' title="bbox 411 3212 2503 3293; baseline 0 -20"><span class='ocrx_word' id='word_1_264' title='bbox 411 3232 548 3273; x_wconf 85' lang='lat' dir='ltr'>sum</span> <span class='ocrx_word' id='word_1_265' title='bbox 609 3212 972 3289; x_wconf 83' lang='lat' dir='ltr'>significatur</span> <span class='ocrx_word' id='word_1_266' title='bbox 1029 3215 1369 3274; x_wconf 86' lang='lat' dir='ltr'>intellectus</span> <span class='ocrx_word' id='word_1_267' title='bbox 1421 3216 1790 3290; x_wconf 88' lang='lat' dir='ltr'>illustratus,</span> <span class='ocrx_word' id='word_1_268' title='bbox 1878 3218 2303 3293; x_wconf 80' lang='lat' dir='ltr'>correspondet</span> <span class='ocrx_word' id='word_1_269' title='bbox 2357 3218 2503 3276; x_wconf 89' lang='lat' dir='ltr'>enim</span> 
     </span>
     <span class='ocr_line' id='line_1_30' title="bbox 411 3315 2499 3392; baseline 0.002 -20"><span class='ocrx_word' id='word_1_270' title='bbox 411 3315 756 3374; x_wconf 88' lang='lat' dir='ltr'>intellectus</span> <span class='ocrx_word' id='word_1_271' title='bbox 791 3316 950 3373; x_wconf 82' lang='lat' dir='ltr'>visui</span> <span class='ocrx_word' id='word_1_272' title='bbox 985 3315 1176 3385; x_wconf 90' lang='lat' dir='ltr'>oculi,</span> <span class='ocrx_word' id='word_1_273' title='bbox 1228 3318 1385 3374; x_wconf 88' lang='lat' dir='ltr'>sicut</span> <span class='ocrx_word' id='word_1_274' title='bbox 1418 3316 1524 3374; x_wconf 81' lang='lat' dir='ltr'>lux</span> <span class='ocrx_word' id='word_1_275' title='bbox 1560 3315 1713 3375; x_wconf 88' lang='lat' dir='ltr'>coeli</span> <span class='ocrx_word' id='word_1_276' title='bbox 1753 3316 1875 3374; x_wconf 89' lang='lat' dir='ltr'>luci</span> <span class='ocrx_word' id='word_1_277' title='bbox 1902 3317 2137 3392; x_wconf 86' lang='lat' dir='ltr'>mundi3</span> <span class='ocrx_word' id='word_1_278' title='bbox 2174 3317 2279 3376; x_wconf 88' lang='lat' dir='ltr'>illa</span> <span class='ocrx_word' id='word_1_279' title='bbox 2314 3323 2499 3376; x_wconf 86' lang='lat' dir='ltr'>autem</span> 
     </span>
     <span class='ocr_line' id='line_1_31' title="bbox 411 3416 2499 3491; baseline 0.001 -18"><span class='ocrx_word' id='word_1_280' title='bbox 411 3433 566 3491; x_wconf 88' lang='lat' dir='ltr'>quae</span> <span class='ocrx_word' id='word_1_281' title='bbox 618 3417 838 3472; x_wconf 87' lang='lat' dir='ltr'>intrant</span> <span class='ocrx_word' id='word_1_282' title='bbox 887 3433 1000 3490; x_wconf 91' lang='lat' dir='ltr'>per</span> <span class='ocrx_word' id='word_1_283' title='bbox 1047 3433 1290 3476; x_wconf 87' lang='lat' dir='ltr'>sensum</span> <span class='ocrx_word' id='word_1_284' title='bbox 1343 3416 1612 3491; x_wconf 89' lang='lat' dir='ltr'>auditus,</span> <span class='ocrx_word' id='word_1_285' title='bbox 1677 3418 1902 3474; x_wconf 88' lang='lat' dir='ltr'>intrant</span> <span class='ocrx_word' id='word_1_286' title='bbox 1937 3419 1999 3475; x_wconf 88' lang='lat' dir='ltr'>in</span> <span class='ocrx_word' id='word_1_287' title='bbox 2042 3418 2399 3478; x_wconf 86' lang='lat' dir='ltr'>intellectum</span> <span class='ocrx_word' id='word_1_288' title='bbox 2442 3424 2499 3476; x_wconf 91' lang='lat' dir='ltr'>et</span> 
     </span>
     <span class='ocr_line' id='line_1_32' title="bbox 411 3515 2493 3594; baseline 0 -19"><span class='ocrx_word' id='word_1_289' title='bbox 411 3516 590 3577; x_wconf 87' lang='lat' dir='ltr'>simul</span> <span class='ocrx_word' id='word_1_290' title='bbox 637 3517 698 3574; x_wconf 89' lang='lat' dir='ltr'>in</span> <span class='ocrx_word' id='word_1_291' title='bbox 741 3515 1146 3592; x_wconf 86' lang='lat' dir='ltr'>voluntatem,</span> <span class='ocrx_word' id='word_1_292' title='bbox 1215 3533 1403 3592; x_wconf 89' lang='lat' dir='ltr'>quare</span> <span class='ocrx_word' id='word_1_293' title='bbox 1463 3533 1573 3592; x_wconf 90' lang='lat' dir='ltr'>per</span> <span class='ocrx_word' id='word_1_294' title='bbox 1626 3516 1897 3575; x_wconf 84' lang='lat' dir='ltr'>auditum</span> <span class='ocrx_word' id='word_1_295' title='bbox 1948 3518 2315 3594; x_wconf 87' lang='lat' dir='ltr'>significatur</span> <span class='ocrx_word' id='word_1_296' title='bbox 2360 3535 2493 3594; x_wconf 89' lang='lat' dir='ltr'>per-</span> 
     </span>
     <span class='ocr_line' id='line_1_33' title="bbox 391 3615 2496 3695; baseline -0 -18"><span class='ocrx_word' id='word_1_297' title='bbox 391 3619 605 3694; x_wconf 87' lang='lat' dir='ltr'>-ceptio</span> <span class='ocrx_word' id='word_1_298' title='bbox 642 3623 704 3676; x_wconf 89' lang='lat' dir='ltr'>et</span> <span class='ocrx_word' id='word_1_299' title='bbox 745 3615 1118 3692; x_wconf 70' lang='lat' dir='ltr'>obedientia,</span> <span class='ocrx_word' id='word_1_300' title='bbox 1171 3617 1308 3675; x_wconf 87' lang='lat' dir='ltr'>inde</span> <span class='ocrx_word' id='word_1_301' title='bbox 1367 3624 1461 3676; x_wconf 89' lang='lat' dir='ltr'>est</span> <span class='ocrx_word' id='word_1_302' title='bbox 1508 3617 1665 3692; x_wconf 90' lang='lat' dir='ltr'>quod</span> <span class='ocrx_word' id='word_1_303' title='bbox 1712 3619 1773 3674; x_wconf 91' lang='lat' dir='ltr'>in</span> <span class='ocrx_word' id='word_1_304' title='bbox 1821 3617 2067 3695; x_wconf 87' lang='lat' dir='ltr'>Linguis</span> <span class='ocrx_word' id='word_1_305' title='bbox 2102 3619 2367 3677; x_wconf 83' lang='lat' dir='ltr'>humanis</span> <span class='ocrx_word' id='word_1_306' title='bbox 2400 3633 2496 3676; x_wconf 88' lang='lat' dir='ltr'>re-</span> 
     </span>
     <span class='ocr_line' id='line_1_34' title="bbox 407 3713 2493 3807; baseline -0.001 -30"><span class='ocrx_word' id='word_1_307' title='bbox 407 3713 647 3794; x_wconf 78' lang='lat' dir='ltr'>ceptum</span> <span class='ocrx_word' id='word_1_308' title='bbox 709 3719 786 3775; x_wconf 87' lang='lat' dir='ltr'>sit</span> <span class='ocrx_word' id='word_1_309' title='bbox 841 3713 1040 3776; x_wconf 84' lang='lat' dir='ltr'>dicere</span> <span class='ocrx_word' id='word_1_310' title='bbox 1093 3716 1300 3775; x_wconf 86' lang='lat' dir='ltr'>audire</span> <span class='ocrx_word' id='word_1_311' title='bbox 1347 3717 1611 3791; x_wconf 90' lang='lat' dir='ltr'>aliquem</span> <span class='ocrx_word' id='word_1_312' title='bbox 1662 3723 1723 3774; x_wconf 89' lang='lat' dir='ltr'>et</span> <span class='ocrx_word' id='word_1_313' title='bbox 1773 3735 2011 3794; x_wconf 89' lang='lat' dir='ltr'>quoque</span> <span class='ocrx_word' id='word_1_314' title='bbox 2062 3719 2279 3807; x_wconf 66' lang='lat' dir='ltr'>audire</span> <span class='ocrx_word' id='word_1_315' title='bbox 2314 3718 2493 3792; x_wconf 88' lang='lat' dir='ltr'>alicui,</span> 
     </span>
     <span class='ocr_line' id='line_1_35' title="bbox 405 3816 2495 3895; baseline 0 -19"><span class='ocrx_word' id='word_1_316' title='bbox 405 3825 534 3876; x_wconf 86' lang='lat' dir='ltr'>tum</span> <span class='ocrx_word' id='word_1_317' title='bbox 572 3818 820 3876; x_wconf 85' lang='lat' dir='ltr'>audiens</span> <span class='ocrx_word' id='word_1_318' title='bbox 859 3834 1027 3891; x_wconf 88' lang='lat' dir='ltr'>esse,</span> <span class='ocrx_word' id='word_1_319' title='bbox 1070 3823 1130 3876; x_wconf 89' lang='lat' dir='ltr'>et</span> <span class='ocrx_word' id='word_1_320' title='bbox 1157 3816 1535 3892; x_wconf 85' lang='lat' dir='ltr'>auscultare,</span> <span class='ocrx_word' id='word_1_321' title='bbox 1576 3822 1639 3876; x_wconf 90' lang='lat' dir='ltr'>et</span> <span class='ocrx_word' id='word_1_322' title='bbox 1662 3833 1774 3892; x_wconf 90' lang='lat' dir='ltr'>per</span> <span class='ocrx_word' id='word_1_323' title='bbox 1802 3818 2011 3878; x_wconf 84' lang='lat' dir='ltr'>audire</span> <span class='ocrx_word' id='word_1_324' title='bbox 2040 3818 2297 3895; x_wconf 87' lang='lat' dir='ltr'>aliquem</span> <span class='ocrx_word' id='word_1_325' title='bbox 2328 3818 2495 3877; x_wconf 86' lang='lat' dir='ltr'>intel-</span> 
     </span>
     <span class='ocr_line' id='line_1_36' title="bbox 405 3916 2496 3995; baseline 0.001 -21"><span class='ocrx_word' id='word_1_326' title='bbox 405 3916 610 3992; x_wconf 83' lang='lat' dir='ltr'>ligitur</span> <span class='ocrx_word' id='word_1_327' title='bbox 643 3919 987 3992; x_wconf 89' lang='lat' dir='ltr'>percipere,</span> <span class='ocrx_word' id='word_1_328' title='bbox 1045 3924 1106 3975; x_wconf 91' lang='lat' dir='ltr'>at</span> <span class='ocrx_word' id='word_1_329' title='bbox 1141 3934 1252 3994; x_wconf 91' lang='lat' dir='ltr'>per</span> <span class='ocrx_word' id='word_1_330' title='bbox 1287 3916 1496 3975; x_wconf 90' lang='lat' dir='ltr'>audire</span> <span class='ocrx_word' id='word_1_331' title='bbox 1534 3917 1717 3976; x_wconf 85' lang='lat' dir='ltr'>alicui</span> <span class='ocrx_word' id='word_1_332' title='bbox 1750 3918 2105 3995; x_wconf 86' lang='lat' dir='ltr'>intelligitur</span> <span class='ocrx_word' id='word_1_333' title='bbox 2140 3918 2396 3993; x_wconf 88' lang='lat' dir='ltr'>obedire,</span> <span class='ocrx_word' id='word_1_334' title='bbox 2430 3925 2496 3977; x_wconf 89' lang='lat' dir='ltr'>ut</span> 
     </span>
     <span class='ocr_line' id='line_1_37' title="bbox 405 4015 2497 4100; baseline 0.002 -26"><span class='ocrx_word' id='word_1_335' title='bbox 405 4021 471 4074; x_wconf 92' lang='lat' dir='ltr'>et</span> <span class='ocrx_word' id='word_1_336' title='bbox 514 4032 624 4092; x_wconf 90' lang='lat' dir='ltr'>per</span> <span class='ocrx_word' id='word_1_337' title='bbox 677 4015 924 4100; x_wconf 83' lang='lat' dir='ltr'>audiens</span> <span class='ocrx_word' id='word_1_338' title='bbox 979 4033 1145 4088; x_wconf 89' lang='lat' dir='ltr'>esse,</span> <span class='ocrx_word' id='word_1_339' title='bbox 1212 4033 1281 4074; x_wconf 86' lang='lat' dir='ltr'>ac</span> <span class='ocrx_word' id='word_1_340' title='bbox 1335 4023 1655 4093; x_wconf 87' lang='lat' dir='ltr'>utrumque</span> <span class='ocrx_word' id='word_1_341' title='bbox 1706 4035 1819 4093; x_wconf 88' lang='lat' dir='ltr'>per</span> <span class='ocrx_word' id='word_1_342' title='bbox 1870 4019 2241 4088; x_wconf 85' lang='lat' dir='ltr'>auscultare;</span> <span class='ocrx_word' id='word_1_343' title='bbox 2292 4019 2393 4078; x_wconf 89' lang='lat' dir='ltr'>hoc</span> <span class='ocrx_word' id='word_1_344' title='bbox 2434 4020 2497 4078; x_wconf 83' lang='lat' dir='ltr'>in</span> 
     </span>
     <span class='ocr_line' id='line_1_38' title="bbox 405 4115 2488 4196; baseline 0.001 -22"><span class='ocrx_word' id='word_1_345' title='bbox 405 4115 644 4191; x_wconf 79' lang='lat' dir='ltr'>linguas</span> <span class='ocrx_word' id='word_1_346' title='bbox 680 4115 970 4176; x_wconf 87' lang='lat' dir='ltr'>humanas</span> <span class='ocrx_word' id='word_1_347' title='bbox 1005 4119 1354 4176; x_wconf 84' lang='lat' dir='ltr'>immanavit</span> <span class='ocrx_word' id='word_1_348' title='bbox 1390 4135 1466 4176; x_wconf 85' lang='lat' dir='ltr'>ex</span> <span class='ocrx_word' id='word_1_349' title='bbox 1501 4117 1725 4176; x_wconf 87' lang='lat' dir='ltr'>Mundo</span> <span class='ocrx_word' id='word_1_350' title='bbox 1771 4121 2099 4195; x_wconf 86' lang='lat' dir='ltr'>spirituali,</span> <span class='ocrx_word' id='word_1_351' title='bbox 2136 4123 2200 4179; x_wconf 94' lang='lat' dir='ltr'>in</span> <span class='ocrx_word' id='word_1_352' title='bbox 2230 4137 2339 4196; x_wconf 91' lang='lat' dir='ltr'>quo</span> <span class='ocrx_word' id='word_1_353' title='bbox 2372 4120 2488 4195; x_wconf 91' lang='lat' dir='ltr'>spi-</span> 
     </span>
     <span class='ocr_line' id='line_1_39' title="bbox 407 4215 2486 4297; baseline 0.001 -24"><span class='ocrx_word' id='word_1_354' title='bbox 407 4217 557 4274; x_wconf 87' lang='lat' dir='ltr'>ritus</span> <span class='ocrx_word' id='word_1_355' title='bbox 592 4215 846 4274; x_wconf 87' lang='lat' dir='ltr'>hominis</span> <span class='ocrx_word' id='word_1_356' title='bbox 885 4225 992 4276; x_wconf 87' lang='lat' dir='ltr'>est.</span> <span class='ocrx_word' id='word_1_357' title='bbox 1076 4218 1197 4279; x_wconf 83' lang='lat' dir='ltr'>Sed</span> <span class='ocrx_word' id='word_1_358' title='bbox 1232 4218 1393 4278; x_wconf 90' lang='lat' dir='ltr'>unde</span> <span class='ocrx_word' id='word_1_359' title='bbox 1441 4219 1553 4277; x_wconf 91' lang='lat' dir='ltr'>hoc</span> <span class='ocrx_word' id='word_1_360' title='bbox 1606 4221 1669 4277; x_wconf 91' lang='lat' dir='ltr'>in</span> <span class='ocrx_word' id='word_1_361' title='bbox 1706 4220 2005 4296; x_wconf 85' lang='lat' dir='ltr'>spirituali</span> <span class='ocrx_word' id='word_1_362' title='bbox 2044 4219 2283 4297; x_wconf 89' lang='lat' dir='ltr'>mundo,</span> <span class='ocrx_word' id='word_1_363' title='bbox 2330 4221 2486 4279; x_wconf 82' lang='lat' dir='ltr'>etiam</span> 
     </span>
    </p>
   </div>
  </div>
 </body>
</html>
