2700 4792
367 365 608 422 CAPUT
647 366 946 422 PRIMUM.
1732 367 1943 424 VERS:
1991 379 2082 433 15,
2255 383 2325 434 33

49 498 77 540 Ρ
201 530 543 606 Βοοτιωμ
585 525 802 585 Noun
851 524 1336 584 Hmn-osoumn
1354 527 1502 601 ,οἱ
1546 525 1655 584 51.
1726 523 2025 602 Quoniam
2064 527 2327 592 nondum

205 636 422 688 notum
459 633 581 700 est,
658 623 820 700 quod
863 624 1078 700 Aquae
1129 627 1191 682 in
1234 623 1439 683 Verbo
1494 625 1825 700 significent
1879 644 2025 689 vera
2067 628 2209 690 fidei
2266 637 2329 691 et

205 729 605 804 cognitiones*
621 727 780 797 veri,
847 740 924 782 ex
968 739 1156 782 causa
1208 724 1483 784 fortassis
1532 726 1672 800 quia
1718 732 2012 786 remotum
2048 737 2323 806 apparet,

205 830 352 888 ideo
395 825 578 884 velim
617 826 828 901 paucis
876 823 974 882 hic
1022 823 1372 899 ostendere,
1436 824 1594 901 quod
1628 841 1743 900 per
1771 826 1979 902 Aquas
2026 829 2087 884 in
2122 827 2327 890 Verbo

205 929 320 988 illa
369 925 812 1001 intelligantur-3
880 923 1038 998 quod
1091 925 1269 982 etiam
1332 941 1654 1012 necessum
1710 934 1828 999 est,
1896 929 2035 1002 quia
2098 927 2327 1005 absque

211 1029 560 1104 cognitione
587 1023 732 1100 quid
759 1023 973 1098 Aquae
1009 1023 1361 1099 significant,
1402 1042 1521 1082 non
1560 1027 1701 1084 seiri
1734 1031 1936 1100 potest
1968 1027 2109 1102 quid
2137 1031 2326 1104 signi-

207 1127 360 1188 fieat
392 1125 778 1201 Baptismus,
833 1141 944 1182 nec
975 1121 1119 1199 quid
1154 1123 1521 1182 Lavationes
1558 1125 1619 1182 in
1656 1125 1931 1184 Ecclesia
1971 1125 2325 1205 Israelitica,

215 1245 474 1305 quarum
513 1226 734 1284 mentio
775 1225 952 1283 toties
989 1224 1073 1282 fit.
1143 1223 1369 1298 Aquae
1409 1223 1745 1300 significant
1782 1242 1929 1284 vera
1964 1223 2130 1302 fidei,
2187 1231 2331 1305 quia

210 1329 402 1386 Panis
445 1323 738 1401 signifieat
795 1323 1021 1382 bonum
1077 1324 1332 1396 amoris;
1404 1324 1565 1399 quod
1618 1341 1810 1400 aquae
1876 1331 1935 1384 et
1985 1329 2161 1402 panis
2222 1327 2329 1386 illa

215 1425 586 1502 significent,
641 1430 734 1482 est
771 1425 912 1499 quia
945 1422 1052 1480 illa
1091 1437 1244 1498 quae
1289 1428 1429 1481 sunt
1467 1425 1805 1483 nutritionis
1844 1427 2177 1500 spiritualis
2222 1445 2328 1486 ex-

221 1527 558 1603 primuntur
605 1526 662 1580 in
723 1539 907 1588 sensu
953 1522 1166 1581 literae
1219 1538 1330 1598 per
1388 1522 1533 1581 talia
1586 1541 1741 1600 quae
1804 1531 1945 1582 sunt
1988 1529 2328 1586 nutritionis

217 1622 539 1698 naturalis;
593 1623 808 1699 Aquae
840 1623 997 1680 enim
1034 1629 1094 1680 et
1131 1622 1347 1691 PaniS,
1399 1640 1511 1699 per
1552 1639 1709 1699 quae
1750 1623 2102 1700 intelligitur
2136 1627 2326 1686 omnis

201 1730 399 1804 ‚potus
436 1728 496 1782 et
545 1724 736 1782 omnis
791 1721 957 1780 cibus
1011 1723 1072 1780 in
1122 1737 1377 1796 genere,
1429 1725 1699 1782 nutriunt
1750 1738 1995 1799 eorpuS,
2058 1743 2131 1786 ae
2179 1715 2329 1786 vera

209 1826 358 1886 fidei
405 1829 464 1882 et
505 1823 728 1881 bonum
769 1823 985 1880 amoris
1033 1823 1303 1878 nutriunt
1351 1825 1639 1898 animam3
1697 1830 1790 1881 est
1828 1841 2064 1900 quoque
2098 1825 2213 1885 hoc
2250 1843 2327 1888 ex

211 1921 780 2001 correspondentia,
819 1939 957 1980 nam
987 1939 1122 1980 eum
1164 1920 1345 1980 Panis
1390 1929 1450 1982 et
1478 1921 1658 1998 Aqua
1692 1921 1971 1998 leguntur
2003 1925 2065 1982 in
2100 1924 2322 2001 Verbo,

213 2023 467 2102 Angeli,
515 2025 672 2099 'quia
715 2022 1093 2100 spiritualeS‚
1144 2020 1485 2098 intelligunt
1526 2022 1632 2080 illa
1678 2040 1831 2098 quae
1882 2039 1986 2082 eos
2036 2023 2322 2100 nutriunt,

211 2141 376 2208 quae
416 2129 559 2182 sunt
593 2123 754 2181 bona
781 2124 1000 2181 amoris
1042 2127 1104 2179 et
1139 2137 1290 2179 vera
1313 2122 1483 2184 fidei:
1518 2121 1652 2182 Hic
1698 2121 1902 2200 aliqua
1940 2123 2076 2183 loca
2106 2125 2317 2184 afferre

209 2225 424 2293 velim,
493 2228 560 2280 ut
615 2223 840 2280 sciatur
893 2220 1055 2298 quod
1107 2219 1322 2296 Aquae
1384 2222 1721 2298 significent
1774 2237 1919 2280 vera
1971 2222 2142 2299 fidei,
2200 2231 2327 2283 tum

161 2353 170 2361 ·
209 2325 586 2401 cognitiones
620 2325 776 2380 veri:
845 2322 1009 2398 apud
1052 2321 1294 2398 Esajam
1343 2319 1606 2396 ¹„le
1662 2328 1757 2382 est
1812 2319 2017 2384 Terra
2060 2322 2329 2384 seientia

211 2423 528 2495 Jehovae,
586 2419 752 2481 sieut
795 2421 1017 2499 Aquae
1039 2439 1216 2481 mare
1241 2425 1621 2501 conteyunt“
1661 2422 1785 2484 XI:
1827 2422 1884 2480 9.
1941 2422 2124 2499 Apud
2158 2423 2324 2491 Eun-

219 2523 365 2581 dem
414 2565 452 2595 „
466 2518 647 2580 Tune
687 2518 996 2580 haurietis
1039 2523 1266 2599 Aquas
1300 2540 1444 2582 eum
1482 2520 1735 2582 laetitia
1776 2540 1856 2580 eoe
1882 2521 2177 2600 fontibus
2213 2539 2325 2582 sa-

209 2619 435 2684 lutis“
473 2619 624 2680 XII:
676 2620 736 2678 3.
799 2619 980 2695 Apud
1012 2619 1282 2679 Eundem
1317 2667 1351 2696 ‚,
1364 2621 1504 2697 Qui
1528 2619 1813 2682 ambulat
1837 2619 2229 2703 injustitiis,
2268 2625 2328 2681 et

211 2721 505 2803 loquitur
561 2718 973 2780 rectitudines
988 2764 1003 2793 ‚
1081 2718 1294 2780 Panis·
1343 2721 1606 2794 dabitur
1668 2727 1728 2781 et
1786 2721 2011 2800 Aquae
2048 2717 2372 2801 fideles“··

211 2821 532 2884 XXXIII:
584 2822 694 2880 15.-
737 2822 842 2878 16.
901 2821 1082 2896 Apud
1121 2821 1391 2884 Eundem
1430 2821 1803 2901 „Pauperes
1840 2827 1901 2881 et
1938 2820 2118 2900 eye-ni
2138 2839 2328 2900 quae-

211 2928 422 2984 rentes
469 2921 728 3000 Aquam
742 2964 759 2995 ,
813 2919 928 2980 sed
973 2938 1098 2980 non
1109 2965 1126 2994 ,
1181 2919 1414 3000 linqua
1456 2941 1669 2984 eorum
1706 2920 1824 2982 siti
1873 2921 2087 3002 deficit
2104 2945 2125 2984 :
2178 2940 2328 3001 ape-

211 3023 392 3084 riam
415 3041 604 3100 super
629 3017 816 3080 olivis
831 3018 1098 3097 fluvios,
1129 3025 1187 3080 et
1213 3020 1284 3080 in
1311 3021 1517 3082 medio
1546 3020 1820 3083 vallium
1831 3022 2051 3102 sontes
2066 3041 2325 3102 ponam,
2367 3031 2488 3095 [60]

167 3155 176 3164 ·
217 3120 542 3181 deser-tum
577 3118 646 3179 in
671 3125 976 3199 sta-qnam
1015 3138 1330 3198 aquaram
1343 3165 1359 3192 ,
1411 3127 1471 3181 et
1516 3127 1753 3184 emam
1800 3121 2035 3182 siccam
2076 3122 2145 3182 in
2180 3140 2323 3182 sea-

217 3219 544 3298 tuq-iyime
596 3236 906 3298 aquarum
918 3239 947 3291 ;
1001 3224 1075 3280 ut
1123 3219 1383 3281 videant
1396 3265 1411 3294 ,
1468 3227 1526 3280 et
1563 3226 1965 3300 coynoseant,
2020 3227 2079 3281 et
2119 3227 2327 3282 atten-

205 3319 385 3382 dant
433 3324 496 3380 et
555 3316 968 3397 intelliyant“
1035 3319 1213 3379 XLI:
1273 3325 1384 3380 17.
1448 3323 1557 3379 18.
1620 3323 1730 3380 20.
1824 3321 2007 3398 Apud
2054 3320 2327 3380 Eundem

214 3418 628 3499 „Effundam
662 3417 888 3498 Aquae
933 3437 1126 3498 super
1163 3419 1505 3495 sitientem,
1573 3425 1633 3481 et
1658 3420 1910 3497 flamia
1956 3437 2145 3498 super
2182 3416 2322 3478 ari-

209 3519 372 3580 dam
381 3538 412 3591 ,·
465 3518 787 3598 effundam
844 3517 1151 3596 spiritum
1201 3537 1410 3580 meum
1476 3538 1664 3598 super·
1724 3537 1929 3580 semen
1981 3523 2163 3578 tuum
2180 3563 2195 3588 ,
2266 3521 2327 3576 et

209 3617 698 3680 benedictionem
740 3636 945 3678 measm
997 3635 1187 3696 super
1225 3622 1460 3679 natos“
1503 3619 1737 3680 XLIV:
1783 3621 1841 3678 3.
1922 3615 2108 3694 Apud
2157 3616 2323 3678 Eun-

211 3719 353 3778 dem
391 3717 800 3794 „Exorietur
836 3717 908 3778 in
959 3717 1225 3780 tenebris
1269 3716 1389 3780 lua:
1430 3724 1573 3794 tua,
1638 3723 1700 3778 et
1736 3715 1947 3798 ealiqo
1998 3721 2113 3778 tua
2158 3714 2325 3775 sieut

211 3817 535 3889 meridies,
563 3824 638 3880 ut
664 3818 762 3879 eia
787 3817 955 3880 sieut
979 3817 1202 3878 hortus
1236 3818 1549 3898 iniquus,
1592 3823 1653 3878 et
1680 3817 1849 3880 ‚sieut
1874 3817 2091 3878 exitus
2124 3833 2326 3896 aqua—

207 3937 378 3993 rum,
419 3917 603 4000 eujus
628 3917 854 3997 Aquae
872 3937 1002 3980 non
1034 3917 1458 3981 mmtimitur“
1488 3916 1721 3978 LVIII:
1776 3922 1802 3976 1
1822 3920 1884 3977 Ο.
1916 3917 1982 3998 [1
2004 3917 2095 3996 1.]
2146 3914 2328 3994 Apud

211 4017 545 4078 Jeremiam
577 4016 786 4092 „Duo
823 4016 1002 4078 mala
1022 4016 1187 4097 feeit
1209 4016 1493 4098 populus
1520 4035 1726 4087 meus,
1770 4015 1880 4077 M'e
1919 4015 2328 4078 deseruerunt

197 4117 451 4196 fontem
512 4135 828 4197 aquarum
879 4118 1173 4179 vivarum
1189 4164 1206 4195 ,
1283 4117 1374 4178 ad
1430 4114 1850 4177 excidendum
1908 4115 2035 4178 sibi
2073 4115 2323 4195 foveae,

208 4235 368 4294 quae
393 4234 520 4278 non
545 4216 860 4278 continent
885 4218 1139 4298 aquaist
1183 4215 1274 4276 II:
1318 4221 1349 4274 1
1371 4218 1429 4276 3.
1486 4212 1668 4292 Apud
1694 4205 1963 4277 Eundoxn
1992 4212 2323 4290 »Μαρτια-

1804 4316 1839 4370 6
1870 4310 1908 4347 *
2328 4309 2335 4313 ’
