2700 4792
465 355 574 408 346
850 345 1344 402 APOCALYPSIS
1387 345 1819 402 EXPLICATA.
1876 346 1921 415 ᾗ.
1964 355 2098 408 223.

459 523 530 564 n:
573 509 734 564 220.
776 508 953 579 222ς
1013 510 1074 564 et
1109 507 1251 581 quia
1276 505 1563 564 Divinum
1592 504 1819 565 Verum
1852 505 2019 582 quod
2054 506 2115 563 in
2150 504 2333 564 Coelo
2366 511 2469 579 est,
2504 511 2556 566 et

261 605 420 667 [230]
463 605 624 683 quod
655 604 794 664 inde
831 604 1168 678 descendit,
1207 613 1304 666 est
1337 624 1377 664 a
1412 605 1555 666 Solo
1580 606 1869 680 Domino,
1908 606 2047 665 ideo
2082 611 2263 664 vocat
2284 605 2553 664 Dominus

459 705 610 765 illud
643 705 842 764 Deum
879 722 1074 764 suum.
1175 705 1351 783 Quod
1403 724 1515 783 per
1552 704 1868 766 Civitatem
1903 706 2023 765 Dei
2060 707 2183 764 mei
2216 704 2555 782 significetur

456 807 748 866 Doctrina
781 806 986 865 Divini
1019 803 1197 880 Veri,
1255 813 1511 884 apparet
1562 809 1761 884 primo
1802 809 2026 866 intuitu
2062 813 2387 880 remotum,
2436 807 2556 880 quia

457 923 626 966 mens
662 923 840 982 aegre
877 913 1079 983 potest
1115 909 1380 984 cogitare
1418 907 1768 966 Doctrinam
1808 924 1943 966 cum
1972 909 2315 966 nominatur
2350 906 2551 978 civitas,

455 1009 614 1067 sicut
649 1009 830 1066 etiam
855 1009 1120 1084 cogitare
1141 1007 1477 1068 Ecclesiam
1512 1025 1647 1066 cum
1682 1009 2021 1067 nominatur
2060 1014 2253 1073 ωτι-εις
2295 1012 2356 1062 at
2386 1020 2553 1078 usque

454 1123 576 1166 non
611 1106 774 1166 aliud
807 1125 920 1184 per
945 1105 1234 1168 Civitates
1273 1115 1379 1167 aut
1402 1107 1599 1169 Urbes
1635 1111 1695 1167 in
1722 1108 1925 1166 Verbo
1962 1111 2025 1166 in
2060 1123 2251 1168 sensu
2290 1105 2413 1181 ejus
2446 1105 2552 1179 spi·

455 1207 660 1267 rituali
691 1207 1074 1284 intelligitur3
1122 1225 1307 1269 causa
1337 1215 1451 1281 est,
1490 1211 1631 1285 quia
1664 1209 1805 1269 idea
1848 1211 2113 1268 civitatis
2150 1224 2261 1266 seu
2298 1205 2451 1263 urbis
2478 1209 2553 1261 est

455 1325 622 1367 mere
658 1308 980 1377 naturalis,
1029 1315 1092 1368 at
1139 1308 1279 1368 idea
1315 1309 1619 1368 doctrinae
1672 1312 1737 1368 in
1786 1311 2031 1368 civitate
2084 1317 2181 1368 est
2216 1303 2550 1382 spiritualis;

457 1408 704 1485 Angeli,
743 1411 884 1484 quia
913 1409 1258 1486 spirituales
1295 1416 1452 1483 sunt,
1489 1427 1609 1468 non
1634 1416 1893 1486 possunt
1924 1409 2159 1468 habere
2196 1407 2388 1465 ideam
2424 1404 2553 1462 civi-

455 1511 596 1569 tatis
633 1509 812 1568 aliam
847 1527 1022 1585 quam
1051 1513 1246 1586 gentis
1277 1509 1475 1585 quoad
1502 1509 1828 1570 doctrinam
1862 1509 2028 1582 inibi,
2066 1511 2230 1568 sicut
2262 1521 2371 1564 nec
2394 1503 2547 1562 aliam

456 1618 656 1669 terrae
703 1627 880 1686 quam
939 1612 1134 1686 gentis
1189 1611 1387 1693 quoad
1434 1609 1771 1670 Ecclesiam
1816 1627 1927 1670 seu
1973 1609 2179 1686 quoad
2234 1606 2549 1681 religiosum

455 1710 568 1784 ibi;
611 1726 795 1768 causa
831 1714 1010 1769 etiam
1047 1716 1165 1785 est,
1207 1710 1365 1786 quod
1394 1709 1762 1784 Societates,
1819 1713 1885 1768 in
1917 1728 2073 1787 quas
2112 1707 2283 1770 Coeli
2318 1703 2547 1763 distincti

455 1816 628 1884 sunt,
666 1817 734 1869 ut
766 1811 1088 1886 plurimum
1127 1813 1246 1868 sint
1287 1811 1607 1886 Civitates,
1666 1818 1727 1870 et
1762 1829 1967 1870 omnes
2002 1813 2167 1870 inter
2202 1825 2269 1868 se
2305 1803 2546 1863 differunt

459 1910 657 1987 quoad
697 1913 1104 1987 receptionem
1137 1911 1342 1971 Divini
1379 1911 1527 1971 Veri
1557 1914 1619 1969 in
1654 1911 1841 1986 bono;
1886 1912 2025 1970 inde
2066 1913 2251 1970 etiam
2288 1913 2377 1965 est
2410 1899 2543 1978 quod

455 2009 656 2087 angeli
687 2010 887 2070 ideam
923 2012 1246 2070 Doctrinae
1283 2013 1412 2069 veri
1462 2011 1727 2070 habeant
1762 2029 1897 2070 cum
1934 2014 2279 2070 nominatur
2314 2005 2538 2065 Civitas:

457 2110 618 2188 quod
653 2110 822 2172 Coeli
869 2110 1127 2170 distincti
1174 2113 1294 2170 sint
1343 2115 1407 2170 in
1458 2114 1781 2174 societates
1824 2113 2163 2172 secundum
2212 2104 2539 2168 differentias

454 2211 596 2270 boni
631 2214 848 2270 amoris
877 2217 936 2272 et
961 2211 1117 2286 fidei,
1155 2212 1432 2270 videatur
1464 2215 1525 2271 in
1562 2211 1765 2289 Opere
1801 2212 1875 2271 de
1916 2211 2123 2272 Coeno
2160 2229 2239 2270 m·
2270 2207 2537 2268 Inrsnxo,

457 2329 528 2372 n:
583 2316 665 2371 41
721 2311 799 2371 ad
841 2313 961 2388 503
1027 2319 1088 2371 et
1141 2313 1300 2387 quod
1344 2313 1689 2372 habitacula
1742 2331 1948 2372 eorum
2000 2311 2300 2390 disposita
2342 2308 2449 2364 sint
2488 2303 2535 2358 in

455 2413 678 2473 formas
717 2415 1042 2487 civitatum,
1081 2431 1154 2471 n:
1205 2415 1340 2472 184
1381 2413 1481 2472 ibi.
1546 2413 1723 2489 Quod
1767 2431 1879 2489 per
1924 2414 2207 2472 civitates
2244 2425 2348 2467 seu
2382 2401 2535 2462 urbes

455 2516 515 2572 in
549 2513 754 2574 Verbo
805 2513 1212 2590 significentur
1245 2514 1600 2588 Doctrinae,
1654 2520 1929 2572 constare
1965 2520 2171 2589 potest
2217 2527 2253 2568 a
2297 2501 2533 2584 pluribus

455 2613 604 2674 locis
652 2615 768 2682 ibi,
819 2632 1069 2691 quorum
1115 2613 1308 2673 solum
1360 2616 1676 2690 sequentia
1706 2614 1887 2672 velim
1929 2616 1993 2672 in
2025 2613 2289 2674 medium
2324 2603 2529 2664 affert&

453 2715 616 2792 apud
647 2711 688 2775 J
696 2717 978 2774 eremiam
1041 2757 1078 2788 ,‚
1097 2712 1263 2774 Ecce
1297 2711 1452 2774 deda·
1508 2719 1570 2774 te
1618 2713 1689 2774 in
1739 2714 1952 2774 urbem
1996 2713 2315 2774 munitam
2346 2705 2529 2764 contra

453 2815 820 2876 universam
857 2817 1140 2876 tmam“
1200 2815 1260 2874 I:
1314 2819 1342 2872 1
1363 2817 1436 2888 8;
1491 2815 1642 2874 haec
1681 2815 1839 2874 dicta
1890 2821 2029 2874 sunt
2066 2815 2145 2872 ad
2181 2806 2523 2883 Prophetam,

453 2917 594 2991 quia
629 2932 740 2990 per
785 2915 1142 2992 prophetam
1192 2918 1254 2974 in
1288 2915 1493 2974 Verbo
1542 2915 1910 2991 significatur
1944 2915 2170 2974 docens
2205 2922 2426 2977 verum,
2478 2901 2526 2954 θῐ

451 3016 515 3072 in
549 3031 731 3072 sensu
778 3015 1082 3074 abstracto
1117 3016 1409 3074 Doetrina
1442 3017 1599 3089 veri3
1656 3017 1799 3091 quia
1844 3016 1995 3074 haec
2050 3012 2407 3090 significatur
2434 3011 2523 3076 per

450 3114 840 3190 prophetam,
879 3115 1015 3174 ideo
1053 3115 1266 3175 dicitur
1302 3116 1381 3174 ad
1414 3116 1599 3185 hunc,
1652 3114 1791 3174 dedi
1822 3122 1881 3175 te
1916 3117 1975 3175 in
2010 3115 2222 3174 urbem
2256 3105 2519 3168 munitam,

451 3231 563 3290 per
599 3231 776 3290 quam
814 3215 948 3274 ideo
985 3215 1350 3291 significatur
1385 3216 1675 3274 Doctrina
1724 3217 1854 3274 veri
1889 3223 2091 3274 tutans
2128 3218 2331 3274 contra
2360 3201 2515 3262 fal⁸³²

453 3314 614 3391 quod
645 3333 757 3391 per
795 3316 1152 3392 prophetam
1194 3319 1254 3374 in
1292 3317 1497 3376 Verbo
1550 3316 1915 3392 significetur
1950 3317 2171 3375 docens
2206 3322 2429 3375 verum,
2472 3299 2519 3354 θ*

447 3417 510 3474 in
546 3433 729 3475 sensu
777 3416 1080 3474 abstracto
1116 3417 1407 3475 Doctrina
1440 3417 1592 3490 veri,
1645 3416 1923 3476 videatur
1967 3435 2044 3476 n:
2088 3415 2297 3475 2534.
2340 3396 2508 3464 7269.

450 3517 636 3594 Apud
669 3517 940 3576 Eundem
975 3515 1379 3590 „Descendit
1403 3533 1631 3576 corona
1666 3515 1911 3576 decoris
1938 3517 2161 3590 vestri,
2212 3509 2389 3575 Urbes
2410 3511 2513 3560 me-

447 3617 646 3679 ridica·
679 3613 938 3678 clausae
976 3617 1174 3676 θωπί(
1219 3617 1405 3676 XIII:
1466 3619 1493 3674 1
1514 3619 1573 3675 8.
1622 3620 1650 3674 1
1672 3619 1743 3692 93
1804 3620 2001 3694 agitur
2034 3617 2119 3676 ibi
2153 3616 2225 3676 de
2268 3601 2505 3669 falsifica-

449 3720 609 3778 tione
659 3720 824 3789 veri,
885 3722 946 3776 et
987 3732 1096 3792 per
1133 3717 1292 3794 quod
1327 3716 1655 3776 descendat
1688 3733 1910 3777 corona
1946 3717 2178 3776 decoris
2212 3701 2509 3778 intelligitur

449 3820 609 3896 quod
640 3818 1072 3896 intelligentia3
1130 3823 1190 3875 et
1236 3835 1348 3894 per
1386 3816 1547 3892 quod
1590 3816 1836 3878 clausae
1886 3819 2004 3876 sint
2037 3817 2232 3878 Urbes
2263 3793 2503 3869 meridiei,

448 3919 799 3998 intelligitur
837 3917 998 3996 quod
1027 3920 1224 3976 omnia
1258 3935 1403 3978 vera
1431 3917 1735 3976 doctrinae
1774 3936 1928 3996 quae
1956 3919 2221 3994 alioquin
2256 3905 2431 3972 essent
2456 3896 2505 3953 in

417 4018 616 4094 'luce;
663 4020 826 4096 quod
852 4036 1072 4078 corona
1106 4019 1184 4077 sit
1211 4018 1604 4096 intelligentia
1630 4026 1691 4077 et
1716 4021 2029 4096 sapientia,
2070 4017 2328 4080 videatur
2351 4007 2499 4075 supra

449 4133 522 4172 n:
573 4120 726 4174 126.
766 4121 940 4192 2183
981 4125 1041 4178 et
1077 4118 1234 4194 quod
1267 4119 1546 4180 meridies
1584 4121 1663 4177 sit
1696 4126 1889 4179 status
1926 4120 2111 4194 lucis,
2151 4121 2209 4175 in
2244 4112 2415 4188 Opere
2442 4093 2501 4188 df}

458 4208 659 4270 Coeno
693 4231 770 4270 nr
796 4213 1070 4288 Imus-,nno
1119 4236 1184 4276 n:
1233 4221 1392 4278 148.
1438 4221 1602 4276 149.
1646 4223 1674 4277 1
1698 4221 1805 4279 51.
1886 4221 2071 4298 Apud
2103 4217 2327 4294 Esajam
2362 4192 2493 4279 »ΡΨ
