2700 4792
363 341 473 396 118
704 325 1202 384 APOCALYPSIS
1243 327 1681 387 EXPLICATA.
1762 329 1811 398 §.
1852 339 1947 391 98.
1990 337 2083 392 ⁹9.

361 488 574 553 cuivis
609 487 955 550 seeundum
1007 486 1170 551 Viae
1207 486 1344 572 ejus
1386 493 1449 548 et
1480 487 1825 548 seeundum
1858 485 2157 568 fructum
2192 486 2477 568 (sperum

358 591 545 676 ᾐτιῶ(
588 587 829 649 Jerem:
878 587 1160 650 XXXII:
1207 592 1316 649 19.
1410 585 1979 668 „Visitaboswper
2012 587 2157 648 viae
2194 589 2361 671 εῄιιε,
2414 597 2479 651 et

364 690 574 770 opera
607 687 746 772 ejus
793 677 1139 752 retribuam
1171 686 1324 750 illam
1356 687 1593 748 Hoschz
1628 687 1723 748 IV
1734 709 1750 749 ε
1786 691 1846 748 9.
1916 687 2479 772 „Jehovahjuoeta

360 791 507 854 viae
564 794 823 852 nomas
836 833 854 862 ,
925 795 986 850 et
1033 789 1244 872 jwaeta
1307 787 1517 869 Opera
1572 794 1797 851 metra
1848 789 2027 870 facit
2092 789 2475 852 mbisoum“

361 891 622 954 Sachar:
671 890 732 950 I:
793 893 863 952 6:
943 889 1046 950 ubi
1089 891 1385 950 Dominus
1446 888 1521 948 de
1576 888 1799 950 Ultimo
1850 890 2092 950 Judicio
2144 891 2469 966 praedicit,

363 1011 482 1054 non
523 992 640 1051 nisi
673 1009 854 1068 quam
889 989 1096 1070 Opera
1140 997 1449 1064 recenset,
1526 997 1589 1050 et
1634 990 1795 1068 quod
1842 990 2151 1052 intrabunt
2182 993 2245 1050 in
2280 994 2477 1052 vitam

366 1099 671 1154 aeternam
723 1093 824 1168 qui
857 1091 1019 1152 bona
1047 1089 1262 1168 ‘Opera
1303 1091 1599 1166 focerunt,
1656 1097 1718 1150 et
1758 1094 1819 1150 in
1871 1091 2313 1151 damnationem
2368 1095 2477 1168 qui

365 1192 526 1253 mala
561 1191 798 1269 Opera,
835 1191 1063 1250 Matth:
1101 1191 1318 1252 XXV:
1364 1194 1450 1252 32
1484 1192 1561 1251 ad
1592 1193 1705 1251 46.
1796 1191 1975 1268 Quod
2010 1209 2198 1269 opera
2232 1193 2473 1268 signifi-

367 1299 506 1354 cent
537 1292 644 1352 illa
669 1309 825 1370 quae
862 1299 1002 1352 sunt
1035 1294 1255 1352 amoris
1309 1297 1372 1351 et
1424 1293 1595 1363 fidei,
1648 1295 1827 1352 etiam
1876 1293 2220 1352 manifestat
2254 1293 2477 1352 Domi-

366 1411 479 1454 nus
525 1394 620 1454 his
671 1391 874 1452 verbis
925 1391 1314 1467 „Diem-unt
1366 1391 1457 1452 ad
1506 1392 1761 1468 Jeeum,
1818 1392 1977 1474 quid
2020 1392 2345 1474 faciemus
2398 1399 2475 1454 ut

369 1491 712 1576 operemur
753 1491 960 1572 Opera
1010 1492 1152 1552 Dei
1161 1537 1178 1568 ,
1231 1493 1563 1573 respondit
1578 1539 1594 1570 ,
1650 1493 1763 1555 hoc
1812 1499 1909 1554 eat
1960 1491 2139 1572 Opus
2172 1492 2337 1566 Dei,
2398 1499 2475 1555 ut

366 1594 648 1658 credatis
681 1593 753 1653 in
795 1593 1023 1673 Ipsam
1063 1591 1266 1670 Quem
1298 1593 1485 1653 misit
1518 1593 1769 1656 Pator“
1824 1595 1979 1656 Joh:
2026 1593 2143 1652 VI:
2201 1597 2313 1653 28.
2352 1598 2471 1654 29.

363 1696 444 1754 Et
479 1693 622 1753 alibi
679 1737 716 1769 „
737 1691 953 1754 Veniet
985 1711 1115 1754 nox
1147 1692 1405 1773 quando
1448 1713 1627 1754 mmo
1663 1701 1880 1776 potest
1942 1693 2259 1774 Operm“
2311 1695 2351 1753 J
2354 1694 2468 1754 oh:

364 1795 489 1858 IX:
547 1797 620 1868 43
691 1810 809 1853 nox
856 1794 1154 1871 significat
1193 1793 1469 1854 ultimum
1530 1802 1769 1873 tempus
1816 1795 2159 1870 Ecclesiae,
2228 1795 2471 1871 quando

365 1894 534 1954 nulla
567 1893 717 1954 fides
757 1897 896 1970 quia
927 1894 1096 1953 nulla
1129 1893 1427 1970 charita&
1485 1895 1646 1974 quod
1694 1915 1811 1957 nox
1858 1896 1921 1956 id
1954 1901 2195 1972 tempus
2234 1895 2467 1972 signifi-

367 2003 492 2071 cet,
536 1995 817 2054 videatur
851 2009 918 2054 n:
962 1996 1174 2056 2353.
1211 1997 1424 2056 6000.
1494 1995 1671 2072 Quod
1706 1996 1915 2076 Opera
1948 1999 2128 2056 toties
2172 1995 2465 2070 dicantur,

369 2102 464 2157 eet
499 2097 640 2173 quia
673 2111 892 2155 sensus
919 2094 1131 2155 literae
1166 2095 1357 2156 Verbi
1390 2097 1563 2156 unlce
1601 2100 1874 2158 consistit
1908 2097 1983 2157 ab
2022 2098 2283 2156 externis
2312 2113 2469 2172 quae

365 2199 429 2256 in
461 2204 680 2257 natura
724 2201 864 2256 sunt
899 2202 958 2255 et
992 2202 1289 2274 apparent
1323 2213 1526 2258 coram
1568 2197 1788 2274 oculis;
1846 2206 1907 2258 et
1936 2199 2054 2257 hoc
2090 2196 2165 2256 ob
2202 2213 2471 2265 causam,

365 2303 435 2356 ut
469 2313 683 2357 sensus
720 2296 1053 2376 spiritualis
1091 2297 1343 2374 singulis
1378 2297 1521 2356 insit
1556 2301 1715 2358 sicut
1758 2301 1956 2358 anima
2007 2300 2273 2375 corpori,
2328 2313 2467 2358 nam

365 2399 629 2481 alioquin
673 2415 794 2458 non
844 2389 1000 2458 foret
1044 2397 1315 2458 Verbum
1369 2400 1932 2460 communicativum
1990 2415 2128 2458 cum
2193 2395 2459 2475 Angelis,

362 2498 520 2559 foret
555 2501 712 2559 enim
757 2501 914 2560 sicut
949 2496 1160 2558 domus
1197 2498 1428 2576 absque
1472 2499 1889 2571 fundamentO,
1948 2499 2227 2558 videatur
2278 2515 2469 2574 supra

364 2617 434 2658 nz
479 2602 540 2659 8.
579 2603 697 2662 16:
751 2600 889 2659 inde
927 2616 1168 2676 quoque
1205 2605 1330 2674 est,
1394 2600 1583 2678 quod,
1637 2616 1773 2660 cum
1825 2598 2033 2677 Opera
2066 2600 2467 2671 nominantur,

365 2701 441 2761 ab
477 2697 758 2778 AngeHS,
813 2703 960 2779 quia
1005 2699 1357 2778 spirituales
1396 2707 1565 2775 sunt,
1628 2717 1749 2760 non
1798 2701 2210 2776 intefflgantur
2258 2716 2467 2775 opera,

365 2801 475 2861 sed
501 2802 607 2861 illa
644 2819 718 2860 cx
745 2802 964 2879 quibus
1002 2819 1207 2880 opera,
1245 2819 1401 2877 quae
1440 2808 1607 2876 sunt,
1650 2808 1930 2878 utsupra
1958 2801 2213 2872 dictum,
2249 2799 2471 2859 volun-

363 2907 462 2960 tas
499 2918 612 2962 seu
645 2919 840 2976 amor,
898 2910 958 2961 et
995 2903 1133 2963 inde
1171 2904 1459 2978 cogitatio
1496 2919 1653 2979 quae
1686 2901 1857 2962 fidei:
1912 2902 2022 2961 sed
2050 2902 2209 2960 hanc
2252 2918 2381 2960 rem
2408 2903 2468 2960 in

364 3001 620 3061 clariore
661 3000 798 3060 luce
849 3004 1184 3079 expositam
1230 3003 1443 3062 videas
1490 3004 1553 3062 in
1600 3001 1801 3080 Opere
1850 3002 1926 3062 de
1980 3001 2181 3062 Conco
2238 3019 2317 3061 nr
2352 3000 2464 3060 In-

359 3116 562 3161 rmmo
623 3119 690 3160 n:
748 3103 890 3160 470
922 3102 999 3160 ad
1028 3105 1190 3177 4833
1226 3103 1332 3162 ubi
1366 3103 1730 3176 ostenditur,
1776 3101 1939 3179 quod
1985 3102 2163 3162 homo
2204 3104 2285 3161 sit
2329 3108 2469 3177 post

205 3196 326 3266 [85]
366 3207 620 3261 mortem
655 3201 852 3278 qualis
889 3202 1022 3279 ejus
1058 3203 1184 3261 vita
1223 3204 1331 3263 fuit
1383 3206 1447 3262 in
1492 3202 1729 3262 mundo.
1813 3202 1993 3278 Quod
2024 3219 2135 3280 per
2170 3200 2467 3262 Laborem

362 3305 427 3363 in
453 3318 636 3362 sensu
673 3301 973 3378 spirituali
997 3301 1405 3379 intelligantur
1428 3305 1627 3362 omnia
1662 3320 1817 3380 quae
1852 3303 2030 3362 homo
2065 3304 2319 3379 cogitat,
2373 3307 2467 3361 est

365 3405 508 3480 quia
541 3401 932 3480 spiritualiter
962 3401 1236 3463 laborare
1268 3411 1362 3463 est
1390 3406 1685 3482 cogitare:
1730 3409 1792 3463 et
1826 3404 1989 3481 quod
2018 3421 2132 3482 per
2168 3401 2463 3462 Toleran-

362 3505 508 3562 tiam
545 3502 954 3579 significentur
989 3505 1186 3562 omnia
1233 3521 1389 3580 quae
1434 3505 1613 3564 homo
1660 3504 1835 3577 facit,
1888 3511 1981 3564 est
2027 3506 2171 3581 quia
2205 3502 2464 3563 tolerare

361 3603 461 3664 hic
499 3610 592 3664 est
626 3603 908 3664 assiduus
945 3621 1081 3664 esse
1096 3648 1113 3679 ,
1169 3621 1241 3662 ac
1275 3621 1587 3665 removere
1638 3603 1941 3664 obstantia
1976 3622 2132 3682 quae
2178 3606 2241 3664 in
2284 3608 2460 3662 natu-

357 3703 468 3764 rali
500 3704 773 3776 homine,
827 3723 982 3783 quae
1021 3707 1299 3763 continue
1337 3712 1666 3782 assurgunt
1702 3711 1763 3764 et
1802 3713 2195 3766 remorantur.

513 3810 622 3868 99.
687 3808 765 3867 Et
815 3806 976 3884 quod
1035 3823 1152 3864 non
1203 3808 1406 3881 possis
1460 3806 1619 3864 ferre
1666 3805 1890 3875 malos,
1952 3806 2112 3882 quod
2174 3804 2462 3882 significet

359 3908 522 3983 quod
555 3909 830 3984 rejiciant
854 3907 1042 3982 mala,
1085 3912 1322 3965 constat
1349 3923 1427 3965 ex
1452 3906 1885 3983 significatione
1916 3922 2036 3964 non
2062 3922 2249 3983 posse
2286 3905 2459 3978 ferre,

355 4005 519 4082 quod
575 4007 655 4063 sit
700 4008 981 4082 rejicere,
1031 4023 1170 4065 nam
1225 4006 1386 4082 quod
1430 4007 1609 4066 homo
1664 4024 1783 4066 non
1832 4011 2037 4084 potest
2084 4008 2275 4080 ferre,
2338 4005 2453 4064 hoc

355 4106 566 4182 rejicit.
638 4104 812 4180 Quod
849 4107 992 4166 mali
1029 4103 1364 4183 significent
1402 4107 1587 4182 mala,
1640 4113 1733 4166 est
1766 4108 1910 4185 quia
1942 4106 2161 4184 Angeli
2198 4109 2461 4182 cogitant

357 4205 662 4265 abstracte
709 4223 746 4262 a
797 4208 1101 4284 personiS,
1168 4212 1227 4265 et
1273 4206 1410 4265 inde
1462 4221 1599 4266 eum
1648 4209 1713 4266 in
1766 4225 1949 4268 sensu
2002 4207 2215 4268 literae
2277 4205 2461 4265 Verbi
