2700 4792
471 363 580 416 108
917 349 1409 406 APOCALYPSIS
1454 347 1885 406 EXPLICATA.
1972 349 2017 418 §.
2062 357 2156 412 ⁹2·

471 501 808 588 sterium,
863 519 938 572 et
989 501 1239 588 fidem,
1297 519 1373 572 et
1422 499 1888 572 tolerantiam
1940 517 2175 584 tuam,
2234 517 2307 570 et
2353 523 2531 598 opera
2604 503 2606 506 ⁴

473 618 632 689 tua,
691 619 763 672 et
815 601 1070 672 ultima
1117 601 1330 700 plura
1380 600 1773 700 prioribus.

679 714 792 780 20.
853 701 1001 772 Sed
1053 702 1292 774 habeo
1346 701 1693 774 adversus
1728 719 1803 772 te
1836 725 2073 800 pauca
2088 753 2112 789 ,
2173 699 2373 798 quod
2408 722 2533 797 per-

473 802 720 872 mittas
772 800 1142 872 mulierem
1201 800 1501 874 Jezabel
1516 853 1540 889 ,
1606 801 1975 872 dicentem
2028 827 2109 872 se
2164 798 2533 900 prophetis-

473 927 661 988 sam,
729 901 998 972 docere
1049 919 1124 974 et
1175 902 1528 973 seducere
1580 925 1783 973 meos
1836 924 2087 973 servos
2146 899 2441 972 scortari
2484 912 2535 965 et

473 1000 889 1099 idolothyta
939 1001 1171 1072 edere.

678 1115 792 1181 21.
849 1105 944 1174 Et
985 1101 1157 1172 dedi
1192 1101 1300 1172 illi
1341 1120 1629 1201 tempus
1668 1119 1749 1172 ut
1778 1103 2257 1201 resipisceret
2302 1127 2343 1172 a
2380 1122 2535 1170 scor-

472 1202 750 1274 tatione
805 1227 968 1288 sua,
1023 1219 1100 1272 et
1149 1225 1302 1272 non
1351 1203 1683 1300 resipuit.
2500 1207 2507 1214 ’

680 1315 794 1378 22-
879 1299 1080 1372 Ecce
1133 1304 1292 1398 Ego
1358 1302 1685 1402 conjicio
1734 1299 1935 1372 illam
1987 1303 2063 1372 in
2120 1302 2419 1385 lectum,
2484 1311 2533 1364 et

470 1401 942 1472 moechantes
995 1426 1162 1472 cum
1214 1401 1339 1472 illa
1404 1405 1480 1473 in
1540 1402 2021 1474 afflictionem
2072 1425 2435 1500 magnam,
2490 1394 2533 1464 si

467 1528 620 1574 non
671 1502 1114 1601 resipuerint
1166 1501 1259 1573 ab
1313 1503 1663 1602 operibus
1716 1503 1891 1574 suis.

674 1615 790 1682 23.
853 1605 946 1673 Et
999 1602 1190 1673 filios
1245 1603 1403 1701 ejus
1458 1603 1793 1674 occidam
1844 1619 2117 1690 morte,
2176 1620 2252 1673 et
2306 1619 2531 1694 cogno·

471 1716 682 1772 scent
733 1725 986 1774 omnes
1053 1701 1464 1790 Ecclesiae,
1538 1702 1743 1800 quod
1810 1706 1968 1800 Ego
2036 1705 2181 1774 sim
2246 1715 2528 1772 scrutans

468 1825 682 1870 renes
735 1819 810 1872 et
853 1802 1078 1874 corda
1091 1829 1114 1894 3
1167 1819 1242 1874 et
1288 1802 1481 1875 dabo
1523 1803 1921 1900 unicuique
1962 1821 2289 1874 vestrum
2320 1818 2530 1872 secun·

471 1901 644 1972 dum
697 1925 906 1999 opera
964 1927 1114 1974 sua.

673 2011 788 2085 24.
870 2001 1104 2076 Vobis
1157 2021 1398 2074 autem
1454 2001 1661 2088 dioc,
1716 2020 1792 2074 et
1842 2001 2153 2100 reliquis
2208 2003 2285 2072 in
2334 1996 2528 2090 Thya·

468 2101 668 2188 tiris,
747 2104 1172 2198 quicunque
1221 2130 1375 2175 non
1425 2101 1700 2173 habent
1754 2102 2171 2174 doctrinam
2228 2104 2430 2180 hanc,
2472 2103 2525 2157 et

470 2202 780 2299 quinon
839 2220 1338 2298 cognoverunt
1389 2201 1759 2301 profunda
1810 2204 2168 2292 Satanae,
2226 2203 2407 2274 sicut
2446 2188 2526 2260 di·

471 2318 689 2392 cunt3
740 2328 889 2373 non
945 2304 1244 2401 impono
1297 2328 1519 2402 super
1570 2329 1699 2373 vos
1752 2301 1955 2374 aliud
2006 2330 2220 2374 onus·

674 2416 788 2482 25.
878 2405 1220 2474 Attamen
1303 2403 1505 2501 quod
1572 2401 1859 2477 habetis
1934 2405 2249 2475 retinete
2328 2397 2519 2469 donec

467 2525 700 2574 venio.

673 2618 790 2682 26.
849 2607 943 2675 Et
983 2605 1286 2676 vincens
1329 2623 1403 2675 et
1456 2603 1883 2675 custodiens
1938 2630 2173 2702 usque
2226 2600 2319 2674 ad
2357 2596 2523 2666 finem

467 2727 694 2800 opera
745 2729 943 2792 mea,
1001 2703 1196 2782 dabo
1251 2704 1359 2774 illi
1410 2721 1852 2804 potestatem
1888 2729 2108 2802 super
2162 2717 2421 2802 gentes·

677 2817 792 2884 27.
846 2807 941 2875 Et
992 2823 1197 2902 reget
1250 2831 1373 2877 eas
1426 2806 1627 2901 virga
1674 2804 1945 2892 ferrea,
2002 2822 2347 2903 tanquam
2394 2805 2524 2862 vasa

469 2900 726 2972 fictilia
779 2904 1334 3002 confringentur
1345 2932 1371 2998 3
1440 2907 1634 2976 sicut
1686 2921 1761 2975 et
1810 2907 1969 3002 Ego
2038 2902 2297 3001 accepi
2345 2922 2383 2967 a
2426 2891 2523 2960 Pa·

470 3018 580 3071 tre
632 3027 817 3074 meo.
1897 3076 1904 3081 .

673 3117 788 3182 28.
844 3106 938 3175 Et
989 3103 1184 3176 dabo
1237 3104 1344 3176 illi
1400 3103 1685 3176 stellam
1734 3106 2183 3176 matutinam.
2486 3183 2497 3200 ,

674 3219 789 3284 29.
847 3202 1144 3277 Habens
1197 3229 1443 3274 aurem
1490 3203 1741 3275 audiat
1794 3205 1976 3300 quid
2027 3200 2326 3304 spiritus
2377 3191 2525 3264 difflt

469 3301 845 3375 Ecclesiis.

1311 3407 1729 3449 *ssssss*

307 3527 434 3593 [⁷8]
682 3517 799 3584 92.
867 3505 952 3572 In
1002 3503 1617 3600 praecedentibus
1671 3504 1948 3576 dictum
2001 3524 2150 3594 est,
2208 3495 2381 3601 quid
2422 3499 2524 3594 pff?

470 3620 751 3702 septem
803 3601 1175 3675 Ecclesias
1239 3622 1316 3675 et
1367 3631 1504 3702 per
1551 3603 1877 3702 Angelos
1930 3630 2173 3678 earum
2227 3589 2523 3690 intellig&

468 3722 610 3791 tur,
667 3703 874 3800 quod
923 3729 1186 3813 nempe
1227 3729 1365 3803 per
1403 3723 1684 3804 septem
1726 3706 2101 3777 Ecclesias
2143 3719 2385 3778 omnes
2422 3701 2519 3780 ‘1¹¹¹

471 3805 549 3874 in
601 3803 790 3874 veris
853 3827 938 3874 ex
1000 3803 1201 3876 hono
1270 3822 1471 3892 sunt,
1561 3823 1635 3877 et
1698 3830 1831 3903 per
1897 3824 2176 3904 septem
2237 3783 2518 3888 ΑΙΙὸΘῙΟ5

470 3927 724 3974 omnes
780 3905 906 3999 qui
954 3904 1100 3977 illis
1156 3905 1743 4002 correspondent
1796 3905 1874 3976 in
1928 3905 2185 3996 coelo,
2238 3895 2520 3973 videatur

466 4028 559 4072 112
615 4015 705 4081 20
748 4020 823 4073 et
867 4021 994 4098 903
1051 4023 1125 4078 et
1179 4006 1355 4103 quia
1388 4002 1690 4076 Coelum
1728 4022 1802 4075 et
1841 4004 2178 4077 Ecclesia
2226 4020 2353 4102 per
2389 3999 2516 4056 0⁰¹⁹·

464 4103 1060 4200 respondentiam
1112 4133 1336 4177 unum
1392 4105 1704 4192 faciunt,
1778 4105 1948 4177 ideo
2004 4106 2271 4177 dicitur
2318 4095 2386 4164 in
2432 4097 2517 4149 ⁵⁶·

467 4203 907 4300 quentibus,
963 4204 1270 4277 scribe
1323 4204 1671 4302 Angelo
1724 4204 2233 4293 Ecclesiae,
2284 4210 2351 4267 et
2395 4193 2510 4256 ”⁰¹²
