2700 4792
391 339 503 394 ⁴84
733 323 1222 384 APOCALYPSIS
1265 324 1695 382 EXPLICATA.
1738 326 1785 396 ς.
1818 334 1954 388 aso.
1996 335 2128 389 ρει.

384 493 504 564 sia,
561 505 718 565 quae
753 488 956 565 prima
1013 486 1192 563 hujus
1221 484 1497 544 Telluris
1544 491 1607 546 et
1639 485 2075 562 Antiquissima
2132 486 2278 560 fuit3
2348 487 2513 550 haee

379 589 730 666 intelligitur
779 604 889 665 per
923 587 1220 646 Adamum
1269 603 1381 644 seu
1415 586 1761 662 Hominem3
1818 587 1950 664 ejus
1986 581 2350 646 Instauratio
2383 589 2507 647 de·-

381 689 660 751 scribitur
691 690 751 746 in
787 688 984 747 Primo
1017 685 1228 764 Capite
1264 703 1379 763 per
1404 685 1781 746 creationem
1808 685 1977 746 Coeli
2014 694 2075 747 et
2108 694 2323 763 terrae,
2362 689 2503 766 ejus

378 789 774 867 intelligentia
821 794 883 848 et
932 787 1229 863 sapientia
1273 803 1386 863 per
1418 785 1808 862 Paradisum,
1870 794 1929 846 et
1966 789 2097 865 ejus
2144 787 2347 864 lapsus
2382 805 2499 864 per

381 908 550 951 esum
579 889 808 948 arboris
837 889 1142 948 scientiae.
1181 888 1300 947 Per
1325 886 1643 946 Hominem
1670 894 1869 946 autem
1912 890 1973 947 in
2000 905 2279 966 supremo
2306 905 2499 948 sensu

379 990 731 1068 intelligitur
764 987 908 1067 Ipse
936 987 1246 1062 Dominus,
1288 989 1569 1066 quoniam
1606 987 1681 1045 ab
1714 988 1859 1064 Ipso
1898 987 2143 1048 Coelum
2182 995 2242 1046 et
2274 988 2501 1048 Eccle-

179 1095 338 1158 [319]
380 1096 501 1162 sia,
535 1095 596 1150 et
629 1088 791 1167 apud
827 1089 1286 1165 unumquemvis
1323 1105 1395 1147 ex
1424 1104 1543 1163 quo
1574 1085 1821 1148 Coelum
1859 1095 1919 1148 et
1950 1088 2227 1150 Ecclesia
2260 1089 2505 1149 affectio

378 1194 506 1253 veri
540 1189 867 1268 spiritualis
905 1194 966 1248 et
1001 1190 1328 1265 sapientia3
1382 1187 1521 1246 inde
1558 1193 1653 1246 est
1706 1189 1867 1264 quod
1901 1188 2067 1248 solus
2102 1189 2402 1249 Dominus
2442 1193 2507 1249 in

379 1307 662 1370 supremo
685 1305 870 1349 sensu
897 1292 976 1348 sit
1001 1289 1216 1358 Home,
1255 1295 1314 1346 et
1351 1287 1511 1364 quod
1537 1293 1767 1346 tantum
1794 1289 2064 1348 homines
2092 1291 2295 1349 sintin
2322 1297 2506 1351 utro-

381 1409 498 1470 que
527 1389 768 1465 Mundo,
802 1387 1115 1468 Spirituali
1151 1396 1212 1448 et
1236 1387 1543 1460 Naturali,
1584 1395 1870 1464 quantum
1906 1387 1981 1448 ab
2016 1389 2161 1466 Ipso
2195 1391 2508 1467 recipiunt

378 1493 610 1554 Verum
647 1497 708 1550 et
731 1487 986 1560 Bonum,
1021 1490 1108 1548 ita
1133 1496 1417 1565 quantum
1452 1495 1654 1546 amant
1687 1505 1899 1548 verum
1933 1496 1993 1550 et
2024 1493 2235 1549 vivunt
2267 1507 2504 1552 secun-

379 1594 521 1652 dum
557 1590 734 1650 illud:
788 1589 926 1648 inde
964 1605 1204 1666 quoque
1243 1593 1368 1661 est,
1423 1586 1583 1666 quod
1616 1590 1961 1649 universum
1999 1589 2248 1649 Goelum
2284 1592 2507 1669 Ange-

373 1693 556 1751 licum
593 1696 886 1767 appareat
921 1692 1082 1748 sicut
1117 1705 1272 1748 unus
1309 1689 1503 1749 Homo
1516 1708 1533 1765 3
1590 1693 1651 1748 et
1686 1707 1925 1766 quoque
1960 1693 2335 1767 unaquaevis
2374 1691 2505 1752 So·

375 1795 562 1851 cietas
623 1790 740 1848 ibi:
807 1795 868 1848 et
913 1789 1050 1848 indo
1115 1805 1353 1866 quoque
1413 1793 1507 1848 est
1566 1789 1722 1865 quod
1761 1790 1978 1866 Angeli
2038 1798 2373 1868 appareant
2442 1795 2506 1852 in
2552 1800 2563 1813 '

373 1892 646 1969 perfecta
678 1889 868 1948 forma
902 1888 1198 1948 humana:
1253 1888 1363 1948 sed
1399 1888 1473 1947 de
1508 1888 1603 1948 his
1638 1889 1954 1949 videantur
1987 1891 2165 1968 plura
2198 1894 2259 1950 in
2286 1891 2502 1968 Opere

375 1992 448 2050 de
489 1990 692 2051 Conso
737 2007 816 2050 m·
853 1990 1149 2064 Iussum,
1189 2007 1264 2048 n:
1313 1989 1397 2048 59
1441 1989 1519 2047 ad
1552 1991 1661 2049 67.
1710 1991 1795 2049 68
1838 1990 1915 2050 ad
1957 1995 2065 2050 72.
2130 1994 2214 2052 73
2258 1992 2333 2050 ad
2376 1998 2497 2052 77.

382 2094 466 2150 87
509 2090 587 2151 ad
630 2091 791 2149 102.
861 2089 950 2148 Ex
985 2089 1100 2148 hac
1139 2105 1327 2149 causa
1364 2096 1494 2160 est,
1548 2090 1707 2166 quod
1742 2097 1997 2166 quatuor
2034 2092 2329 2163 Cherubi,
2384 2111 2503 2171 per

375 2208 524 2270 quos
561 2189 928 2268 significatur
963 2189 1254 2249 Custodia
1297 2196 1360 2249 et
1393 2189 1781 2250 Providentia
1822 2191 2067 2251 Domini
2111 2209 2187 2252 ne
2237 2192 2502 2254 adeatur

372 2294 488 2351 nisi
523 2308 633 2369 per
666 2290 885 2348 bonum
923 2292 1173 2362 amm-ie,
1223 2293 1340 2351 visi
1376 2292 1494 2349 sint
1528 2291 1685 2350 sicut
1715 2291 2017 2368 homines,
2058 2295 2297 2352 tametsi
2332 2312 2496 2378 qua-

374 2400 510 2452 tuor
553 2392 737 2451 faeies
775 2392 994 2466 cuivis,
1049 2397 1112 2450 et
1145 2391 1305 2468 quod
1337 2390 1631 2450 Dominus
1686 2407 1873 2468 supra
1904 2392 2040 2453 illos
2093 2395 2259 2452 visus
2312 2395 2392 2452 sit
2428 2400 2498 2454 ut

371 2493 596 2567 Hon103
653 2492 813 2568 quod
861 2497 1116 2568 quatuor
1153 2490 1415 2551 Cherubi
1474 2493 1589 2551 visi
1628 2494 1747 2550 sint
1798 2500 1865 2552 ut
1898 2492 2197 2568 homines,
2255 2500 2497 2554 constat

375 2593 538 2670 apud
571 2591 950 2652 Ezechielem
987 2591 1172 2668 „Hic
1207 2596 1501 2672 aspectus
1536 2597 1809 2672 quatuor
1833 2591 2255 2667 Ani-melium,
2296 2593 2493 2655 simi-

373 2689 584 2754 titudo
622 2691 900 2754 hominis
925 2691 1098 2764 illis,
1146 2691 1260 2754 aed
1285 2697 1559 2772 quatuor
1578 2691 1793 2773 facies
1826 2691 2203 2772 unicuique“
2236 2695 2286 2753 1:
2324 2695 2383 2752 5.
2422 2699 2491 2752 6:

373 2793 644 2854 similiter
679 2793 795 2852 duo
826 2793 1088 2854 Cher-ubi
1122 2811 1306 2872 super
1331 2793 1753 2872 Propitiatorio
1790 2800 1961 2853 erant
1993 2793 2141 2851 facie
2178 2793 2331 2852 sieut
2364 2792 2485 2851 ho·-

373 2895 583 2952 mines.
660 2891 836 2968 Quod
869 2894 1162 2955 Dominus
1206 2897 1374 2954 visus
1422 2897 1503 2954 sit
1548 2911 1733 2971 supra
1768 2901 2025 2971 quatuor
2063 2893 2375 2954 Cherubos
2417 2899 2493 2953 >ut

370 2992 596 3065 Homo,
655 2991 869 3052 dicitur
917 2998 1096 3056 etiam
1143 2995 1320 3072 apud
1345 2993 1602 3056 eundem
1634 2994 2001 3071 Prophetam
2055 3037 2094 3068 „
2118 2991 2336 3076 Swpra
2372 3013 2491 3056 ex·—

364 3107 674 3172 pansum,
727 3091 896 3169 quod
941 3113 1134 3174 super
1186 3093 1395 3173 capite
1448 3093 1896 3168 Olim-taborum,
1951 3093 2144 3172 quasi
2192 3099 2489 3174 aspectus

373 3188 620 3271 lapidis
655 3189 978 3270 sapphiri,
1027 3191 1390 3254 similitudo
1432 3193 1703 3269 Thi-oni,
1734 3200 1794 3258 et
1827 3213 2019 3273 super
2056 3180 2488 3256 similitudine

376 3287 624 3353 Thr-oni
661 3287 1024 3353 similitudo
1067 3293 1258 3372 quasi
1301 3300 1596 3374 aspectus
1634 3293 1945 3356 Hominis
1988 3311 2181 3372 super
2214 3292 2329 3356 illo
2370 3314 2483 3355 su-

360 3391 633 3475 perius“
671 3391 734 3451 I:
776 3395 888 3454 26.

531 3497 567 3554 2
585 3495 694 3552 81.
748 3493 825 3553 Et
873 3499 1149 3571 quartum
1193 3495 1433 3555 Animal
1480 3496 1675 3556 simile
1710 3497 1969 3574 Aquilae
2014 3495 2271 3565 volanti,
2324 3493 2477 3570 quod

373 3593 670 3672 significet
699 3596 761 3653 iu
795 3593 1018 3654 ultimis
1070 3597 1483 3673 apparentiam
1517 3597 1774 3657 Divinae
1810 3596 2137 3657 Custodiae
2174 3603 2233 3657 et
2264 3593 2473 3654 Provi-

375 3693 614 3756 dentiae
663 3695 858 3771 quoad
903 3696 1358 3772 intelligentiam
1408 3704 1468 3756 et
1516 3697 1713 3773 quoad
1756 3699 2238 3774 perspectionem
2286 3691 2480 3752 unde-

375 3813 612 3874 quaque
633 3840 649 3870 ,
690 3803 922 3854 constat
959 3811 1030 3856 ex
1066 3796 1493 3874 significatione
1521 3797 1789 3874 aquilae,
1829 3796 1991 3874 quod
2023 3799 2103 3856 sit
2136 3794 2480 3871 intelligen-

371 3897 475 3970 tia,
511 3895 609 3955 hic
633 3895 1027 3972 intelligentia
1052 3896 1276 3956 Divina
1311 3913 1466 3973 quae
1504 3902 1611 3957 est
1624 3895 1949 3957 Custodiae
1978 3903 2038 3956 et
2062 3893 2485 3955 Providentiae

374 3992 646 4067 Domini;
685 3994 847 4074 quod
881 3995 1082 4072 aquila
1115 3999 1194 4055 sit
1225 3993 1621 4074 intelligentia
1658 4003 1752 4079 est
1788 4001 1931 4074 quia
1962 3995 2359 4072 intelligentia
2388 3995 2485 4052 est

375 4087 438 4143 in
471 4085 604 4144 luce
643 4089 836 4166 Coeli,
895 4099 955 4154 et
989 4095 1192 4178 aquila
1228 4097 1348 4155 alte
1386 4097 1551 4156 volat
1584 4103 1653 4155 ut
1684 4097 1769 4157 ibi
1806 4101 1913 4170 sit,
1954 4105 2014 4155 et
2041 4094 2484 4172 circumspiciat

371 4182 805 4260 undequaque,
855 4192 994 4252 iude
1044 4200 1138 4253 est
1183 4196 1340 4270 quod
1378 4196 1529 4256 haec
1576 4197 1763 4258 facies
1817 4197 2081 4258 Cherubi
2132 4191 2486 4272 apparuerit
