2700 4792
68 4333 71 4354 -
68 4297 71 4322 .-
68 4277 70 4284 -
68 4241 70 4266 η..
68 4005 75 4222 -.---.-,--

415 335 526 390 282
807 321 1298 406 APOCALYPSIS
1347 273 1783 378 EXPLIGAirA.
1859 318 1911 387 §-
1956 325 2088 380 1⁹3.

423 483 640 544 3128.
685 482 897 541 5023.
943 481 1154 540 6690.
1201 479 1413 540 ⁷353.
1462 479 1671 536 ⁷910.
1719 477 1933 536 7929.
1984 475 2217 548 91503
2270 477 2329 532 et
2367 472 2512 548 quod

413 583 716 644 fenestrae
755 582 874 640 sint
901 579 1051 640 illud
1079 580 1292 639 mentis
1323 577 1485 656 quod
1508 583 1760 638 vocatur
1790 575 2143 636 intellectus
2180 573 2285 634 ubi
2307 589 2513 644 verum,

415 701 484 743 ηε
524 681 688 743 655.
735 683 894 742 658.
939 683 1162 756 33913
1215 679 1353 738 inde
1386 684 1587 755 patet,
1644 676 1791 754 quid
1825 675 2205 753 significatur
2237 690 2345 751 per
2378 671 2519 748 quod

416 787 480 844 in
523 797 692 842 muro
739 787 1010 851 current,
1063 797 1133 840 ac
1180 782 1242 838 in
1293 779 1501 838 domos
1552 777 1911 848 ascendent,
1971 782 2035 834 et
2088 793 2203 852 per
2250 774 2521 832 fenestras

415 881 824 960 ingredientur
871 883 1030 940 sicut
1063 881 1176 940 fur.
1259 865 1446 954 Apud
1476 877 1817 954 Hoscheam
1874 874 2182 952 „Sanavi
2218 867 2518 943 Israelem,

413 989 564 1044 tum
611 978 890 1042 revelata
927 987 1022 1040 eet
1061 978 1375 1059 iniquitas
1413 977 1791 1058 Ephraimi,
1844 982 1903 1038 et
1960 973 2150 1038 mala
2188 971 2519 1042 Samariae,

415 1082 572 1164 quia
611 1080 902 1161 fecerunt
956 1079 1384 1154 mendacium,
1450 1085 1510 1138 et
1554 1079 1681 1158 fur
1732 1077 1929 1150 venit,
2002 1082 2067 1136 et
2124 1070 2427 1152 diffundit
2468 1088 2522 1128 se

415 1189 636 1246 turma
670 1180 866 1261 forae
885 1183 925 1216 ‘⁶‘
977 1181 1136 1242 VII:
1195 1183 1224 1240 1
1251 1200 1267 1256 3
1335 1181 1621 1256 iniqnitas
1666 1177 1976 1254 Ephraimi
2037 1173 2345 1252 significat
2390 1170 2523 1230 falsa

415 1281 788 1357 intellectus,
845 1289 906 1342 et
951 1281 1109 1340 mala
1144 1280 1451 1340 Samariae
1500 1279 1661 1338 mala
1694 1273 2065 1352 voluntatis3
2120 1277 2325 1334 facere
2369 1288 2517 1330 men·
2631 1271 2632 1274 ’

418 1382 656 1442 dacium
695 1387 795 1442 est.
827 1384 1092 1458 cogitare
1145 1388 1206 1440 et
1239 1379 1397 1451 velle
1434 1380 1651 1440 falsum
1693 1397 1767 1438 ex
1803 1379 1996 1453 malo3
2056 1378 2154 1436 fur
2207 1363 2523 1432 est'falsum

419 1482 698 1544 auferens
735 1487 798 1542 et
832 1482 1133 1558 dissipans
1170 1498 1411 1550 verum,
1462 1487 1525 1542 et
1557 1486 1785 1553 turma,
1836 1497 1995 1556 quae
2032 1494 2105 1536 se
2144 1471 2407 1544 effundit,
2442 1475 2519 1528 est

419 1582 646 1643 malum
683 1582 928 1660 ejiciens
963 1581 1201 1640 bonum.
1259 1580 1439 1656 Quod
1464 1579 1747 1656 Ephraim
1784 1582 1863 1638 sit
1886 1573 2305 1638 intellectuale
2339 1571 2517 1630 talium

419 1699 575 1760 quae
623 1681 970 1756 Ecclesiae,
1040 1681 1315 1740 videatur
1378 1699 1447 1740 n:
1510 1682 1723 1743 3969.
1784 1681 1997 1740 5354.
2054 1678 2271 1736 6222.
2330 1672 2512 1730 6234.

421 1783 634 1842 6238.
677 1785 886 1842 6267.
941 1783 1174 1842 6296.
1231 1781 1391 1856 quod
1429 1780 1805 1840 mendacium
1854 1783 1931 1838 sit
1982 1778 2211 1838 falsum
2250 1791 2325 1832 ex
2358 1769 2513 1838 male,
2631 1759 2632 1792 ³

417 1900 486 1943 n:
529 1882 740 1941 8908.
787 1883 1008 1940 9248:
1065 1880 1226 1957 quod
1259 1887 1459 1940 turma
1505 1883 1583 1940 sit
1618 1881 1836 1938 bonum
1871 1881 2127 1956 ejiciens
2166 1873 2417 1943 malum,
2463 1872 2513 1926 et

417 1983 478 2040 in
533 1983 808 2057 opposito
847 1997 1030 2040 sensu
1075 1980 1296 2042 malum
1349 1982 1597 2058 ejiciens
1631 1979 1885 2049 bonum,
1940 1999 2011 2038 n:
2060 1977 2278 2038 3934.
2330 1967 2511 2030 3935.
2631 1957 2632 1984 ³

427 2082 636 2142 6404.
686 2081 895 2140 6405.
975 2081 1148 2140 Haec
1183 2082 1369 2140 allata
1394 2088 1569 2164 sunt,
1625 2087 1697 2139 ut
1728 2083 1953 2140 sciatur
1990 2077 2141 2158 quid
2174 2092 2287 2152 per
2320 2071 2511 2130 Furem
2631 2067 2632 2142 g

416 2183 480 2240 in
505 2179 708 2238 Verbo
743 2181 1110 2258 significatur
1129 2225 1146 2251 ,
1201 2181 1367 2258 quod
1398 2197 1617 2257 nempe
1650 2181 1869 2239 falsum
1905 2186 2162 2238 vastans
2182 2221 2199 2251 ,
2256 2169 2405 2249 quod
2436 2171 2512 2225 est

418 2281 638 2340 falsum
689 2281 969 2340 auferens
1024 2287 1086 2340 et
1135 2282 1455 2342 destruens
1502 2298 1731 2342 verum.
1807 2280 2138 2340 Ostensum
2200 2281 2293 2334 est
2334 2283 2507 2344 supra,

421 2380 582 2458 quod
612 2388 1038 2458 postmortem
1093 2383 1439 2441 auferantur
1474 2397 1680 2440 omnes
1702 2383 2089 2457 cognitiones
2142 2376 2274 2436 veri
2308 2377 2365 2430 et
2395 2366 2507 2453 boni

421 2498 498 2542 ex
531 2480 752 2557 Verbo,
792 2499 951 2560 quae
989 2499 1106 2542 non
1142 2482 1513 2559 spiritualem
1548 2483 1733 2540 vitam
1770 2481 2027 2558 adeptae
2066 2484 2237 2551 sunt,
2290 2465 2506 2550 proinde

417 2581 570 2652 illis,
621 2584 724 2660 qui
756 2599 1022 2660 non-per
1049 2584 1419 2660 cognitiones
1456 2599 1531 2641 ex
1567 2581 1772 2642 Verbo
1810 2580 2161 2658 spirituales
2196 2576 2336 2636 facti
2358 2571 2502 2629 sunt:

417 2683 533 2744 hec
568 2682 728 2745 idem
762 2687 944 2744 etiam
977 2683 1376 2760 significatum
1412 2689 1507 2744 est
1538 2701 1651 2760 per
1685 2683 1861 2758 plura
1894 2685 1954 2740 in
1982 2678 2301 2740 Historicis
2325 2665 2499 2735 Verbi.

423 2782 584 2861 quod
616 2800 810 2860 usque
861 2777 1036 2844 ne'mo
1072 2783 1278 2843 videre
1313 2790 1545 2860 petest,
1601 2785 1716 2842 nisi
1752 2783 1854 2858 qui
1904 2784 2017 2842 scit
2065 2793 2311 2840 sensum
2343 2769 2497 2846 spiri-

419 2882 645 2942 tualem
687 2882 906 2944 Verbi:
958 2884 1074 2942 hoc
1119 2883 1517 2960 significatum
1567 2889 1661 2944 est
1720 2899 1830 2958 per
1880 2882 2041 2958 quod
2100 2879 2238 2940 Filii
2284 2865 2499 2933 Israelis

421 2988 626 3042 mutuo
663 2984 1006 3059 acciperent
1041 2983 1117 3042 ab
1153 2984 1473 3062 Aegyptiis
1522 3001 1767 3053 aurum,
1818 2989 2165 3058 argentum,
2222 2983 2282 3036 et
2313 2975 2497 3032 vestes,

423 3088 486 3142 et
517 3083 606 3140 sic
651 3079 757 3139 illa
804 3085 978 3165 quasi
1019 3083 1176 3144 furto
1223 3085 1561 3159 auferrent,
1612 3083 1686 3142 de
1724 3083 1939 3159 quibus
1990 3084 2078 3142 ita
2128 3075 2291 3157 apud
2322 3071 2499 3132 M⁰⁸e¹¹

422 3179 862 3259 „Mandatum
907 3187 1031 3258 est,
1084 3187 1160 3244 ut
1205 3187 1427 3244 mutuo
1468 3182 1819 3264 acciperent
1866 3183 1945 3242 ab
1984 3175 2329 3261 Aeyyptiia
2370 3179 2497 3230 vasa

421 3279 574 3342 auri
613 3286 674 3340 et
710 3300 870 3344 vasa
913 3283 1168 3364 amenti
1207 3287 1267 3342 et
1307 3289 1509 3344 vostea
1524 3305 1545 3344 .·
1596 3288 1655 3342 et
1696 3282 1981 3344 Jehovah
2024 3281 2206 3344 dedit
2250 3268 2498 3358 gratiam

420 3382 493 3444 in
541 3379 744 3444 oculi-3
777 3383 1276 3464 Aegyptiorum,
1325 3389 1401 3443 ut
1450 3382 1675 3446 darent
1720 3381 1863 3444 illis
1918 3388 2164 3457 mutzw,
2220 3383 2390 3454 atquo
2416 3366 2493 3427 im

419 3484 727 3564 eriperent
779 3483 1176 3564 Aeyyptiz‘a“
1257 3483 1458 3544 Exod:
1506 3484 1659 3544 XII:
1718 3484 1827 3544 35.
1870 3484 1991 3560 363
2056 3501 2169 3560 per
2204 3469 2491 3554 Aegyptios

419 3587 864 3663 repraesentati
897 3591 1037 3644 sunt
1087 3586 1188 3660 qui
1224 3600 1387 3642 mere
1422 3583 1729 3645 naturales
1766 3589 1933 3652 sunt,
1990 3591 2049 3644 et
2084 3589 2283 3641 tamen
2314 3570 2487 3634 multas

422 3689 790 3764 cognitiones
824 3683 1137 3762 possident
1156 3704 1172 3760 3
1226 3702 1339 3762 per
1374 3683 1527 3744 filios
1563 3684 1811 3743 Israelis
1862 3683 1952 3744 illi
2016 3685 2119 3761 qui
2154 3670 2487 3760 spirituale&

420 3804 531 3866 per
566 3803 718 3849 vasa
759 3787 920 3857 auri,
966 3787 1199 3862 argenti
1235 3789 1296 3844 et
1331 3801 1569 3861 quoque
1606 3792 1825 3844 vestes·
1870 3784 2277 3861 significantur
2320 3765 2483 3846 cogni-

420 3890 616 3948 tiones
654 3889 784 3947 veri
820 3892 880 3945 et
913 3886 1084 3959 boni,
1143 3901 1292 3961 quas
1330 3885 1671 3962 spirituales
1712 3884 2228 3962 applicant'bono‚
2277 3874 2372 3940 sed
2398 3881 2483 3926 11³·

423 3985 650 4044 turales
687 3987 994 4062 applicant
1029 3985 1216 4060 malo,
1274 3990 1336 4042 et
1372 3986 1458 4044 sic
1495 3985 1825 4043 destruunt.
1903 3984 2109 4044 Simile
2145 3975 2481 4060 significatum

427 4088 521 4142 est
554 4099 664 4156 per
701 4085 861 4158 qued
898 4085 1124 4144 Gentes
1162 4085 1465 4144 devotioni
1500 4085 1799 4155 darentur,
1852 4091 1911 4145 et
1946 4084 2125 4144 simul
2156 4083 2337 4142 omnia
2364 4075 2483 4146 (1⁰³⁰

429 4179 590 4252 apud
648 4179 784 4235 illas
845 4183 944 4240 vel
1003 4183 1494 4244 comburerentur
1553 4184 1652 4243 vel
1688 4184 2135 4261 diriperentur,
2167 4183 2269 4242 'de
2314 4167 2479 4254 quibus
