2700 4792
405 326 515 382 408
728 299 1236 372 ‘APOCALYPSIS
1278 315 1710 374 EXPLIOATA.
1778 315 1827 384 §.
1872 324 2006 378 242.
2058 324 2190 378 ²43.

402 495 514 555 per
549 474 720 553 quod.
744 474 819 534 de
852 475 1132 553 implexis
1167 476 1299 534 auri
1331 475 1521 534 vestis
1558 471 1689 551 ejus
1709 517 1726 545 ‚
1774 473 2139 551 intelligitur
2186 472 2345 550 quod
2375 490 2514 532 vera

399 579 520 636 sint
555 593 624 635 ex
658 574 834 635 bono.
887 574 1073 652 Apud
1097 574 1470 634 Matthaeum
1506 573 1748 649 „Jeane
1774 572 1963 635 dixit
2000 569 2346 653 discipulis
2368 591 2514 650 qnos

397 675 612 738 emisit
655 673 747 736 ad
789 671 1385 755 evanyelizandum‚
1450 673 1618 753 quod
1656 691 1783 734 non
1811 672 2228 754 poa-<riderent
2274 690 2509 746 auram,

400 796 512 838 nec
561 780 898 854 amentum
947 792 1056 834 nec
1098 794 1208 835 aea
1257 774 1328 835 in
1362 774 1546 843 zonis
1580 773 1768 835 suist
1847 775 1932 834 X:
1979 776 2055 850 93
2111 792 2224 851 per
2262 773 2375 831 hoe
2416 789 2508 830 re-

401 881 850 954 praesentatum
888 881 1015 950 est,
1068 875 1230 952 quod
1263 875 1409 934 nihil
1444 874 1585 933 boni
1620 881 1680 933 et
1704 876 1836 933 veri
1864 891 1941 934 ex
1971 891 2041 934 se
2070 874 2378 942 haberent,
2411 870 2509 930 sed

407 995 485 1038 ex
531 975 663 1036 solo
707 975 962 1035 Domino
983 1019 998 1045 ,
1063 983 1123 1034 et
1171 975 1331 1051 quod
1390 977 1579 1051 gratis
1644 977 1845 1034 omnia
1904 974 2294 1034 donarentur.
2368 970 2511 1046 Quia

405 1079 638 1137 Aurum
695 1073 1068 1152 significabat
1113 1075 1334 1134 bonum
1383 1077 1636 1145 muntia,
1699 1074 1835 1133 ideo
1894 1071 2134 1134 Mensa
2174 1087 2363 1151 super
2394 1087 2508 1149 qua

373 1241 382 1252 ,
393 1176 790 1260 ponebantur
837 1172 1054 1235 Panes
1097 1173 1422 1255 facierum
1438 1218 1455 1249 ,
1537 1173 1809 1234 obducta
1858 1178 2007 1234 erat
2064 1191 2259 1246 aure,
2320 1169 2506 1229 Exod:

405 1276 614 1338 XXV:
657 1277 769 1336 23.
815 1276 941 1332 24:
1007 1275 1277 1334 similiter
1328 1271 1561 1335 Altare
1598 1274 1895 1354 suffitus,
1950 1273 2116 1351 quod
2163 1271 2298 1330 inde
2334 1285 2503 1329 voca-

403 1377 582 1436 batur
615 1375 824 1436 Altare
859 1391 1137 1451 aureum,
1173 1374 1375 1436 Exod:
1412 1374 1633 1435 XXX:
1668 1377 1741 1434 3:
1780 1391 1852 1435 ac
1889 1375 2031 1434 ideo
2061 1367 2507 1433 Candelabrum

391 1477 653 1558 factum
695 1479 790 1534 est
827 1491 908 1534 ex
924 1493 1096 1552 puro
1121 1491 1298 1550 aure,
1345 1475 1544 1534 Exod:
1582 1475 1789 1536 XXV:
1826 1477 1863 1534 3
1883 1478 1940 1533 1.
1978 1477 2108 1534 38:
2148 1471 2306 1550 quod
2340 1471 2505 1529 etiam

407 1575 707 1650 Cher-ubi,
747 1573 953 1634 Exod:
989 1575 1196 1635 XXV:
1235 1579 1262 1633 1
1281 1577 1359 1634 8:
1399 1582 1459 1633 et
1482 1575 1619 1634 ideo
1653 1573 1831 1634 Arca
1858 1574 2138 1636 obducta
2174 1575 2311 1632 erat
2346 1567 2507 1628 intra

405 1681 466 1736 et
499 1680 687 1737 extra
713 1671 914 1743 Auro,
960 1675 1162 1736 Exod:
1197 1674 1404 1734 XXV:
1451 1679 1478 1732 1
1501 1678 1567 1733 1:
1622 1675 1896 1734 similiter
1942 1674 2123 1752 plura
2168 1673 2231 1730 in
2266 1665 2502 1742 Templo

405 1774 892 1850 Hierosolymae:
946 1773 1296 1838 Tentorium
1344 1777 1502 1834 enim
1558 1773 1662 1833 ubi
1709 1775 1903 1852 Arca,
1964 1771 2257 1844 Cherubi,
2309 1766 2504 1827 Mensa

408 1892 594 1952 super
628 1890 749 1950 qna
781 1889 971 1948 panes
1004 1875 1323 1949 facierum,
1378 1874 1589 1934 Altare
1624 1873 1893 1948 suffituS,
1952 1881 2015 1934 et
2064 1867 2501 1932 Candelabrum,

403 1961 904 2051 repraesentabat
949 1973 1196 2033 Coelum
1207 1994 1225 2049 3
1292 1977 1522 2050 pariter
1572 1974 1921 2051 Templum,
1992 1980 2055 2033 et
2098 1971 2238 2030 inde
2290 1968 2501 2026 Aurum

402 2074 490 2134 ibi
529 2072 902 2150 significabat
943 2073 1164 2133 bonum
1201 2075 1455 2146 amoriS,
1508 2080 1569 2134 et
1602 2079 1919 2150 argentum
1955 2089 2168 2132 verum
2220 2086 2295 2128 ex
2336 2065 2497 2123 bono.

415 2173 574 2250 Quia
647 2173 1090 2232 sanctissimum
1153 2167 1323 2234 Coeli
1381 2173 1957 2250 repraesentabatur
2016 2190 2130 2250 per
2180 2169 2395 2229 Aurum
2444 2162 2498 2219 in

409 2273 664 2351 Templo
677 2317 694 2348 ,
755 2272 892 2332 ideo
967 2319 1004 2350 „
1022 2292 1167 2335 eum
1208 2270 1608 2334 Belschazar
1659 2273 1885 2334 biberet
1931 2273 2153 2334 vinum
2214 2285 2293 2328 eoe
2336 2257 2495 2323 va8i8

403 2374 557 2436 auri
593 2371 840 2434 eductis
879 2391 958 2435 ew
1000 2370 1258 2452 Templo
1295 2371 1411 2434 illo
1425 2418 1441 2448 ,
1494 2379 1557 2434 et
1593 2369 1791 2436 simul
1817 2369 2123 2434 laudaret
2160 2367 2306 2429 deos
2344 2356 2492 2426 anri,

404 2472 690 2555 arqenti,
741 2471 940 2546 aeq-is,
962 2473 1138 2555 fem-i
1151 2517 1167 2548 ,
1214 2470 1383 2553 ligni
1406 2479 1467 2534 et
1501 2469 1775 2553 lapidis,
1825 2472 2143 2552 scriptum
2176 2458 2493 2546 apparebat

366 2656 371 2661 ⁸
405 2575 479 2636 in
513 2573 790 2656 pariete,
847 2572 1270 2645 Numeratue,
1341 2571 1709 2653 Appeneue,
1758 2572 2053 2634 Divi-sue
2067 2617 2086 2647 ,
2158 2573 2218 2628 et
2270 2560 2376 2625 ille
2427 2573 2492 2616 ea

404 2681 582 2736 nocte
623 2675 866 2736 occiana
903 2679 998 2734 est
1021 2677 1060 2708 “
1105 2674 1274 2733 Dan:
1309 2672 1390 2732 V:
1436 2676 1471 2731 2
1523 2689 1691 2749 seq?
1718 2664 2171 2750 significabatur
2217 2667 2363 2725 enim
2394 2672 2491 2736 per

364 2845 368 2849 ι
407 2775 467 2833 id
502 2775 898 2854 prophanatio
933 2774 1090 2834 boni.
1145 2774 1475 2832 Praeterea
1507 2790 1619 2850 per
1654 2774 1885 2831 Aurum
1918 2775 1981 2830 in
2020 2769 2291 2848 opposito
2322 2772 2487 2820 sensu

403 2875 468 2932 in
500 2874 704 2934 Verbo
761 2874 1128 2950 significatur
1187 2872 1410 2932 malum
1464 2855 1685 2932 amoris
1732 2875 1859 2946 sui,
1885 2881 1893 2888 ·
1919 2880 1983 2932 et
2040 2887 2151 2948 per
2185 2865 2489 2941 Argentum

403 2971 622 3031 falsum
657 2973 832 3042 inde,
867 2980 934 3031 ut
969 2973 1131 3049 apud
1165 2973 1378 3032 Mosen
1417 2969 1820 3052 „Aryentum
1844 2977 1905 3031 et
1928 2973 2187 3033 Aurum
2214 2957 2486 3024 Gentium

403 3090 529 3132 non
594 3070 1024 3151 concupiscent
1035 3115 1054 3147 ,
1131 3071 1286 3150 quia
1340 3070 1868 3147 abominationes,
1946 3089 2057 3132 nec
2102 3062 2383 3128 inducent
2426 3051 2487 3112 2⁰⁷⁸

405 3171 664 3231 domum
703 3187 893 3230 auam
902 3216 921 3248 ‚
976 3169 1089 3231 aed
1135 3169 1589 3233 devovebantwr
1640 3171 1796 3251 quia
1832 3164 2256 3252 abominanda
2292 3162 2352 3218 et
2388 3151 2482 3212 de-

409 3268 756 3332 testanda“
817 3270 1007 3331 Deut:
1045 3271 1198 3330 VH:
1254 3272 1366 3330 25.
1412 3273 1535 3347 263
1613 3272 1722 3330 sed
1782 3271 1857 3332 de
1918 3272 2035 3332 hae
2084 3256 2481 3343 significatione

406 3365 555 3432 Auri
589 3377 651 3430 et
682 3369 935 3448 Argenti
970 3372 1200 3431 dicetur
1231 3371 1405 3429 infra.

561 3473 723 3530 243.
774 3471 851 3531 Et
887 3473 1251 3532 vestimenta
1286 3469 1427 3529 alba
1462 3478 1531 3530 ut
1554 3471 1849 3542 induaris,
1902 3470 2061 3549 quod
2108 3458 2385 3541 significet
2427 3450 2478 3504 et

405 3574 666 3649 genuina
698 3589 846 3632 vera
881 3578 942 3632 et
973 3571 1111 3631 inde
1146 3569 1631 3646 intelligentiam,
1688 3578 1922 3630 constat
1974 3589 2049 3630 ex
2084 3553 2475 3642 significatione

405 3675 896 3732 vestimentorum
932 3672 1234 3745 alborum,
1290 3670 1451 3745 quod
1484 3673 1603 3729 sint
1637 3672 1899 3746 genuina
1932 3686 2101 3741 vera,
2156 3648 2475 3756 vestimenta

205 3769 366 3834 [270]
406 3773 563 3832 enim
597 3772 931 3849 significant
963 3789 1134 3845 vera,
1171 3770 1448 3829 videatur
1480 3785 1667 3846 supra
1699 3788 1759 3829 n:
1796 3774 1825 3830 1
1845 3773 1956 3847 96,
1996 3774 2056 3828 et
2086 3761 2277 3824 album
2308 3751 2469 3824 Sigm‘

408 3872 549 3931 ficat
583 3875 926 3949 genuinum,
962 3877 1023 3930 et
1055 3869 1441 3948 praedicatur
1475 3869 1549 3928 de
1576 3871 1765 3946 veriS,
1806 3872 1989 3930 etiam
2022 3880 2203 3942 supra
2232 3873 2299 3914 n:
2332 3843 2469 3956 19O63·

411 3977 472 4029 et
508 3988 583 4030 ex
619 3971 1050 4048 significatione
1085 3970 1365 4045 induere,
1423 3968 1583 4046 quod
1634 3971 1713 4028 sit
1744 3969 1881 4030 inde
1917 3957 2342 4040 intelligentiam
2372 3937 2468 4052 sssfl

408 4085 786 4141 comparare,
841 4063 978 4128 nam
1022 4087 1134 4146 per
1167 4072 1427 4146 genuina
1472 4085 1619 4128 vera
1654 4075 2030 4146 comparatur
2062 4059 2242 4124 omnis
2271 4038 2463 4110 intelli·-

408 4163 642 4237 gentia3
678 4163 1015 4226 intellectus
1053 4170 1207 4226 enim
1233 4167 1652 4229 humanu-‘sest
1678 4169 1967 4230 formatus
2004 4166 2077 4226 ad
2101 4140 2463 4233 recipiendum
