2700 4792
335 353 583 412 CAPUT
636 321 1054 443 secessum(
1273 395 1276 399 .
1684 357 1900 413 ven&
1942 365 2035 423 22.
2190 367 2301 426 221

29 481 58 494 r

161 515 394 584 simul,
453 533 526 574 ac
560 515 778 574 format
812 515 1139 574 Externum
1183 531 1296 575 seu
1333 517 1668 576 naturalem
1702 519 2005 580 hominem
2050 539 2301 599 prorsus

163 620 232 676 in
271 617 634 692 oppositum
685 615 928 674 Interno
975 632 1086 674 seu
1140 617 1444 694 spirituali
1487 617 1739 679 homiui:
1799 622 1937 681 inde
1984 639 2142 682 nune
2184 629 2295 699 est,

165 716 340 794 quod
398 717 510 792 qui
549 715 1024 774 falsificaverunt
1056 733 1204 774 vera
1257 716 1615 792 applicando
1652 719 1731 777 ad
1755 721 2026 796 jucunda
2074 723 2295 783 amoris

163 819 268 876 sui
317 823 384 876 et
445 815 679 890 mundI,
758 823 973 891 postea
1026 831 1145 874 non
1203 818 1437 893 possint
1496 823 1845 880 convertere
1886 838 1953 880 se
2006 822 2084 882 ad
2128 841 2292 886 vera.
2348 888 2352 892 .

168 917 346 977 Haec
387 933 554 975 nunc
591 923 731 974 sunt
768 931 922 990 quae
957 915 1371 993 intelliguntur
1405 935 1517 993 per
1554 935 1628 976 ea
1654 918 1842 978 verba
1910 921 2117 995 „Dedi
2150 922 2293 982 Mu-

160 1018 304 1077 lieri
347 1016 587 1076 Isabeli
623 1025 860 1094 tempus
897 1022 964 1073 ut
999 1019 1385 1092 resipisceret
1432 1035 1469 1075 a
1508 1019 1871 1078 scortatione
1902 1037 2035 1093 sua,
2090 1027 2150 1080 et
2174 1039 2295 1082 non

173 1120 510 1194 resipuit.“

339 1222 368 1277 1
391 1221 510 1278 63.
562 1220 722 1278 Ecce
759 1219 888 1296 Ego
927 1220 1174 1297 conjicio
1211 1219 1375 1278 illam
1410 1222 1470 1277 in
1506 1220 1747 1291 lectum,
1804 1223 1963 1298 quod
1998 1221 2293 1300 significet

175 1320 338 1398 quod
375 1319 801 1397 relinquantur
843 1337 952 1378 suo
989 1319 1250 1378 naturali
1282 1320 1508 1379 homini
1545 1327 1606 1379 et
1637 1321 1721 1379 ibi
1757 1321 2059 1382 doctrinae
2099 1324 2288 1384 falso-

173 1439 333 1495 rum,
383 1424 628 1480 constat
666 1437 740 1478 ex
775 1419 1208 1497 significatione
1237 1420 1408 1490 lecti,
1462 1420 1622 1498 quod
1658 1423 1737 1481 sit
1760 1423 2055 1482 naturalis
2089 1425 2283 1501 homo,

171 1527 238 1580 et
262 1538 516 1598 quoque
553 1521 822 1580 doctrina
857 1521 1161 1595 falsorum,
1195 1521 1267 1580 de
1299 1539 1419 1597 qua
1446 1522 1731 1598 sequitur.
1782 1523 1999 1600 Agitur
2033 1527 2095 1582 in
2128 1541 2287 1586 nunc

169 1621 612 1698 sequentibuS,
675 1621 748 1680 de
785 1621 902 1680 illis
939 1624 1044 1704 qui
1079 1637 1146 1680 se
1184 1623 1496 1697 patiuntur
1531 1622 1743 1682 seduci
1780 1623 1857 1683 ab
1890 1623 2041 1694 illis,
2094 1629 2196 1702 qui
2228 1628 2291 1684 in

175 1723 476 1782 Doctrina
509 1721 798 1780 falsorum
825 1727 964 1780 sunt
996 1739 1070 1780 ex
1101 1721 1370 1799 jucundo
1398 1739 1667 1781 amorum
1702 1725 1799 1782 sui
1834 1730 1895 1784 et
1927 1725 2147 1801 mundi,
2188 1728 2291 1803 qui
2382 1729 2392 1742 '

175 1829 320 1882 sunt
357 1825 467 1898 qui
501 1840 611 1899 per
646 1822 948 1881 Isabelem
980 1822 1425 1898 intelliguntur,
1466 1828 1536 1880 ut
1570 1840 1757 1899 supra
1804 1824 2025 1884 dictum
2064 1832 2182 1886 est:
2228 1828 2300 1897 ii:

177 1925 280 2000 qui
307 1939 380 1982 se
412 1923 623 1982 seduci
661 1925 984 1998 patiuntur,
1038 1940 1157 1981 non
1195 1929 1333 1981 sunt
1370 1925 1525 1982 sieut
1558 1923 1647 1982 illi
1682 1926 1783 1999 qui
1819 1924 2289 1985 falsificaverunt

176 2041 326 2082 vera
378 2029 440 2082 et
485 2023 980 2082 adulteraverunt
1027 2023 1186 2081 bona
1248 2041 1322 2082 ex
1373 2023 1641 2100 jucundo
1699 2023 1935 2083 illorum
1996 2041 2283 2104 amorum,
2323 2043 2490 2106 [ιω]

176 2141 318 2182 nam
353 2123 420 2182 hi
455 2123 735 2182 viderunt
769 2141 950 2193 vera,
1014 2130 1074 2182 et
1122 2123 1547 2200 applicuerunt
1578 2123 1699 2182 'illa
1742 2124 1821 2183 ad
1870 2126 2141 2186 favorem
2174 2128 2283 2204 ju-

175 2225 511 2283 cundorum
563 2241 842 2298 suorum,
901 2230 962 2282 et
999 2227 1088 2284 sic
1121 2231 1577 2302 perverterunt,
1646 2224 1709 2282 hi
1754 2231 1895 2284 sunt
1934 2228 2035 2302 qui
2070 2235 2289 2304 postea

177 2341 300 2384 non
336 2333 592 2400 possunt
631 2331 982 2384 convertere
1021 2341 1088 2384 se
1125 2324 1202 2383 ad
1243 2341 1388 2384 vera
1434 2331 1497 2383 et
1542 2324 1649 2383 illa
1699 2341 2058 2401 agnoscere,
2123 2333 2183 2388 et
2216 2327 2281 2388 hi

175 2431 328 2483 sunt
361 2425 436 2482 de
475 2424 690 2502 quibus
729 2428 791 2484 in
825 2424 1228 2500 praecedente
1275 2425 1545 2484 Articulo
1605 2442 1676 2483 n:
1723 2427 1752 2482 1
1774 2428 1857 2484 62
1920 2432 2119 2484 actum
2156 2433 2278 2486 est:

182 2541 400 2582 verum
437 2527 482 2583 ii
517 2527 614 2600 qui
645 2527 757 2583 hoc
801 2541 920 2583 non
963 2526 1263 2599 fecerunt,
1327 2523 1438 2583 sed
1471 2541 1537 2585 se
1575 2525 1650 2584 ab
1701 2524 1820 2584 illis
1870 2524 2078 2585 seduci
2108 2529 2281 2603 passi

184 2631 351 2698 sunt,
401 2643 519 2683 non
551 2627 634 2683 ita
659 2625 1042 2685 occluserunt
1081 2626 1387 2684 Internum
1422 2640 1535 2684 seu
1569 2625 1944 2702 spiritualem
1980 2624 2281 2704 hominem

180 2725 354 2800 apud
380 2743 466 2802 se,
521 2743 638 2785 non
677 2728 832 2786 enim
865 2727 985 2803 ipsi
1010 2726 1481 2786 falsificaverunt
1518 2744 1691 2800 vera,
1729 2725 1839 2785 sed
1876 2725 2127 2786 credunt
2160 2725 2279 2786 illis

183 2827 289 2902 qui
317 2825 815 2896 falsificaverunt,
851 2827 993 2904 quia
1027 2833 1246 2886 sonant-
1279 2832 1345 2884 ut
1380 2843 1525 2885 vera
1537 2872 1553 2902 ,
1601 2844 1721 2885 non
1758 2828 1915 2886 enim
1950 2826 2133 2886 altius
2171 2843 2277 2886 co-

184 2927 388 3002 gitant,
439 2945 620 3004 quam
657 2927 817 3003 quod
853 2927 1214 2987 credendum
1248 2927 1324 2986 sit
1362 2927 1816 3004 Antesignanis,
1869 2929 2012 3005 quia
2052 2926 2278 2988 intelli-

183 3035 393 3102 gentes
433 3035 494 3087 et
528 3030 863 3104 sapientes,
925 3029 1009 3086 ita
1041 3027 1312 3104 pendent
1347 3045 1423 3086 ex
1460 3045 1561 3088 ore
1612 3029 1879 3106 magistri
1890 3049 1906 3104 3
1956 3028 2107 3088 tales
2140 3034 2281 3088 sunt

179 3126 454 3204 plerique
506 3127 684 3187 hodie
731 3129 793 3185 in
831 3127 1281 3188 christianismo
1302 3173 1317 3200 ,
1380 3130 1669 3204 imprimis
1723 3131 1825 3204 qui
1870 3131 1994 3188 nati
2045 3135 2185 3188 sunt
2218 3131 2283 3188 in

179 3231 378 3298 terris,
431 3229 532 3286 ubi
567 3228 776 3304 religio
811 3229 1152 3303 Pontificia,
1210 3227 1273 3286 hi
1307 3229 1511 3305 itaque
1549 3234 1689 3286 sunt
1727 3231 1829 3305 qui
1870 3230 2281 3308 intelliguntur
2392 3211 2396 3216 ’

181 3343 296 3400 per
335 3327 724 3388 Maechantes
769 3345 903 3387 cum
942 3327 1270 3388 Isabelein
1313 3327 1489 3388 lecto.
1546 3327 1723 3404 Quod
1756 3329 1951 3390 lectus
1987 3329 2283 3408 significet

180 3423 529 3486 Doctrinam
567 3427 882 3502 falsorum,
934 3436 994 3487 et
1029 3421 1205 3487 simul
1250 3427 1589 3506 >naturalem
1623 3429 1950 3500 hominem,
2002 3437 2095 3488 est
2138 3430 2282 3504 quia

177 3525 472 3586 Doctrina
513 3529 804 3598 falsorum
851 3547 971 3588 non
1007 3528 1248 3588 aliunde
1288 3538 1381 3589 est
1417 3548 1595 3606 quam
1634 3547 1707 3589 ex
1748 3528 2006 3588 naturali
2041 3527 2277 3585 homine

177 3636 464 3704 separato
511 3647 549 3686 a
597 3628 930 3705 spirituali13
995 3635 1056 3688 et
1099 3630 1391 3690 naturalis
1433 3630 1609 3690 homo
1655 3635 1974 3705 separatus
2020 3643 2059 3684 a
2094 3627 2277 3701 spiri-

175 3727 324 3786 tuali
363 3729 668 3786 mundana
711 3729 878 3788 videt
929 3731 988 3788 in
1040 3729 1211 3805 luce,
1276 3737 1338 3789 at
1379 3731 1672 3790 coelestia
1716 3730 1776 3785 in
1818 3727 2099 3803 caligine,
2138 3724 2278 3783 inde

175 3825 396 3888 salsum
423 3829 558 3888 loco
585 3831 714 3888 veri
751 3836 812 3888 et
837 3830 1062 3889 malum
1096 3831 1228 3890 loco
1256 3831 1433 3906 boni;
1498 3836 1557 3888 et
1592 3830 1646 3887 si
1680 3827 1845 3885 videt
1871 3842 2111 3899 verum,
2157 3823 2277 3882 fal·-

175 3926 370 3988 silicat
407 3929 486 4002 id,
531 3935 592 3988 et
631 3930 686 3988 si
720 3930 944 3989 bonum
979 3930 1280 3990 adulterat
1313 3921 1409 4005 id‘3
1464 3927 1653 3988 influit
1692 3929 1847 3985 enim
1884 3924 2133 3986 Coelum
2165 3941 2281 4002 per

177 4024 562 4102 spiritualem
613 4045 723 4088 seu
759 4029 1068 4090 Internum
1104 4030 1405 4090 hominem
1434 4032 1495 4088 in
1532 4026 1882 4087 Naturalem
1911 4043 2021 4086 seu
2058 4027 2277 4086 Exter-

173 4141 329 4204 num,
385 4135 446 4188 et
479 4146 599 4188 non
626 4131 686 4187 in
720 4129 1070 4190 Naturalem
1099 4147 1209 4189 seu
1234 4131 1569 4188 Externum
1603 4115 1979 4200 immediate,
2024 4129 2086 4186 in
2120 4127 2281 4186 hune

174 4225 514 4289 immediate
563 4235 706 4290 tunc
766 4231 958 4290 influit
1005 4231 1294 4305 mundus;
1374 4236 1435 4289 et
1491 4247 1625 4289 cum
1676 4229 1932 4288 mundus
1981 4226 2277 4286 naturalis
