2700 4792
17 396 35 441 Γ

354 362 584 419 CAPUT
623 361 964 420 TERTIUM.
1643 407 1648 414 .
1696 407 1707 424 Α
1730 361 1948 418 VERS:
1990 373 2045 424 ².
2203 375 2311 430 277

217 523 472 583 videatur
503 539 692 598 supra
725 541 800 582 n:
846 525 876 582 1
897 525 1011 582 82.
1065 520 1367 582 Confirma
1416 521 1651 599 reliqua
1704 541 1859 600 quae
1898 527 2185 584 moritura
2220 527 2313 586 di-

215 627 380 692 eitur,
428 640 542 699 per
577 623 739 698 quod
791 623 1190 698 significatur,
1241 640 1318 682 ne
1367 623 1609 682 moralis
1648 625 1775 682 vita
1820 632 2033 700 pereat
2068 643 2105 684 a
2140 628 2313 686 malis

216 730 267 784 et
307 723 500 797 falsiS,
565 741 702 781 nam
753 726 878 782 vita
923 723 1164 782 moralis
1213 723 1441 799 absque
1486 723 1783 798 spirituali
1832 732 1925 782 est
1978 743 2095 784 non
2148 727 2312 786 aliud

214 842 374 902 quam
408 826 536 882 vita
569 823 888 898 naturalis,
945 825 1144 883 omnia
1179 825 1335 882 enim
1364 823 1529 880 'bona
1576 841 1731 899 quae
1768 823 1947 883 homo
1986 843 2061 883 ex
2098 827 2311 886 morali

212 927 322 984 vita
353 923 587 1000 absque
639 923 936 1000 spirituali
989 924 1144 1000 agit,
1217 941 1334 982 non
1370 932 1506 981 sunt
1540 940 1621 981 rex
1657 923 1777 982 alia
1810 927 2065 1000 origine,
2130 943 2311 1002 quam

214 1043 280 1084 ex
311 1041 510 1084 amore
561 1025 658 1082 sui
711 1024 1038 1092 etmundi,
1087 1027 1173 1082 ita
1209 1040 1282 1082 ex
1318 1026 1599 1100 proprio,
1664 1030 1725 1082 et
1760 1041 1835 1082 ex
1877 1026 2121 1101 proprio
2166 1026 2313 1084 nihil

213 1123 358 1182 aliud
391 1125 646 1184 scaturit
681 1141 857 1200 quam
897 1124 1119 1182 malum
1161 1129 1224 1182 et
1256 1122 1505 1189 falsum;
1550 1141 1689 1181 nam
1726 1125 1885 1200 quod
1917 1124 2065 1184 velit
2099 1125 2307 1186 audire

212 1225 436 1284 moralis
473 1225 679 1294 homo,
735 1231 829 1283 est
859 1227 1002 1300 quia
1035 1226 1314 1283 mentitur
1346 1223 1603 1294 bonum,
1655 1226 1951 1284 sincerum
1988 1231 2049 1283 et
2074 1226 2309 1303 justum

211 1327 264 1382 in
295 1333 544 1384 externa
592 1325 817 1399 forma,
869 1331 938 1384 ut
987 1324 1252 1384 obtineat
1302 1324 1489 1397 fines,
1546 1325 1648 1400 qui
1686 1331 1825 1382 sunt
1859 1330 2106 1400 propter
2143 1342 2219 1385 se
2248 1333 2309 1384 et

214 1425 513 1484 mundum:
574 1425 712 1484 inde
761 1431 885 1498 est,
943 1424 1103 1502 quod
1147 1426 1346 1482 omnia
1394 1442 1549 1501 quae
1596 1424 1759 1500 apud
1810 1424 1987 1486 illum
2022 1432 2199 1494 sunt,
2244 1428 2317 1486 in:

215 1541 276 1584 se
320 1532 557 1584 mortua
609 1527 780 1605 sint„
811 1527 898 1584 ita
942 1527 1262 1598 moritura,
1313 1527 1429 1584 nisi
1479 1525 1855 1584 vivificentur
1908 1542 2019 1602 per
2057 1543 2203 1584 vera
2246 1532 2311 1585 et

209 1623 380 1699 bona,
438 1643 594 1702 quae
645 1624 902 1686 efficiant
949 1633 1016 1686 ut
1067 1626 1379 1701 aperiatur
1421 1627 1691 1684 internus
1735 1625 2063 1701 spiritualis
2106 1626 2315 1699 home,

207 1743 310 1801 per
338 1725 498 1784 huuc
537 1725 972 1800 enim—abducit
1003 1726 1304 1784 Domi-nus·
1348 1725 1509 1786 mala
1564 1731 1625 1785 et
1669 1725 1824 1785 falsa
1878 1744 2031 1804 quae
2066 1734 2207 1786 sunt
2247 1729 2309 1785 iu

205 1825 474 1885 naturali.

351 1926 514 1995 1859.
593 1924 727 1984 Non
790 1928 946 1984 enim
1001 1928 1202 1988 inveni
1263 1934 1367 1986 tua
1413 1943 1599 2003 opera
1657 1927 1839 2005 plena
1892 1943 2091 1988 coram
2150 1929 2303 2005 Det),

205 2025 354 2102 quod
389 2025 686 2102 significet
733 2026 892 2102 quod
927 2025 1191 2101 alioquin
1229 2045 1344 2086 non
1373 2027 1657 2086 Divinum
1706 2030 1784 2086 sit
1818 2029 2041 2087 in'vita
2074 2028 2305 2104 morali,

201 2131 432 2186 constat
476 2142 553 2183 ex
609 2125 1038 2201 significatione
1087 2144 1361 2202 operum,
1420 2127 1579 2204 quod
1624 2129 1746 2185 sint
1789 2128 1894 2186 illa
1930 2146 2085 2204 quae
2122 2131 2303 2204 vitae,

197 2225 272 2286 de
305 2242 429 2302 qua
462 2241 649 2302 supra
681 2244 748 2283 n:
787 2229 816 2283 1
837 2227 946 2301 85,
1001 2227 1100 2286 hic
1134 2229 1296 2286 vitae
1332 2227 1606 2297 moi-alisi,
1660 2229 1800 2305 quia
1835 2228 1907 2286 de
1942 2228 2053 2288 illa
2080 2231 2313 2304 agitur;

196 2343 270 2385 ex
305 2325 740 2402 significatione
788 2326 971 2403 plena
1023 2344 1230 2386 eoram
1255 2327 1390 2387 Deo
1402 2373 1419 2403 ,
1472 2327 1639 2404 quod·
1668 2327 1745 2386 sit
1780 2328 1949 2404 quo&
1976 2345 2103 2387 nou
2126 2329 2309 2388 Divi-

191 2444 336 2484 num
399 2427 462 2483 in
505 2424 637 2501 illa;
707 2425 816 2484 ina
869 2445 1024 2503 quae
1087 2435 1228 2486 sunt
1283 2429 1444 2486 vitae
1494 2427 1770 2502 moralis,
1826 2445 1981 2502 quae
2040 2427 2139 2488 hio
2195 2445 2308 2504 per
2368 2447 2371 2450 ·

197 2543 392 2602 opera
455 2524 886 2600 significantur,
939 2527 1217 2586 dicuntur
1270 2528 1453 2604 plena
1516 2543 1715 2586 eoram
1751 2527 1906 2596 Deo,
1944 2527 2181 2604 quando
2232 2545 2313 2588 ex

201 2628 436 2701 origine
467 2627 756 2699 spirituali
791 2633 963 2697 sunt,
1017 2634 1078 2686 at
1111 2646 1229 2687 non
1265 2628 1447 2704 plena
1484 2627 1717 2702 quando
1752 2643 1871 2684 non
1908 2632 2049 2685 sunt
2086 2643 2161 2686 ex
2200 2626 2313 2684 illa.-

196 2727 458 2803 origine‚
510 2743 647 2784 nam
696 2729 818 2787 vita
866 2728 1104 2787 moralis
1125 2761 1150 2802 ,·
1197 2747 1354 2805 quae
1404 2736 1497 2787 est
1546 2735 1794 2786 externa
1853 2729 1981 2785 vita
2029 2726 2313 2796 hominiS,

193 2828 286 2886 vel
338 2828 454 2886 erit
509 2843 584 2883 ex
637 2829 864 2903 origine
899 2828 1226 2904 spirituali,
1277 2829 1379 2887 vel
1432 2847 1505 2887 ex
1552 2831 1787 2904 origine·
1830 2845 1953 2886 nou
1981 2826 2303 2903 spiritu-ali,

193 2945 304 2986 non
358 2926 506 2985 licet
553 2933 620 2984 ut
666 2929 744 2984 sit
782 2946 868 2986 »ex
919 2936 1202 3005 utraque,
1265 2929 1379 2988 hoc
1426 2935 1548 3000 est,
1598 2928 1823 3005 aliquid
1872 2928 2001 3005 ejus
2058 2943 2133 2986 ex
2184 2944 2309 2986 una

194 3029 454 3103 origine,
511 3031 572 3084 et
609 3027 833 3103 aliquid
883 3047 958 3088 ex
995 3029 1213 3098 altera,
1269 3045 1381 3088 seu
1416 3029 1649 3106 aliquid
1696 3047 1769 3088 ex
1808 3027 2030 3100 Coelo,
2084 3033 2145 3086 et
2190 3028 2307 3088 ali-

193 3128 335 3204 quid
373 3144 450 3185 ex
486 3126 742 3203 inferno,
797 3131 939 3204 quia
971 3130 1086 3188 hoc
1121 3129 1278 3188 foret
1310 3131 1536 3188 servire
1574 3130 1807 3189 duobus
1846 3129 2124 3200 dominiS,
2171 3129 2307 3188 Deo

192 3235 251 3288 et
293 3229 647 3297 mammoni,
701 3235 762 3286 et
825 3235 966 3288 tunc
1013 3229 1188 3288 homo
1239 3237 1334 3289 est
1386 3223 1655 3306 tepidus,⁴
1712 3247 1829 3288 non
1885 3229 2133 3308 frig-idus
2194 3247 2307 3288 nec

193 3327 458 3411 calidum
511 3345 698 3403 quare
749 3347 936 3406 opera
989 3337 1162 3388 erunt
1197 3330 1297 3390 vel
1339 3329 1521 3406 plena
1572 3348 1775 3390 coram
1807 3330 1972 3404 Deo,
2030 3329 2127 3388 vel
2170 3338 2309 3388 sunt

191 3425 362 3484 nulla
412 3443 606 3486 eoram
644 3428 814 3502 Deo,
870 3430 1004 3488 inde
1055 3437 1149 3489 est
1199 3431 1362 3507 quod
1394 3448 1504 3508 per
1551 3449 1670 3490 non
1714 3433 1917 3490 inveni
1962 3437 2069 3488 tua
2120 3445 2309 3504 opera

185 3527 372 3604 plena
405 3544 608 3586 coram
641 3528 814 3608 Deo,
873 3530 1241 3606 significetur
1288 3529 1446 3607 quod
1480 3548 1596 3589 non
1632 3532 1919 3599 Diyinum
1963 3531 2041 3587 sit
2086 3528 2147 3584 in
2182 3527 2311 3585 vita

185 3625 436 3686 morali:
491 3630 620 3686 sive
657 3628 820 3688 dicas
858 3632 1041 3688 vitam
1091 3631 1379 3690 moralem
1417 3649 1493 3690 ex
1528 3633 1753 3706 origine
1790 3627 2117 3704 spirituali,
2174 3628 2305 3686 sive

187 3745 264 3786 ex
296 3727 550 3800 Divino,
605 3728 764 3788 idem
801 3738 922 3804 est,
975 3733 1254 3806 quoniam
1302 3733 1491 3790 omnis
1537 3731 1663 3787 vita
1698 3725 2027 3802 spiritualis
2084 3733 2177 3784 est
2230 3743 2305 3784 ex

183 3827 454 3901 Divin03
509 3829 822 3903 spirituale
876 3832 1031 3889 enim
1079 3831 1294 3890 dicitur
1338 3831 1623 3888 Divinum
1680 3825 2049 3904 procedam,
2108 3831 2168 3884 et
2213 3830 2308 3882 est

181 3927 473 3986 Divinum
508 3927 737 3986 Verum
781 3931 842 3986 in
891 3929 1110 4004 Coele,
1168 3937 1228 3989 et
1277 3931 1419 4007 quia
1466 3945 1671 3988 omnes
1721 3926 1920 4002 angeli
1969 3923 2123 3984 coeli
2168 3931 2309 3984 sunt

182 4029 566 4102 receptiones
603 4029 766 4106 ejus,
805 4029 941 4088 ide-0
975 4029 1064 4088 illi
1098 4030 1443 4106 spirituales
1482 4034 1653 4104 sunt3
1708 4026 1981 4086 similiter
2014 4025 2313 4098 homines,

110 4121 116 4127 ’
185 4129 286 4203 qui
337 4129 642 4203 recipiunt
687 4129 976 4188 Divinum
1011 4128 1240 4189 Verum
1289 4128 1407 4188 fide
1444 4133 1505 4186 et
1539 4130 1683 4187 vita.
1765 4126 1924 4203 Quid
1962 4126 2307 4204 Spirituale,

180 4227 470 4286 videatur
506 4229 567 4286 in
600 4227 928 4289 Deci-unu
960 4227 1176 4291 Novas
1209 4229 1715 4300 Hmuosomlnun,
1748 4245 1819 4295 n:
1862 4230 1975 4287 48.
2018 4229 2131 4289 49.
2168 4315 2171 4318 ἡ
