2700 4792
338 384 565 440 CAPUT
603 383 944 442 TERTIUM.
1709 379 1925 440 vnn&
1970 349 2040 444 εξ
2183 397 2290 450 321

191 546 416 622 januam
460 561 616 628 quae
661 549 832 621 patet
882 560 915 602 e
955 543 1210 614 mundo,
1259 545 1443 604 intrat
1480 547 1669 603 omnis
1712 547 1971 622 cognitio
2012 561 2045 604 e
2081 545 2287 607 Verbo

198 651 354 704 etex
399 645 847 720 praedicatione
905 644 1044 704 inde
1062 689 1080 719 ,
1149 646 1290 720 quia
1330 662 1444 721 per
1488 644 1655 703 illam
1693 646 1873 704 intrat
1928 663 2165 720 verum,
2218 653 2289 708 ut

195 747 357 804 ctiam
394 761 583 820 snpra
609 745 827 803 dictum
857 751 980 817 est,
1025 762 1162 804 nam
1193 747 1559 820 cognitiones
1590 762 1622 804 e
1650 744 1854 804 Verbo
1894 752 1955 805 et
1982 763 2057 806 ex
2095 763 2285 823 prae-

193 843 474 904 dieatione
523 844 661 902 inde
709 852 854 904 sunt
903 861 1079 918 vera3
1155 843 1389 904 affectio
1444 847 1572 904 veri
1626 847 1953 921 spiritualis
2007 846 2291 923 adjuncta

195 944 614 1021 cognitionibus
671 943 791 1003 illis
837 945 981 1004 facit
1035 944 1322 1002 rationale
1382 941 1635 1003 hominis
1654 989 1671 1013 ,
1722 961 1792 1004 ac
1842 944 2101 1005 illustrat
2140 947 2291 1004 illud

195 1045 507 1104 secundum
544 1043 720 1120 quale
746 1046 876 1103 veri
915 1045 1210 1120 conjuncti
1246 1043 1432 1118 bone,
1474 1049 1535 1103 et
1560 1043 1886 1102 secundum
1928 1044 2104 1121 quale
2142 1061 2288 1104 con·-

187 1146 526 1221 junctionis3
567 1144 720 1202 haec
759 1161 958 1220 pauca
985 1143 1058 1202 dc
1087 1144 1241 1203 binis
1259 1144 1465 1220 januis
1512 1158 1623 1204 seu
1656 1146 1845 1221 portis
1886 1144 1961 1202 ad
1989 1144 2289 1204 hominem

192 1245 340 1304 dIcta
395 1251 593 1304 sunto.
687 1243 984 1319 Quoniam
1040 1244 1295 1321 januae,
1372 1245 1526 1302 ostia
1576 1250 1637 1302 et
1682 1251 1895 1320 portae
1944 1245 2281 1321 significant

189 1345 680 1408 intromissionem
719 1346 780 1402 in
827 1344 1058 1404 coelum
1107 1351 1170 1403 et
1206 1347 1266 1402 in
1305 1343 1671 1416 Ecclesiam,
1713 1343 1849 1402 ideo
1891 1346 2069 1403 etiam
2098 1348 2287 1422 signi-

187 1445 358 1504 ficant
399 1461 542 1502 vera
583 1461 658 1502 ex
691 1445 846 1502 bono
887 1460 1042 1520 quae
1095 1461 1132 1502 a
1169 1445 1462 1519 Domino,
1520 1446 1661 1520 quia
1698 1459 1808 1520 per
1848 1444 1957 1502 illa
1992 1445 2057 1504 fit
2094 1448 2285 1503 intro-

187 1546 414 1620 missio,
469 1551 536 1601 ut
571 1546 631 1602 in
672 1543 1060 1620 sequentibus
1096 1544 1190 1603 his
1230 1543 1415 1620 locis3
1470 1543 1631 1620 apud
1668 1543 1910 1621 Esajam
1966 1543 2291 1624 „Aperite

178 1648 398 1722 portas
455 1647 530 1704 ut
577 1642 986 1722 inyrediatur
1023 1640 1194 1704 Gens
1221 1643 1416 1724 justa
1466 1641 1826 1704 custodiens
1868 1640 2223 1724 fidelitates
2244 1647 2285 1678 ‘⁴‘

187 1743 427 1804 XXVI:
479 1749 548 1820 23
609 1744 936 1803 secundum
983 1759 1224 1803 sensum
1265 1742 1477 1802 literae
1532 1749 1627 1802 est
1673 1744 1833 1821 quod
1874 1744 2191 1805 admissuri
2226 1747 2289 1804 in

185 1845 358 1903 urbes
399 1844 536 1903 illos
577 1847 678 1920 qui
711 1844 862 1920 justi
895 1850 958 1903 et
995 1843 1205 1904 fideles
1244 1849 1387 1902 sunt
1400 1863 1416 1919 3
1474 1849 1534 1902 at
1562 1845 1891 1904 secundum
1918 1861 2164 1906 sonsum
2190 1849 2287 1904 in-

185 1950 428 2020 ternum,
463 1951 532 2001 ut
567 1945 628 2000 in
654 1942 1014 2017 Ecclesiam,
1057 1950 1271 2020 portae
1299 1945 1453 2002 enim
1483 1943 1817 2020 significant
1846 1943 2285 2021 admissionem,

186 2061 324 2118 gens
359 2045 532 2120 justa
574 2043 868 2118 significat
902 2043 1036 2104 illos
1079 2047 1182 2121 qui
1237 2045 1296 2102 in
1329 2044 1516 2118 bono,
1566 2045 1910 2105 custodiens
1967 2045 2287 2105 fidelitates

184 2144 470 2220 significat
511 2145 612 2219 qui
651 2143 786 2202 inde
824 2147 884 2203 in
919 2147 1093 2203 veris
1151 2144 1332 2222 Apud
1370 2143 1637 2202 Eundem
1694 2143 2044 2221 „Aperient
2058 2150 2291 2230 pertas

183 2249 324 2302 tuas
340 2243 428 2325 ju
428 2242 618 2321 yiter,
657 2242 938 2304 interdiu
993 2249 1052 2302 et
1084 2249 1270 2304 nocta
1315 2263 1441 2304 non
1480 2240 1882 2317 claudentur,
1943 2243 2033 2303 ad
2077 2243 2291 2306 addu-

179 2341 439 2404 cendum
487 2341 578 2403 ad
616 2347 674 2402 te
711 2343 1056 2404 emer-eitum
1095 2344 1410 2424 yentium,
1466 2349 1525 2402 et
1578 2363 1759 2425 reyes
1808 2361 2026 2404 ecorum
2078 2343 2285 2407 dedu-

181 2448 394 2504 centur
406 2463 434 2513 ,·
486 2461 564 2502 ae
603 2440 774 2502 Gens
837 2449 952 2504 aut
1005 2443 1334 2524 Reqnum,
1389 2463 1547 2522 quae
1602 2465 1728 2506 non·
1774 2441 2079 2504 servirent
2118 2441 2285 2519 Tibi,

61 2597 70 2604 .
174 2541 499 2620 perilmmt
560 2541 812 2604 vocabis
874 2541 1146 2606 salutem
1196 2563 1413 2604 muros
1474 2549 1617 2604 tuos
1645 2593 1659 2616 ‚
1679 2573 1695 2582 ·
1734 2549 1793 2603 et
1849 2545 2078 2620 portas
2136 2547 2287 2603 tuas

183 2637 498 2701 ἶειαιείθνπ(ί
564 2643 714 2702 LX:
770 2647 878 2702 11.
934 2649 1042 2704 12.
1096 2647 1217 2719 183
1279 2647 1475 2720 agitur
1521 2645 1719 2704 ibide
1758 2642 2046 2716 Domino,
2106 2648 2165 2700 et
2210 2641 2287 2701 de

180 2741 452 2801 Ecclesia
474 2742 550 2801 ab
581 2737 722 2818 Ipso
747 2745 1167 2820 Instauranda3
1223 2749 1284 2803 et
1319 2762 1431 2820 per
1464 2744 1569 2804 illa
1604 2743 1959 2805 describitur
2000 2739 2285 2800 admissio

178 2848 475 2918 perpetua
511 2842 746 2901 illorum
787 2847 888 2920 qui
925 2846 985 2903 in
1024 2845 1184 2903 bono
1237 2850 1295 2902 et
1337 2844 1476 2903 inde
1520 2848 1681 2905 veris
1736 2849 1903 2918 sunt3
1966 2859 2075 2918 per
2124 2841 2289 2917 quod

177 2947 384 3017 portae
437 2944 786 3018 aperi-entur
816 2945 1042 3021 jugiter
1077 2950 1138 3003 et
1175 2960 1293 3001 non
1329 2945 1683 3005 claudentur
1722 2942 1979 3004 interdiu
2016 2949 2077 3002 et
2104 2948 2289 3001 noctu

179 3041 544 3117 significatur
583 3042 866 3102 admissio
902 3051 1231 3121 perpetua,
1275 3061 1387 3118 per
1432 3049 1757 3106 exercitum
1793 3045 2058 3121 gentium
2098 3044 2286 3119 signi-

177 3139 428 3200 ficantur
478 3141 568 3202 illi
619 3145 718 3218 qui
758 3146 820 3202 in
858 3143 1014 3204 bono
1051 3150 1225 3213 sunt,
1275 3150 1336 3202 et
1370 3163 1483 3222 per
1520 3163 1696 3224 reges
1733 3146 1819 3204 illi
1840 3141 1963 3222 ‘qui
2000 3146 2059 3203 in
2093 3145 2285 3218 veris;

179 3247 236 3299 ct
277 3242 442 3318 quod
487 3259 692 3302 omnes
742 3245 1021 3304 servituri
1066 3245 1322 3303 Domino
1371 3244 1719 3324 intelligitur
1769 3263 1879 3324 per
1927 3244 2086 3321 quod
2132 3260 2283 3320 gens

179 3346 238 3398 et
265 3358 538 3418 regnum,
587 3361 742 3420 quae
778 3361 895 3402 non
937 3347 1233 3406 servirent
1260 3343 1416 3422 Tibi,
1466 3349 1719 3423 perituri
1754 3349 1899 3421 sint3
1951 3344 2110 3422 quod
2135 3350 2287 3420 gens

180 3454 288 3498 seu
319 3448 530 3517 gentes
571 3443 906 3520 significent
939 3444 1076 3504 illos
1117 3448 1218 3522 qui
1255 3447 1313 3504 in
1354 3446 1509 3506 bono
1561 3454 1701 3507 sunt
1717 3491 1734 3522 ,
1784 3445 2061 3505 videatur
2100 3457 2287 3522 supra

175 3555 238 3598 n:
287 3524 464 3617 1753
519 3550 580 3602 et
625 3543 788 3625 quod
839 3561 1016 3621 reges
1070 3545 1208 3606 illos
1265 3549 1369 3622 qui
1414 3549 1476 3605 in
1528 3550 1724 3620 veris,
1790 3563 1859 3602 n:
1908 3545 2018 3602 31.
2102 3533 2285 3617 Apud

173 3638 444 3700 Eundem
538 3641 698 3717 „Sic
746 3641 924 3704 dixit
960 3643 1244 3704 Jehovah
1291 3645 1487 3707 Uncto
1536 3664 1651 3706 auo
1687 3639 2036 3711 Komeeho,
2101 3637 2287 3721 cujus

175 3738 563 3820 apprehendi
603 3741 902 3805 deoetram
911 3788 930 3820 ,
992 3743 1084 3804 ad
1127 3744 1589 3828 subjiciendum
1639 3760 1853 3804 eoram
1905 3738 2011 3800 Eo
2045 3744 2282 3819 yentes,

172 3843 240 3898 ut
263 3837 512 3902 lumbos
535 3861 760 3922 reyum
785 3840 1056 3921 solvam3
1097 3843 1189 3906 ad
1213 3843 1624 3924 aperiendum
1649 3859 1864 3902 eoram
1885 3835 2001 3899 illo
2011 3837 2284 3920 januas,

171 3943 239 3998 ut
260 3946 500 4020 portae
531 3961 658 4003 non
693 3939 1113 4006 claudantur.-
1154 3948 1214 4004 et
1257 3943 1417 4005 dabo
1445 3941 1775 4004 thesauros
1814 3937 2201 4000 latebrarum
2224 3941 2285 3998 et

171 4036 450 4102 occultas
491 4059 638 4122 opes
682 4040 1142 4105 latibulorum“
1193 4043 1388 4104 XLV:
1433 4047 1462 4102 1
1477 4087 1492 4103 .
1525 4046 1595 4118 3;
1650 4041 1923 4102 similiter
1954 4039 2051 4100 hic
2090 4039 2289 4116 agitur

173 4137 242 4198 de
285 4141 552 4202 Domino
593 4149 654 4202 et
689 4143 762 4204 de
799 4144 1077 4204 Ecclesia
1123 4145 1198 4204 ab
1238 4144 1381 4220 Ipso
1422 4142 1840 4218 instauranda3
1894 4159 2007 4218 per
2046 4142 2285 4219 aperire

163 4237 382 4310 ,ianuas
439 4248 508 4301 ut
553 4250 764 4319 portae
813 4261 932 4304 non
973 4244 1354 4319 claudantur,
1416 4243 1781 4322 significatur
1830 4249 2126 4318 perpetua
2153 4239 2281 4298 'ad-

271 4356 708 4410 &wedestorp
752 4358 940 4411 Apoeal.
973 4357 1083 4410 σκιή.
1119 4359 1151 4396 1.
1620 4421 1637 4444 x
1882 4345 1963 4398 21
