<?xml version="1.0" encoding="UTF-8"?>
<!DOCTYPE html PUBLIC "-//W3C//DTD XHTML 1.0 Transitional//EN"
    "http://www.w3.org/TR/xhtml1/DTD/xhtml1-transitional.dtd">
<html xmlns="http://www.w3.org/1999/xhtml" xml:lang="en" lang="en">
 <head>
  <title>
</title>
<meta http-equiv="Content-Type" content="text/html;charset=utf-8" />
  <meta name='ocr-system' content='tesseract 3.04.00' />
  <meta name='ocr-capabilities' content='ocr_page ocr_carea ocr_par ocr_line ocrx_word'/>
</head>
<body>
  <div class='ocr_page' id='page_1' title='image "./apocalypsisexpl01unkngoog_0297.png"; bbox 0 0 2700 4792; ppageno 0'>
   <div class='ocr_carea' id='block_1_1' title="bbox 350 359 2343 434">
    <p class='ocr_par' dir='ltr' id='par_1_1' title="bbox 350 359 2343 434">
     <span class='ocr_line' id='line_1_1' title="bbox 350 359 2343 434; baseline 0.009 -18"><span class='ocrx_word' id='word_1_1' title='bbox 350 359 576 416; x_wconf 78' lang='lat' dir='ltr'><strong>CAPUT</strong></span> <span class='ocrx_word' id='word_1_2' title='bbox 616 359 956 429; x_wconf 83' lang='lat' dir='ltr'><strong>TERTIUM.</strong></span> <span class='ocrx_word' id='word_1_3' title='bbox 1759 363 1975 420; x_wconf 82' lang='lat' dir='ltr'>VERS:</span> <span class='ocrx_word' id='word_1_4' title='bbox 2019 373 2077 430; x_wconf 71' lang='lat'><strong>4.</strong></span> <span class='ocrx_word' id='word_1_5' title='bbox 2230 378 2343 434; x_wconf 75' lang='lat'><strong>293</strong></span> 
     </span>
    </p>
   </div>
   <div class='ocr_carea' id='block_1_2' title="bbox 192 519 2345 4292">
    <p class='ocr_par' dir='ltr' id='par_1_2' title="bbox 192 519 2345 4292">
     <span class='ocr_line' id='line_1_2' title="bbox 231 519 2345 607; baseline 0.004 -27"><span class='ocrx_word' id='word_1_6' title='bbox 231 523 520 600; x_wconf 80' lang='lat' dir='ltr'><strong>gnitienes</strong></span> <span class='ocrx_word' id='word_1_7' title='bbox 572 539 730 598; x_wconf 82' lang='lat' dir='ltr'><strong>quae</strong></span> <span class='ocrx_word' id='word_1_8' title='bbox 779 523 1086 582; x_wconf 74' lang='lat' dir='ltr'><strong>continent</strong></span> <span class='ocrx_word' id='word_1_9' title='bbox 1129 519 1268 580; x_wconf 83' lang='lat' dir='ltr'><strong>illas</strong></span> <span class='ocrx_word' id='word_1_10' title='bbox 1277 541 1296 596; x_wconf 84' lang='lat'>3</span> <span class='ocrx_word' id='word_1_11' title='bbox 1364 520 1523 598; x_wconf 88' lang='lat' dir='ltr'><strong>quod</strong></span> <span class='ocrx_word' id='word_1_12' title='bbox 1562 521 1783 584; x_wconf 81' lang='lat' dir='ltr'><strong>Vinum</strong></span> <span class='ocrx_word' id='word_1_13' title='bbox 1816 526 1877 584; x_wconf 78' lang='lat' dir='ltr'><strong>in</strong></span> <span class='ocrx_word' id='word_1_14' title='bbox 1918 523 2122 586; x_wconf 86' lang='lat' dir='ltr'><strong>Verbo</strong></span> <span class='ocrx_word' id='word_1_15' title='bbox 2156 531 2345 607; x_wconf 64' lang='grc' dir='ltr'><strong>εἰμί-</strong></span> 
     </span>
     <span class='ocr_line' id='line_1_3' title="bbox 227 621 2339 708; baseline 0.004 -24"><span class='ocrx_word' id='word_1_16' title='bbox 227 625 363 684; x_wconf 84' lang='lat' dir='ltr'><strong>ficet</strong></span> <span class='ocrx_word' id='word_1_17' title='bbox 418 640 660 698; x_wconf 86' lang='lat' dir='ltr'><strong>verum,</strong></span> <span class='ocrx_word' id='word_1_18' title='bbox 727 621 1004 682; x_wconf 81' lang='lat' dir='ltr'><strong>videatur</strong></span> <span class='ocrx_word' id='word_1_19' title='bbox 1079 625 1142 680; x_wconf 86' lang='lat' dir='ltr'><strong>in</strong></span> <span class='ocrx_word' id='word_1_20' title='bbox 1199 622 1531 682; x_wconf 62' lang='lat' dir='ltr'><strong>Docwnmn</strong></span> <span class='ocrx_word' id='word_1_21' title='bbox 1580 623 1795 684; x_wconf 66' lang='lat' dir='ltr'><strong>Noun</strong></span> <span class='ocrx_word' id='word_1_22' title='bbox 1832 623 2339 708; x_wconf 63' lang='lat' dir='ltr'><strong>Hrnnosonvmn,</strong></span> 
     </span>
     <span class='ocr_line' id='line_1_4' title="bbox 227 723 2341 801; baseline 0.004 -19"><span class='ocrx_word' id='word_1_23' title='bbox 227 743 298 783; x_wconf 89' lang='lat' dir='ltr'><strong>n:</strong></span> <span class='ocrx_word' id='word_1_24' title='bbox 340 725 499 782; x_wconf 83' lang='lat'><strong>219.</strong></span> <span class='ocrx_word' id='word_1_25' title='bbox 579 723 675 782; x_wconf 82' lang='lat' dir='ltr'><strong>Ex</strong></span> <span class='ocrx_word' id='word_1_26' title='bbox 717 723 810 782; x_wconf 87' lang='lat' dir='ltr'><strong>his</strong></span> <span class='ocrx_word' id='word_1_27' title='bbox 865 740 1020 782; x_wconf 89' lang='lat' dir='ltr'><strong>nunc</strong></span> <span class='ocrx_word' id='word_1_28' title='bbox 1067 728 1341 782; x_wconf 78' lang='lat' dir='ltr'><strong>constare</strong></span> <span class='ocrx_word' id='word_1_29' title='bbox 1391 729 1595 798; x_wconf 86' lang='lat' dir='ltr'><strong>potest</strong></span> <span class='ocrx_word' id='word_1_30' title='bbox 1662 725 1803 798; x_wconf 87' lang='lat' dir='ltr'><strong>quid</strong></span> <span class='ocrx_word' id='word_1_31' title='bbox 1862 743 1972 801; x_wconf 88' lang='lat' dir='ltr'><strong>per</strong></span> <span class='ocrx_word' id='word_1_32' title='bbox 2019 735 2229 791; x_wconf 72' lang='lat' dir='ltr'><strong>vestes</strong></span> <span class='ocrx_word' id='word_1_33' title='bbox 2280 733 2341 790; x_wconf 87' lang='lat' dir='ltr'><strong>in</strong></span> 
     </span>
     <span class='ocr_line' id='line_1_5' title="bbox 229 823 2339 900; baseline 0.003 -17"><span class='ocrx_word' id='word_1_34' title='bbox 229 824 424 883; x_wconf 85' lang='lat' dir='ltr'><strong>Verbo</strong></span> <span class='ocrx_word' id='word_1_35' title='bbox 475 823 1050 900; x_wconf 81' lang='lat' dir='ltr'><strong>alibisignificatur,</strong></span> <span class='ocrx_word' id='word_1_36' title='bbox 1107 840 1242 880; x_wconf 83' lang='lat' dir='ltr'><strong>nam</strong></span> <span class='ocrx_word' id='word_1_37' title='bbox 1288 826 1535 899; x_wconf 81' lang='lat' dir='ltr'><strong>saepius</strong></span> <span class='ocrx_word' id='word_1_38' title='bbox 1572 823 1654 884; x_wconf 90' lang='lat' dir='ltr'><strong>ibi</strong></span> <span class='ocrx_word' id='word_1_39' title='bbox 1690 828 2099 900; x_wconf 83' lang='lat' dir='ltr'><strong>nominantur,</strong></span> <span class='ocrx_word' id='word_1_40' title='bbox 2160 837 2227 889; x_wconf 90' lang='lat' dir='ltr'><strong>ut</strong></span> <span class='ocrx_word' id='word_1_41' title='bbox 2280 833 2339 890; x_wconf 85' lang='lat' dir='ltr'><strong>in</strong></span> 
     </span>
     <span class='ocr_line' id='line_1_6' title="bbox 226 921 2339 1006; baseline 0.003 -22"><span class='ocrx_word' id='word_1_42' title='bbox 226 924 647 1001; x_wconf 74' lang='lat' dir='ltr'><strong>sequentibus:</strong></span> <span class='ocrx_word' id='word_1_43' title='bbox 701 927 762 983; x_wconf 89' lang='lat' dir='ltr'><strong>in</strong></span> <span class='ocrx_word' id='word_1_44' title='bbox 797 924 1170 1000; x_wconf 82' lang='lat' dir='ltr'><strong>Apocalypsi</strong></span> <span class='ocrx_word' id='word_1_45' title='bbox 1209 921 1463 1002; x_wconf 75' lang='lat' dir='ltr'><strong>„Super</strong></span> <span class='ocrx_word' id='word_1_46' title='bbox 1500 923 1747 984; x_wconf 71' lang='lat' dir='ltr'><strong>thronis</strong></span> <span class='ocrx_word' id='word_1_47' title='bbox 1788 925 2030 1005; x_wconf 73' lang='lat' dir='ltr'><strong>viyinti</strong></span> <span class='ocrx_word' id='word_1_48' title='bbox 2064 935 2339 1006; x_wconf 75' lang='lat' dir='ltr'><strong>quatuor</strong></span> 
     </span>
     <span class='ocr_line' id='line_1_7' title="bbox 225 1021 2338 1094; baseline 0.001 -9"><span class='ocrx_word' id='word_1_49' title='bbox 225 1023 512 1086; x_wconf 68' lang='lat' dir='ltr'><strong>Seniores</strong></span> <span class='ocrx_word' id='word_1_50' title='bbox 552 1021 833 1084; x_wconf 55' lang='lat' dir='ltr'><strong>sedentes:</strong></span> <span class='ocrx_word' id='word_1_51' title='bbox 851 1067 869 1094; x_wconf 89' lang='lat'>‚</span> <span class='ocrx_word' id='word_1_52' title='bbox 926 1022 1143 1084; x_wconf 78' lang='lat' dir='ltr'><strong>induti</strong></span> <span class='ocrx_word' id='word_1_53' title='bbox 1192 1023 1583 1085; x_wconf 68' lang='lat' dir='ltr'><strong>vestimentis</strong></span> <span class='ocrx_word' id='word_1_54' title='bbox 1624 1021 1791 1084; x_wconf 75' lang='lat' dir='ltr'><strong>albis</strong></span> <span class='ocrx_word' id='word_1_55' title='bbox 1802 1029 1839 1060; x_wconf 84' lang='lat'><em>“</em></span> <span class='ocrx_word' id='word_1_56' title='bbox 1896 1025 2004 1086; x_wconf 94' lang='lat' dir='ltr'><strong>IV:</strong></span> <span class='ocrx_word' id='word_1_57' title='bbox 2046 1030 2108 1086; x_wconf 86' lang='lat'><strong>4.</strong></span> <span class='ocrx_word' id='word_1_58' title='bbox 2178 1022 2338 1090; x_wconf 80' lang='lat' dir='ltr'><strong>Alibi</strong></span> 
     </span>
     <span class='ocr_line' id='line_1_8' title="bbox 225 1122 2335 1208; baseline 0.003 -24"><span class='ocrx_word' id='word_1_59' title='bbox 225 1122 629 1199; x_wconf 70' lang='lat' dir='ltr'><strong>„Exercitus</strong></span> <span class='ocrx_word' id='word_1_60' title='bbox 683 1123 961 1185; x_wconf 68' lang='lat' dir='ltr'><strong>sedentis</strong></span> <span class='ocrx_word' id='word_1_61' title='bbox 1015 1141 1206 1202; x_wconf 75' lang='lat' dir='ltr'><strong>euper-</strong></span> <span class='ocrx_word' id='word_1_62' title='bbox 1244 1143 1395 1203; x_wconf 84' lang='lat' dir='ltr'><strong>equo</strong></span> <span class='ocrx_word' id='word_1_63' title='bbox 1446 1122 1587 1185; x_wconf 83' lang='lat' dir='ltr'><strong>albo</strong></span> <span class='ocrx_word' id='word_1_64' title='bbox 1640 1125 2051 1204; x_wconf 68' lang='lat' dir='ltr'><strong>sequebantur</strong></span> <span class='ocrx_word' id='word_1_65' title='bbox 2087 1125 2335 1208; x_wconf 74' lang='lat' dir='ltr'><strong>Ipsum,</strong></span> 
     </span>
     <span class='ocr_line' id='line_1_9' title="bbox 222 1221 2337 1305; baseline 0.003 -21"><span class='ocrx_word' id='word_1_66' title='bbox 222 1224 438 1286; x_wconf 73' lang='lat' dir='ltr'><strong>induti</strong></span> <span class='ocrx_word' id='word_1_67' title='bbox 483 1224 740 1305; x_wconf 67' lang='lat' dir='ltr'><strong>byssino</strong></span> <span class='ocrx_word' id='word_1_68' title='bbox 791 1221 934 1285; x_wconf 80' lang='lat' dir='ltr'><strong>albo</strong></span> <span class='ocrx_word' id='word_1_69' title='bbox 995 1229 1055 1284; x_wconf 80' lang='lat' dir='ltr'><strong>et</strong></span> <span class='ocrx_word' id='word_1_70' title='bbox 1101 1224 1338 1284; x_wconf 80' lang='lat' dir='ltr'><strong>mundo</strong></span> <span class='ocrx_word' id='word_1_71' title='bbox 1362 1228 1400 1258; x_wconf 87' lang='lat'><em>“</em></span> <span class='ocrx_word' id='word_1_72' title='bbox 1482 1225 1690 1303; x_wconf 89' lang='lat' dir='ltr'><strong>Apoc:</strong></span> <span class='ocrx_word' id='word_1_73' title='bbox 1747 1226 1924 1287; x_wconf 87' lang='lat' dir='ltr'>XIX:</span> <span class='ocrx_word' id='word_1_74' title='bbox 1984 1230 2090 1287; x_wconf 89' lang='lat'><strong>14.</strong></span> <span class='ocrx_word' id='word_1_75' title='bbox 2172 1229 2337 1290; x_wconf 83' lang='lat' dir='ltr'><strong>Alibi</strong></span> 
     </span>
     <span class='ocr_line' id='line_1_10' title="bbox 220 1323 2333 1410; baseline 0.002 -24"><span class='ocrx_word' id='word_1_76' title='bbox 220 1368 258 1399; x_wconf 84' lang='lat'><em>„</em></span> <span class='ocrx_word' id='word_1_77' title='bbox 285 1323 426 1400; x_wconf 71' lang='lat' dir='ltr'><strong>Qua·</strong></span> <span class='ocrx_word' id='word_1_78' title='bbox 476 1330 624 1410; x_wconf 77' lang='lat' dir='ltr'><strong>ante</strong></span> <span class='ocrx_word' id='word_1_79' title='bbox 673 1323 998 1386; x_wconf 76' lang='lat' dir='ltr'><strong>Thronum</strong></span> <span class='ocrx_word' id='word_1_80' title='bbox 1061 1323 1132 1384; x_wconf 79' lang='lat' dir='ltr'><strong>in</strong></span> <span class='ocrx_word' id='word_1_81' title='bbox 1185 1330 1513 1404; x_wconf 68' lang='lat' dir='ltr'><strong>conspectu</strong></span> <span class='ocrx_word' id='word_1_82' title='bbox 1559 1325 1623 1386; x_wconf 86' lang='lat' dir='ltr'><strong>A</strong></span> <span class='ocrx_word' id='word_1_83' title='bbox 1624 1325 1742 1404; x_wconf 68' lang='lat' dir='ltr'><strong>yut·</strong></span> <span class='ocrx_word' id='word_1_84' title='bbox 1795 1327 2049 1388; x_wconf 69' lang='lat' dir='ltr'><strong>stabant</strong></span> <span class='ocrx_word' id='word_1_85' title='bbox 2061 1371 2079 1402; x_wconf 90' lang='lat'>,</span> <span class='ocrx_word' id='word_1_86' title='bbox 2151 1335 2333 1390; x_wconf 73' lang='lat' dir='ltr'><strong>eram*</strong></span> 
     </span>
     <span class='ocr_line' id='line_1_11' title="bbox 218 1421 2326 1508; baseline 0.003 -24"><span class='ocrx_word' id='word_1_87' title='bbox 218 1424 443 1485; x_wconf 77' lang='lat' dir='ltr'><strong>amicti</strong></span> <span class='ocrx_word' id='word_1_88' title='bbox 493 1421 682 1486; x_wconf 68' lang='lat' dir='ltr'><strong>stolia</strong></span> <span class='ocrx_word' id='word_1_89' title='bbox 719 1423 935 1486; x_wconf 68' lang='lat' dir='ltr'><strong>alhie“</strong></span> <span class='ocrx_word' id='word_1_90' title='bbox 1001 1424 1202 1500; x_wconf 89' lang='lat' dir='ltr'><strong>Apoc:</strong></span> <span class='ocrx_word' id='word_1_91' title='bbox 1250 1425 1403 1486; x_wconf 88' lang='lat' dir='ltr'>VH:</span> <span class='ocrx_word' id='word_1_92' title='bbox 1448 1429 1507 1486; x_wconf 84' lang='lat'><strong>9.</strong></span> <span class='ocrx_word' id='word_1_93' title='bbox 1550 1426 1713 1486; x_wconf 88' lang='lat' dir='ltr'><strong>Alibi</strong></span> <span class='ocrx_word' id='word_1_94' title='bbox 1765 1425 2059 1506; x_wconf 77' lang='lat' dir='ltr'><strong>„Septem</strong></span> <span class='ocrx_word' id='word_1_95' title='bbox 2085 1426 2326 1508; x_wconf 72' lang='lat' dir='ltr'><strong>Anyeli</strong></span> 
     </span>
     <span class='ocr_line' id='line_1_12' title="bbox 216 1523 2325 1606; baseline 0.004 -23"><span class='ocrx_word' id='word_1_96' title='bbox 216 1544 252 1583; x_wconf 89' lang='lat' dir='ltr'><strong>e</strong></span> <span class='ocrx_word' id='word_1_97' title='bbox 289 1523 552 1604; x_wconf 75' lang='lat' dir='ltr'><strong>Templo</strong></span> <span class='ocrx_word' id='word_1_98' title='bbox 600 1525 819 1587; x_wconf 71' lang='lat' dir='ltr'><strong>induti</strong></span> <span class='ocrx_word' id='word_1_99' title='bbox 869 1530 1050 1588; x_wconf 78' lang='lat' dir='ltr'><strong>erant</strong></span> <span class='ocrx_word' id='word_1_100' title='bbox 1099 1523 1230 1586; x_wconf 80' lang='lat' dir='ltr'><strong>lino</strong></span> <span class='ocrx_word' id='word_1_101' title='bbox 1277 1524 1513 1586; x_wconf 79' lang='lat' dir='ltr'><strong>mundo</strong></span> <span class='ocrx_word' id='word_1_102' title='bbox 1556 1531 1615 1586; x_wconf 78' lang='lat' dir='ltr'><strong>et</strong></span> <span class='ocrx_word' id='word_1_103' title='bbox 1664 1525 1996 1606; x_wconf 70' lang='lat' dir='ltr'><strong>splendido</strong></span> <span class='ocrx_word' id='word_1_104' title='bbox 2008 1531 2047 1562; x_wconf 78' lang='lat'><strong>‘⁶&#39;</strong></span> <span class='ocrx_word' id='word_1_105' title='bbox 2114 1529 2325 1606; x_wconf 87' lang='lat' dir='ltr'><strong>Apoc:</strong></span> 
     </span>
     <span class='ocr_line' id='line_1_13' title="bbox 215 1623 2331 1708; baseline 0 -20"><span class='ocrx_word' id='word_1_106' title='bbox 215 1625 373 1688; x_wconf 90' lang='lat' dir='ltr'>XV:</span> <span class='ocrx_word' id='word_1_107' title='bbox 419 1629 480 1684; x_wconf 95' lang='grc'><strong>6.</strong></span> <span class='ocrx_word' id='word_1_108' title='bbox 528 1626 692 1686; x_wconf 87' lang='lat' dir='ltr'><strong>Alibi</strong></span> <span class='ocrx_word' id='word_1_109' title='bbox 738 1625 1010 1702; x_wconf 81' lang='lat' dir='ltr'><strong>„Datae</strong></span> <span class='ocrx_word' id='word_1_110' title='bbox 1036 1631 1186 1688; x_wconf 76' lang='lat' dir='ltr'><strong>eunt</strong></span> <span class='ocrx_word' id='word_1_111' title='bbox 1225 1623 1541 1706; x_wconf 61' lang='lat' dir='ltr'><strong>einyulin,</strong></span> <span class='ocrx_word' id='word_1_112' title='bbox 1582 1626 1695 1708; x_wconf 80' lang='lat' dir='ltr'><strong>qui</strong></span> <span class='ocrx_word' id='word_1_113' title='bbox 1730 1626 1845 1688; x_wconf 75' lang='lat' dir='ltr'><strong>sub</strong></span> <span class='ocrx_word' id='word_1_114' title='bbox 1872 1625 2089 1704; x_wconf 76' lang='lat' dir='ltr'><strong>altari,</strong></span> <span class='ocrx_word' id='word_1_115' title='bbox 2130 1625 2331 1690; x_wconf 73' lang='lat' dir='ltr'><strong>stolae</strong></span> 
     </span>
     <span class='ocr_line' id='line_1_14' title="bbox 218 1722 2330 1803; baseline 0.003 -17"><span class='ocrx_word' id='word_1_116' title='bbox 218 1722 443 1786; x_wconf 81' lang='lat' dir='ltr'><strong>albae“</strong></span> <span class='ocrx_word' id='word_1_117' title='bbox 512 1727 714 1803; x_wconf 85' lang='lat' dir='ltr'><strong>Apoe:</strong></span> <span class='ocrx_word' id='word_1_118' title='bbox 753 1725 874 1790; x_wconf 89' lang='lat' dir='ltr'><strong>VI:</strong></span> <span class='ocrx_word' id='word_1_119' title='bbox 932 1731 961 1786; x_wconf 95' lang='lat' dir='ltr'><strong>l</strong></span> <span class='ocrx_word' id='word_1_120' title='bbox 984 1731 1041 1786; x_wconf 90' lang='lat'><strong>1.</strong></span> <span class='ocrx_word' id='word_1_121' title='bbox 1101 1726 1265 1786; x_wconf 90' lang='lat' dir='ltr'><strong>Alibi</strong></span> <span class='ocrx_word' id='word_1_122' title='bbox 1321 1769 1363 1801; x_wconf 88' lang='lat'><em>„</em></span> <span class='ocrx_word' id='word_1_123' title='bbox 1383 1724 1551 1787; x_wconf 85' lang='lat' dir='ltr'><strong>Eme</strong></span> <span class='ocrx_word' id='word_1_124' title='bbox 1582 1746 1815 1789; x_wconf 76' lang='lat' dir='ltr'><strong>aurum</strong></span> <span class='ocrx_word' id='word_1_125' title='bbox 1864 1733 1924 1788; x_wconf 78' lang='lat' dir='ltr'><strong>et</strong></span> <span class='ocrx_word' id='word_1_126' title='bbox 1958 1729 2330 1792; x_wconf 70' lang='lat' dir='ltr'><strong>vestimenta</strong></span> 
     </span>
     <span class='ocr_line' id='line_1_15' title="bbox 217 1822 2331 1904; baseline 0.003 -18"><span class='ocrx_word' id='word_1_127' title='bbox 217 1822 406 1887; x_wconf 82' lang='lat' dir='ltr'><strong>alba“</strong></span> <span class='ocrx_word' id='word_1_128' title='bbox 476 1827 684 1902; x_wconf 86' lang='lat' dir='ltr'><strong>Apoc:</strong></span> <span class='ocrx_word' id='word_1_129' title='bbox 735 1826 858 1886; x_wconf 91' lang='lat' dir='ltr'>III:</span> <span class='ocrx_word' id='word_1_130' title='bbox 918 1830 1025 1888; x_wconf 84' lang='lat'><strong>18.</strong></span> <span class='ocrx_word' id='word_1_131' title='bbox 1110 1825 1288 1903; x_wconf 85' lang='lat' dir='ltr'><strong>Apud</strong></span> <span class='ocrx_word' id='word_1_132' title='bbox 1334 1827 1714 1888; x_wconf 83' lang='lat' dir='ltr'><strong>Ezechielem</strong></span> <span class='ocrx_word' id='word_1_133' title='bbox 1780 1828 2087 1904; x_wconf 81' lang='lat' dir='ltr'><strong>„Panem</strong></span> <span class='ocrx_word' id='word_1_134' title='bbox 2140 1850 2331 1894; x_wconf 70' lang='lat' dir='ltr'><strong>suum</strong></span> 
     </span>
     <span class='ocr_line' id='line_1_16' title="bbox 203 1923 2329 2009; baseline 0.002 -23"><span class='ocrx_word' id='word_1_135' title='bbox 203 1923 507 2006; x_wconf 76' lang='lat' dir='ltr'><strong>famelico</strong></span> <span class='ocrx_word' id='word_1_136' title='bbox 546 1924 682 1996; x_wconf 80' lang='lat' dir='ltr'><strong>det,</strong></span> <span class='ocrx_word' id='word_1_137' title='bbox 720 1932 780 1987; x_wconf 78' lang='lat' dir='ltr'><strong>et</strong></span> <span class='ocrx_word' id='word_1_138' title='bbox 811 1926 1056 1990; x_wconf 81' lang='lat' dir='ltr'><strong>nudum</strong></span> <span class='ocrx_word' id='word_1_139' title='bbox 1095 1927 1344 2006; x_wconf 72' lang='lat' dir='ltr'><strong>obteyat</strong></span> <span class='ocrx_word' id='word_1_140' title='bbox 1380 1932 1547 1987; x_wconf 71' lang='lat' dir='ltr'><strong>veste</strong></span> <span class='ocrx_word' id='word_1_141' title='bbox 1570 1931 1609 1962; x_wconf 52' lang='grc' dir='ltr'><strong>(ί</strong></span> <span class='ocrx_word' id='word_1_142' title='bbox 1658 1928 1905 1990; x_wconf 88' lang='lat' dir='ltr'>XVIII:</span> <span class='ocrx_word' id='word_1_143' title='bbox 1954 1934 1983 1989; x_wconf 92' lang='lat'>1</span> <span class='ocrx_word' id='word_1_144' title='bbox 2004 1935 2062 2006; x_wconf 84' lang='lat'><strong>63</strong></span> <span class='ocrx_word' id='word_1_145' title='bbox 2108 1948 2329 2009; x_wconf 82' lang='lat' dir='ltr'><strong>panem</strong></span> 
     </span>
     <span class='ocr_line' id='line_1_17' title="bbox 219 2027 2329 2106; baseline 0.003 -21"><span class='ocrx_word' id='word_1_146' title='bbox 219 2027 360 2087; x_wconf 85' lang='lat' dir='ltr'><strong>dare</strong></span> <span class='ocrx_word' id='word_1_147' title='bbox 399 2027 675 2086; x_wconf 79' lang='lat' dir='ltr'><strong>famelico</strong></span> <span class='ocrx_word' id='word_1_148' title='bbox 711 2028 772 2086; x_wconf 91' lang='lat' dir='ltr'><strong>in</strong></span> <span class='ocrx_word' id='word_1_149' title='bbox 813 2028 1111 2104; x_wconf 79' lang='lat' dir='ltr'><strong>spirituali</strong></span> <span class='ocrx_word' id='word_1_150' title='bbox 1160 2043 1344 2088; x_wconf 85' lang='lat' dir='ltr'><strong>sensu</strong></span> <span class='ocrx_word' id='word_1_151' title='bbox 1392 2030 1686 2106; x_wconf 79' lang='lat' dir='ltr'><strong>significat</strong></span> <span class='ocrx_word' id='word_1_152' title='bbox 1720 2046 1795 2088; x_wconf 80' lang='lat' dir='ltr'><strong>ex</strong></span> <span class='ocrx_word' id='word_1_153' title='bbox 1830 2030 1985 2089; x_wconf 88' lang='lat' dir='ltr'><strong>bono</strong></span> <span class='ocrx_word' id='word_1_154' title='bbox 2020 2029 2329 2092; x_wconf 83' lang='lat' dir='ltr'><strong>charitatis</strong></span> 
     </span>
     <span class='ocr_line' id='line_1_18' title="bbox 213 2127 2327 2207; baseline 0.003 -21"><span class='ocrx_word' id='word_1_155' title='bbox 213 2129 512 2187; x_wconf 84' lang='lat' dir='ltr'><strong>instruere</strong></span> <span class='ocrx_word' id='word_1_156' title='bbox 557 2127 694 2186; x_wconf 87' lang='lat' dir='ltr'><strong>illos</strong></span> <span class='ocrx_word' id='word_1_157' title='bbox 745 2129 848 2204; x_wconf 91' lang='lat' dir='ltr'><strong>qui</strong></span> <span class='ocrx_word' id='word_1_158' title='bbox 900 2128 1246 2188; x_wconf 82' lang='lat' dir='ltr'><strong>desiderant</strong></span> <span class='ocrx_word' id='word_1_159' title='bbox 1292 2145 1464 2187; x_wconf 80' lang='lat' dir='ltr'><strong>vera:</strong></span> <span class='ocrx_word' id='word_1_160' title='bbox 1520 2129 1743 2188; x_wconf 90' lang='lat' dir='ltr'><strong>nudum</strong></span> <span class='ocrx_word' id='word_1_161' title='bbox 1796 2130 2080 2207; x_wconf 86' lang='lat' dir='ltr'><strong>obtegere</strong></span> <span class='ocrx_word' id='word_1_162' title='bbox 2134 2137 2327 2203; x_wconf 85' lang='lat' dir='ltr'><strong>veste,</strong></span> 
     </span>
     <span class='ocr_line' id='line_1_19' title="bbox 214 2227 2329 2308; baseline 0.003 -23"><span class='ocrx_word' id='word_1_163' title='bbox 214 2227 510 2304; x_wconf 87' lang='lat' dir='ltr'><strong>significat</strong></span> <span class='ocrx_word' id='word_1_164' title='bbox 544 2227 676 2288; x_wconf 91' lang='lat' dir='ltr'><strong>illos</strong></span> <span class='ocrx_word' id='word_1_165' title='bbox 713 2228 987 2288; x_wconf 87' lang='lat' dir='ltr'><strong>similiter</strong></span> <span class='ocrx_word' id='word_1_166' title='bbox 1021 2231 1122 2306; x_wconf 90' lang='lat' dir='ltr'><strong>qui</strong></span> <span class='ocrx_word' id='word_1_167' title='bbox 1156 2245 1274 2288; x_wconf 89' lang='lat' dir='ltr'><strong>non</strong></span> <span class='ocrx_word' id='word_1_168' title='bbox 1308 2229 1371 2288; x_wconf 88' lang='lat' dir='ltr'><strong>in</strong></span> <span class='ocrx_word' id='word_1_169' title='bbox 1402 2231 1571 2289; x_wconf 78' lang='lat' dir='ltr'><strong>veris</strong></span> <span class='ocrx_word' id='word_1_170' title='bbox 1600 2235 1757 2288; x_wconf 83' lang='lat' dir='ltr'><strong>sunt.</strong></span> <span class='ocrx_word' id='word_1_171' title='bbox 1842 2229 2025 2308; x_wconf 84' lang='lat' dir='ltr'><strong>Apud</strong></span> <span class='ocrx_word' id='word_1_172' title='bbox 2057 2230 2329 2292; x_wconf 86' lang='lat' dir='ltr'><strong>Eundem</strong></span> 
     </span>
     <span class='ocr_line' id='line_1_20' title="bbox 217 2325 2325 2404; baseline 0.002 -16"><span class='ocrx_word' id='word_1_173' title='bbox 217 2325 508 2401; x_wconf 69' lang='lat' dir='ltr'><strong>„Hostes</strong></span> <span class='ocrx_word' id='word_1_174' title='bbox 547 2332 777 2390; x_wconf 74' lang='lat' dir='ltr'><strong>exuent</strong></span> <span class='ocrx_word' id='word_1_175' title='bbox 831 2327 950 2390; x_wconf 74' lang='lat' dir='ltr'><strong>tibi</strong></span> <span class='ocrx_word' id='word_1_176' title='bbox 987 2333 1216 2404; x_wconf 74' lang='lat' dir='ltr'><strong>vestes,</strong></span> <span class='ocrx_word' id='word_1_177' title='bbox 1277 2333 1336 2388; x_wconf 77' lang='lat' dir='ltr'><strong>et</strong></span> <span class='ocrx_word' id='word_1_178' title='bbox 1374 2334 1623 2391; x_wconf 75' lang='lat' dir='ltr'><strong>eum-ent</strong></span> <span class='ocrx_word' id='word_1_179' title='bbox 1678 2347 1839 2390; x_wconf 73' lang='lat' dir='ltr'><strong>vaea</strong></span> <span class='ocrx_word' id='word_1_180' title='bbox 1874 2335 2139 2392; x_wconf 68' lang='lat' dir='ltr'><strong>ornatu-⁹</strong></span> <span class='ocrx_word' id='word_1_181' title='bbox 2176 2331 2278 2394; x_wconf 67' lang='lat' dir='ltr'><strong>tui</strong></span> <span class='ocrx_word' id='word_1_182' title='bbox 2287 2335 2325 2366; x_wconf 83' lang='lat'>“</span> 
     </span>
     <span class='ocr_line' id='line_1_21' title="bbox 213 2426 2331 2510; baseline 0.002 -22"><span class='ocrx_word' id='word_1_183' title='bbox 213 2427 462 2488; x_wconf 85' lang='lat' dir='ltr'>XXIII:</span> <span class='ocrx_word' id='word_1_184' title='bbox 497 2432 531 2486; x_wconf 87' lang='lat'><strong>2</strong></span> <span class='ocrx_word' id='word_1_185' title='bbox 549 2431 606 2488; x_wconf 89' lang='grc'><strong>6.</strong></span> <span class='ocrx_word' id='word_1_186' title='bbox 654 2428 836 2505; x_wconf 88' lang='lat' dir='ltr'><strong>Apud</strong></span> <span class='ocrx_word' id='word_1_187' title='bbox 865 2427 1211 2490; x_wconf 83' lang='lat' dir='ltr'><strong>Sachariam</strong></span> <span class='ocrx_word' id='word_1_188' title='bbox 1254 2475 1290 2504; x_wconf 91' lang='lat'><em>„</em></span> <span class='ocrx_word' id='word_1_189' title='bbox 1301 2426 1659 2490; x_wconf 64' lang='lat' dir='ltr'><strong>Jehosclma</strong></span> <span class='ocrx_word' id='word_1_190' title='bbox 1682 2427 1951 2492; x_wconf 69' lang='lat' dir='ltr'><strong>indutu-v</strong></span> <span class='ocrx_word' id='word_1_191' title='bbox 1963 2429 2111 2510; x_wconf 75' lang='lat' dir='ltr'><strong>fuit</strong></span> <span class='ocrx_word' id='word_1_192' title='bbox 2136 2431 2331 2492; x_wconf 67' lang='lat' dir='ltr'><strong>vesti-</strong></span> 
     </span>
     <span class='ocr_line' id='line_1_22' title="bbox 221 2525 2331 2608; baseline 0.003 -23"><span class='ocrx_word' id='word_1_193' title='bbox 221 2526 336 2586; x_wconf 75' lang='lat' dir='ltr'><strong>bue</strong></span> <span class='ocrx_word' id='word_1_194' title='bbox 382 2525 646 2606; x_wconf 77' lang='lat' dir='ltr'><strong>polluti-s·</strong></span> <span class='ocrx_word' id='word_1_195' title='bbox 665 2573 681 2600; x_wconf 94' lang='lat'><strong>,</strong></span> <span class='ocrx_word' id='word_1_196' title='bbox 745 2533 805 2587; x_wconf 79' lang='lat' dir='ltr'><strong>et</strong></span> <span class='ocrx_word' id='word_1_197' title='bbox 854 2528 949 2588; x_wconf 75' lang='lat' dir='ltr'><strong>eie</strong></span> <span class='ocrx_word' id='word_1_198' title='bbox 999 2530 1211 2590; x_wconf 78' lang='lat' dir='ltr'><strong>stabat</strong></span> <span class='ocrx_word' id='word_1_199' title='bbox 1261 2546 1473 2590; x_wconf 80' lang='lat' dir='ltr'><strong>eoram</strong></span> <span class='ocrx_word' id='word_1_200' title='bbox 1508 2526 1792 2608; x_wconf 62' lang='grc' dir='ltr'><strong>Ληρεῖς),</strong></span> <span class='ocrx_word' id='word_1_201' title='bbox 1856 2529 1968 2608; x_wconf 78' lang='lat' dir='ltr'><strong>qui</strong></span> <span class='ocrx_word' id='word_1_202' title='bbox 2018 2528 2199 2590; x_wconf 70' lang='lat' dir='ltr'><strong>dixit</strong></span> <span class='ocrx_word' id='word_1_203' title='bbox 2238 2530 2331 2592; x_wconf 81' lang='lat' dir='ltr'><strong>ad</strong></span> 
     </span>
     <span class='ocr_line' id='line_1_23' title="bbox 218 2625 2321 2708; baseline 0.001 -23"><span class='ocrx_word' id='word_1_204' title='bbox 218 2630 464 2686; x_wconf 62' lang='lat' dir='ltr'><strong>stantes</strong></span> <span class='ocrx_word' id='word_1_205' title='bbox 497 2647 706 2690; x_wconf 80' lang='lat' dir='ltr'><strong>eoram</strong></span> <span class='ocrx_word' id='word_1_206' title='bbox 745 2625 892 2699; x_wconf 76' lang='lat' dir='ltr'><em>illo,</em></span> <span class='ocrx_word' id='word_1_207' title='bbox 941 2634 1244 2690; x_wconf 81' lang='lat' dir='ltr'><strong>removete</strong></span> <span class='ocrx_word' id='word_1_208' title='bbox 1279 2635 1482 2689; x_wconf 72' lang='lat' dir='ltr'><strong>vestes·</strong></span> <span class='ocrx_word' id='word_1_209' title='bbox 1520 2626 1815 2708; x_wconf 72' lang='lat' dir='ltr'><strong>pollutae</strong></span> <span class='ocrx_word' id='word_1_210' title='bbox 1862 2647 1907 2690; x_wconf 87' lang='lat' dir='ltr'><strong>a</strong></span> <span class='ocrx_word' id='word_1_211' title='bbox 1953 2647 2145 2707; x_wconf 67' lang='lat' dir='ltr'><strong>super</strong></span> <span class='ocrx_word' id='word_1_212' title='bbox 2186 2626 2321 2703; x_wconf 72' lang='lat' dir='ltr'><em>illo,</em></span> 
     </span>
     <span class='ocr_line' id='line_1_24' title="bbox 213 2726 2322 2810; baseline 0.001 -23"><span class='ocrx_word' id='word_1_213' title='bbox 213 2733 275 2788; x_wconf 77' lang='lat' dir='ltr'><strong>et</strong></span> <span class='ocrx_word' id='word_1_214' title='bbox 326 2726 504 2788; x_wconf 70' lang='lat' dir='ltr'><strong>dixit</strong></span> <span class='ocrx_word' id='word_1_215' title='bbox 557 2727 838 2790; x_wconf 69' lang='lat' dir='ltr'><strong>transire</strong></span> <span class='ocrx_word' id='word_1_216' title='bbox 873 2731 1012 2808; x_wconf 82' lang='lat' dir='ltr'><strong>feei</strong></span> <span class='ocrx_word' id='word_1_217' title='bbox 1057 2749 1101 2790; x_wconf 85' lang='lat' dir='ltr'><strong>a</strong></span> <span class='ocrx_word' id='word_1_218' title='bbox 1151 2748 1343 2810; x_wconf 68' lang='lat' dir='ltr'><strong>super</strong></span> <span class='ocrx_word' id='word_1_219' title='bbox 1394 2735 1453 2790; x_wconf 82' lang='lat' dir='ltr'><strong>te</strong></span> <span class='ocrx_word' id='word_1_220' title='bbox 1503 2729 1905 2809; x_wconf 77' lang='lat' dir='ltr'><strong>iniquitatem</strong></span> <span class='ocrx_word' id='word_1_221' title='bbox 1951 2735 2161 2798; x_wconf 78' lang='lat' dir='ltr'><strong>tuam,</strong></span> <span class='ocrx_word' id='word_1_222' title='bbox 2216 2729 2322 2790; x_wconf 81' lang='lat' dir='ltr'><strong>in-</strong></span> 
     </span>
     <span class='ocr_line' id='line_1_25' title="bbox 209 2826 2322 2890; baseline -0 -2"><span class='ocrx_word' id='word_1_223' title='bbox 209 2826 460 2890; x_wconf 81' lang='lat' dir='ltr'><strong>duendo</strong></span> <span class='ocrx_word' id='word_1_224' title='bbox 518 2833 578 2888; x_wconf 80' lang='lat' dir='ltr'><strong>te</strong></span> <span class='ocrx_word' id='word_1_225' title='bbox 627 2829 903 2890; x_wconf 71' lang='lat' dir='ltr'><strong>vestibus</strong></span> <span class='ocrx_word' id='word_1_226' title='bbox 950 2829 1222 2890; x_wconf 69' lang='lat' dir='ltr'><strong>mutatis</strong></span> <span class='ocrx_word' id='word_1_227' title='bbox 1250 2832 1286 2862; x_wconf 84' lang='lat'><em>“</em></span> <span class='ocrx_word' id='word_1_228' title='bbox 1357 2830 1480 2888; x_wconf 85' lang='lat'>111:</span> <span class='ocrx_word' id='word_1_229' title='bbox 1544 2833 1605 2890; x_wconf 89' lang='lat'><strong>3.</strong></span> <span class='ocrx_word' id='word_1_230' title='bbox 1662 2834 1725 2890; x_wconf 87' lang='grc'><strong>4.</strong></span> <span class='ocrx_word' id='word_1_231' title='bbox 1788 2833 1845 2889; x_wconf 84' lang='grc'><strong>5.</strong></span> <span class='ocrx_word' id='word_1_232' title='bbox 1943 2829 2016 2889; x_wconf 91' lang='lat' dir='ltr'><strong>In</strong></span> <span class='ocrx_word' id='word_1_233' title='bbox 2066 2828 2322 2890; x_wconf 84' lang='lat' dir='ltr'><strong>Threnis</strong></span> 
     </span>
     <span class='ocr_line' id='line_1_26' title="bbox 213 2926 2325 3010; baseline 0 -20"><span class='ocrx_word' id='word_1_234' title='bbox 213 2926 594 3004; x_wconf 76' lang='lat' dir='ltr'><strong>„Errwmut</strong></span> <span class='ocrx_word' id='word_1_235' title='bbox 631 2929 799 2991; x_wconf 75' lang='lat' dir='ltr'><strong>caeci</strong></span> <span class='ocrx_word' id='word_1_236' title='bbox 833 2929 904 2989; x_wconf 78' lang='lat' dir='ltr'><strong>iu</strong></span> <span class='ocrx_word' id='word_1_237' title='bbox 927 2928 1173 3010; x_wconf 75' lang='lat' dir='ltr'><strong>plateis</strong></span> <span class='ocrx_word' id='word_1_238' title='bbox 1188 2971 1206 3000; x_wconf 89' lang='lat'><strong>,</strong></span> <span class='ocrx_word' id='word_1_239' title='bbox 1234 2927 1482 3009; x_wconf 78' lang='lat' dir='ltr'><strong>polluti</strong></span> <span class='ocrx_word' id='word_1_240' title='bbox 1506 2935 1655 2990; x_wconf 76' lang='lat' dir='ltr'><strong>sunt</strong></span> <span class='ocrx_word' id='word_1_241' title='bbox 1684 2930 1998 3010; x_wconf 68' lang='lat' dir='ltr'><strong>sanquine</strong></span> <span class='ocrx_word' id='word_1_242' title='bbox 2009 2974 2027 3005; x_wconf 91' lang='lat'>‚</span> <span class='ocrx_word' id='word_1_243' title='bbox 2063 2947 2139 2990; x_wconf 90' lang='lat' dir='ltr'><strong>ea</strong></span> <span class='ocrx_word' id='word_1_244' title='bbox 2163 2947 2325 3009; x_wconf 76' lang='lat' dir='ltr'><strong>quae</strong></span> 
     </span>
     <span class='ocr_line' id='line_1_27' title="bbox 208 3029 2327 3108; baseline 0 -18"><span class='ocrx_word' id='word_1_245' title='bbox 208 3047 329 3090; x_wconf 75' lang='lat' dir='ltr'><strong>nou</strong></span> <span class='ocrx_word' id='word_1_246' title='bbox 355 3035 668 3108; x_wconf 67' lang='lat' dir='ltr'><strong>possunt,</strong></span> <span class='ocrx_word' id='word_1_247' title='bbox 715 3035 988 3108; x_wconf 71' lang='lat' dir='ltr'><strong>tanqum</strong></span> <span class='ocrx_word' id='word_1_248' title='bbox 1026 3030 1418 3092; x_wconf 71' lang='lat' dir='ltr'><strong>vestimentis</strong></span> <span class='ocrx_word' id='word_1_249' title='bbox 1446 3030 1631 3091; x_wconf 48' lang='grc' dir='ltr'><strong>δαίμ</strong></span> <span class='ocrx_word' id='word_1_250' title='bbox 1690 3030 1799 3091; x_wconf 92' lang='lat' dir='ltr'><strong>IV:</strong></span> <span class='ocrx_word' id='word_1_251' title='bbox 1845 3034 1954 3091; x_wconf 85' lang='lat'><strong>14.</strong></span> <span class='ocrx_word' id='word_1_252' title='bbox 2005 3029 2099 3090; x_wconf 83' lang='lat' dir='ltr'><strong>Ex</strong></span> <span class='ocrx_word' id='word_1_253' title='bbox 2134 3033 2327 3108; x_wconf 85' lang='lat' dir='ltr'><strong>signi·-</strong></span> 
     </span>
     <span class='ocr_line' id='line_1_28' title="bbox 210 3128 2323 3208; baseline 0.002 -21"><span class='ocrx_word' id='word_1_254' title='bbox 210 3128 488 3190; x_wconf 80' lang='lat' dir='ltr'><strong>ficatione</strong></span> <span class='ocrx_word' id='word_1_255' title='bbox 515 3133 774 3190; x_wconf 82' lang='lat' dir='ltr'><strong>vestium</strong></span> <span class='ocrx_word' id='word_1_256' title='bbox 804 3132 944 3189; x_wconf 86' lang='lat' dir='ltr'><strong>sciri</strong></span> <span class='ocrx_word' id='word_1_257' title='bbox 977 3138 1179 3208; x_wconf 87' lang='lat' dir='ltr'><strong>potest</strong></span> <span class='ocrx_word' id='word_1_258' title='bbox 1213 3132 1357 3206; x_wconf 88' lang='lat' dir='ltr'><strong>quid</strong></span> <span class='ocrx_word' id='word_1_259' title='bbox 1383 3131 1732 3207; x_wconf 85' lang='lat' dir='ltr'><strong>intelligitur</strong></span> <span class='ocrx_word' id='word_1_260' title='bbox 1755 3148 1866 3208; x_wconf 89' lang='lat' dir='ltr'><strong>per</strong></span> <span class='ocrx_word' id='word_1_261' title='bbox 1891 3131 2069 3208; x_wconf 85' lang='lat' dir='ltr'><strong>plura</strong></span> <span class='ocrx_word' id='word_1_262' title='bbox 2097 3137 2323 3192; x_wconf 79' lang='lat' dir='ltr'><strong>statuta</strong></span> 
     </span>
     <span class='ocr_line' id='line_1_29' title="bbox 210 3228 2323 3307; baseline 0.003 -21"><span class='ocrx_word' id='word_1_263' title='bbox 210 3229 372 3305; x_wconf 81' lang='lat' dir='ltr'><strong>apud</strong></span> <span class='ocrx_word' id='word_1_264' title='bbox 403 3229 558 3290; x_wconf 86' lang='lat' dir='ltr'><strong>filios</strong></span> <span class='ocrx_word' id='word_1_265' title='bbox 593 3230 867 3304; x_wconf 68' lang='lat' dir='ltr'><strong>Isi-aene,</strong></span> <span class='ocrx_word' id='word_1_266' title='bbox 907 3238 973 3289; x_wconf 94' lang='lat' dir='ltr'><strong>ut</strong></span> <span class='ocrx_word' id='word_1_267' title='bbox 1024 3276 1060 3306; x_wconf 89' lang='lat'><em>„</em></span> <span class='ocrx_word' id='word_1_268' title='bbox 1075 3228 1267 3307; x_wconf 74' lang='lat' dir='ltr'><strong>Quod</strong></span> <span class='ocrx_word' id='word_1_269' title='bbox 1302 3237 1501 3290; x_wconf 67' lang='lat' dir='ltr'><strong>vestes</strong></span> <span class='ocrx_word' id='word_1_270' title='bbox 1541 3231 1787 3292; x_wconf 78' lang='lat' dir='ltr'><strong>mixtae</strong></span> <span class='ocrx_word' id='word_1_271' title='bbox 1827 3251 1952 3292; x_wconf 77' lang='lat' dir='ltr'><strong>non</strong></span> <span class='ocrx_word' id='word_1_272' title='bbox 1986 3229 2323 3292; x_wconf 73' lang='lat' dir='ltr'><strong>indueren-</strong></span> 
     </span>
     <span class='ocr_line' id='line_1_30' title="bbox 210 3329 2324 3408; baseline 0.003 -22"><span class='ocrx_word' id='word_1_273' title='bbox 210 3331 358 3388; x_wconf 78' lang='lat' dir='ltr'><strong>tur“</strong></span> <span class='ocrx_word' id='word_1_274' title='bbox 414 3329 619 3390; x_wconf 87' lang='lat' dir='ltr'><strong>Levit:</strong></span> <span class='ocrx_word' id='word_1_275' title='bbox 656 3331 834 3390; x_wconf 89' lang='lat' dir='ltr'>XIX:</span> <span class='ocrx_word' id='word_1_276' title='bbox 880 3335 988 3390; x_wconf 88' lang='grc'><strong>19.</strong></span> <span class='ocrx_word' id='word_1_277' title='bbox 1051 3331 1245 3390; x_wconf 87' lang='lat' dir='ltr'><strong>Deut:</strong></span> <span class='ocrx_word' id='word_1_278' title='bbox 1273 3331 1491 3390; x_wconf 90' lang='lat' dir='ltr'>XXII:</span> <span class='ocrx_word' id='word_1_279' title='bbox 1539 3334 1645 3391; x_wconf 92' lang='grc'><strong>11.</strong></span> <span class='ocrx_word' id='word_1_280' title='bbox 1722 3377 1758 3408; x_wconf 90' lang='lat'><em>„</em></span> <span class='ocrx_word' id='word_1_281' title='bbox 1775 3331 1965 3408; x_wconf 76' lang='lat' dir='ltr'><strong>Quod</strong></span> <span class='ocrx_word' id='word_1_282' title='bbox 2000 3350 2161 3392; x_wconf 67' lang='lat' dir='ltr'><strong>vasa</strong></span> <span class='ocrx_word' id='word_1_283' title='bbox 2192 3331 2324 3392; x_wconf 75' lang='lat' dir='ltr'><strong>viri</strong></span> 
     </span>
     <span class='ocr_line' id='line_1_31' title="bbox 212 3429 2319 3510; baseline 0.002 -24"><span class='ocrx_word' id='word_1_284' title='bbox 212 3445 338 3487; x_wconf 76' lang='lat' dir='ltr'><strong>non</strong></span> <span class='ocrx_word' id='word_1_285' title='bbox 377 3435 574 3490; x_wconf 74' lang='lat' dir='ltr'><strong>essent</strong></span> <span class='ocrx_word' id='word_1_286' title='bbox 627 3449 818 3510; x_wconf 65' lang='lat' dir='ltr'><strong>super</strong></span> <span class='ocrx_word' id='word_1_287' title='bbox 855 3430 1239 3509; x_wconf 74' lang='lat' dir='ltr'><strong>foeminam,</strong></span> <span class='ocrx_word' id='word_1_288' title='bbox 1313 3450 1423 3492; x_wconf 80' lang='lat' dir='ltr'><strong>nee</strong></span> <span class='ocrx_word' id='word_1_289' title='bbox 1474 3431 1577 3492; x_wconf 79' lang='lat' dir='ltr'><strong>vir</strong></span> <span class='ocrx_word' id='word_1_290' title='bbox 1624 3429 1992 3493; x_wconf 73' lang='lat' dir='ltr'><strong>indueretur</strong></span> <span class='ocrx_word' id='word_1_291' title='bbox 2042 3431 2319 3491; x_wconf 68' lang='lat' dir='ltr'><strong>vestibus</strong></span> 
     </span>
     <span class='ocr_line' id='line_1_32' title="bbox 194 3526 2319 3606; baseline 0.001 -19"><span class='ocrx_word' id='word_1_292' title='bbox 194 3526 518 3606; x_wconf 76' lang='lat' dir='ltr'><strong>foeminae</strong></span> <span class='ocrx_word' id='word_1_293' title='bbox 535 3533 571 3563; x_wconf 89' lang='lat'><em>“</em></span> <span class='ocrx_word' id='word_1_294' title='bbox 648 3531 842 3590; x_wconf 88' lang='lat' dir='ltr'><strong>Deut:</strong></span> <span class='ocrx_word' id='word_1_295' title='bbox 872 3531 1086 3590; x_wconf 90' lang='lat' dir='ltr'>XXII:</span> <span class='ocrx_word' id='word_1_296' title='bbox 1132 3533 1191 3591; x_wconf 89' lang='lat'><strong>5.</strong></span> <span class='ocrx_word' id='word_1_297' title='bbox 1275 3575 1312 3606; x_wconf 90' lang='lat'><em>„</em></span> <span class='ocrx_word' id='word_1_298' title='bbox 1336 3530 1528 3606; x_wconf 73' lang='lat' dir='ltr'><strong>Quod</strong></span> <span class='ocrx_word' id='word_1_299' title='bbox 1571 3527 1939 3592; x_wconf 66' lang='lat' dir='ltr'><strong>lavarentur</strong></span> <span class='ocrx_word' id='word_1_300' title='bbox 1992 3535 2193 3590; x_wconf 70' lang='lat' dir='ltr'><strong>vestes</strong></span> <span class='ocrx_word' id='word_1_301' title='bbox 2242 3535 2319 3589; x_wconf 77' lang='lat' dir='ltr'><strong>ut</strong></span> 
     </span>
     <span class='ocr_line' id='line_1_33' title="bbox 192 3627 2309 3712; baseline 0 -23"><span class='ocrx_word' id='word_1_302' title='bbox 192 3627 696 3711; x_wconf 70' lang='lat' dir='ltr'><strong>pmflearentur</strong></span> <span class='ocrx_word' id='word_1_303' title='bbox 721 3635 782 3690; x_wconf 72' lang='lat' dir='ltr'><strong>et</strong></span> <span class='ocrx_word' id='word_1_304' title='bbox 808 3630 902 3691; x_wconf 73' lang='lat' dir='ltr'><strong>eie</strong></span> <span class='ocrx_word' id='word_1_305' title='bbox 926 3630 1524 3712; x_wconf 70' lang='lat' dir='ltr'><strong>sanetifiearmtur“</strong></span> <span class='ocrx_word' id='word_1_306' title='bbox 1551 3630 1740 3690; x_wconf 84' lang='lat' dir='ltr'>Exod:</span> <span class='ocrx_word' id='word_1_307' title='bbox 1761 3629 1935 3688; x_wconf 90' lang='lat' dir='ltr'>XIX:</span> <span class='ocrx_word' id='word_1_308' title='bbox 1969 3632 1997 3687; x_wconf 95' lang='lat'>1</span> <span class='ocrx_word' id='word_1_309' title='bbox 2016 3633 2074 3688; x_wconf 92' lang='grc'><strong>4.</strong></span> <span class='ocrx_word' id='word_1_310' title='bbox 2104 3629 2309 3689; x_wconf 87' lang='lat' dir='ltr'><strong>Levit:</strong></span> 
     </span>
     <span class='ocr_line' id='line_1_34' title="bbox 201 3727 2313 3808; baseline 0.001 -22"><span class='ocrx_word' id='word_1_311' title='bbox 201 3727 328 3787; x_wconf 89' lang='lat' dir='ltr'><strong>XI:</strong></span> <span class='ocrx_word' id='word_1_312' title='bbox 373 3732 487 3788; x_wconf 80' lang='lat'><strong>28.</strong></span> <span class='ocrx_word' id='word_1_313' title='bbox 530 3732 643 3790; x_wconf 90' lang='grc'><strong>40.</strong></span> <span class='ocrx_word' id='word_1_314' title='bbox 719 3729 882 3808; x_wconf 86' lang='lat' dir='ltr'>Cap:</span> <span class='ocrx_word' id='word_1_315' title='bbox 919 3730 1089 3790; x_wconf 85' lang='lat' dir='ltr'>XIV:</span> <span class='ocrx_word' id='word_1_316' title='bbox 1145 3733 1203 3790; x_wconf 84' lang='lat'><strong>8.</strong></span> <span class='ocrx_word' id='word_1_317' title='bbox 1252 3735 1313 3792; x_wconf 84' lang='lat'><strong>9.</strong></span> <span class='ocrx_word' id='word_1_318' title='bbox 1384 3732 1574 3791; x_wconf 83' lang='lat' dir='ltr'>Num:</span> <span class='ocrx_word' id='word_1_319' title='bbox 1614 3728 1787 3790; x_wconf 88' lang='lat' dir='ltr'>XIX:</span> <span class='ocrx_word' id='word_1_320' title='bbox 1835 3732 1915 3789; x_wconf 92' lang='lat'><strong>11</strong></span> <span class='ocrx_word' id='word_1_321' title='bbox 1974 3727 2051 3786; x_wconf 83' lang='lat' dir='ltr'><strong>ad</strong></span> <span class='ocrx_word' id='word_1_322' title='bbox 2084 3728 2193 3788; x_wconf 84' lang='lat' dir='ltr'><strong>fin:</strong></span> <span class='ocrx_word' id='word_1_323' title='bbox 2252 3735 2313 3788; x_wconf 87' lang='lat' dir='ltr'><strong>et</strong></span> 
     </span>
     <span class='ocr_line' id='line_1_35' title="bbox 199 3825 2311 3911; baseline 0 -25"><span class='ocrx_word' id='word_1_324' title='bbox 199 3827 342 3887; x_wconf 83' lang='lat' dir='ltr'><strong>alibi</strong></span> <span class='ocrx_word' id='word_1_325' title='bbox 396 3873 435 3903; x_wconf 88' lang='lat'><em>„</em></span> <span class='ocrx_word' id='word_1_326' title='bbox 452 3827 644 3904; x_wconf 78' lang='lat' dir='ltr'><strong>Quod</strong></span> <span class='ocrx_word' id='word_1_327' title='bbox 675 3829 746 3890; x_wconf 78' lang='lat' dir='ltr'><strong>in</strong></span> <span class='ocrx_word' id='word_1_328' title='bbox 783 3827 959 3891; x_wconf 75' lang='lat' dir='ltr'><strong>luctu</strong></span> <span class='ocrx_word' id='word_1_329' title='bbox 978 3835 1254 3910; x_wconf 73' lang='lat' dir='ltr'><strong>propter</strong></span> <span class='ocrx_word' id='word_1_330' title='bbox 1265 3830 1880 3911; x_wconf 73' lang='lat' dir='ltr'><strong>praevaricationem</strong></span> <span class='ocrx_word' id='word_1_331' title='bbox 1918 3833 2133 3890; x_wconf 76' lang='lat' dir='ltr'><strong>contra</strong></span> <span class='ocrx_word' id='word_1_332' title='bbox 2170 3825 2311 3887; x_wconf 69' lang='lat' dir='ltr'><strong>De·-</strong></span> 
     </span>
     <span class='ocr_line' id='line_1_36' title="bbox 198 3926 2305 4006; baseline -0 -19"><span class='ocrx_word' id='word_1_333' title='bbox 198 3926 352 4004; x_wconf 73' lang='lat' dir='ltr'><strong>vina</strong></span> <span class='ocrx_word' id='word_1_334' title='bbox 407 3947 556 3991; x_wconf 78' lang='lat' dir='ltr'><strong>vera</strong></span> <span class='ocrx_word' id='word_1_335' title='bbox 567 3973 584 4004; x_wconf 93' lang='lat'>,</span> <span class='ocrx_word' id='word_1_336' title='bbox 657 3935 954 3992; x_wconf 68' lang='lat' dir='ltr'><strong>exuerent</strong></span> <span class='ocrx_word' id='word_1_337' title='bbox 1003 3935 1232 4002; x_wconf 71' lang='lat' dir='ltr'><strong>vestes,</strong></span> <span class='ocrx_word' id='word_1_338' title='bbox 1281 3936 1344 3990; x_wconf 75' lang='lat' dir='ltr'><strong>et</strong></span> <span class='ocrx_word' id='word_1_339' title='bbox 1384 3929 1715 3991; x_wconf 76' lang='lat' dir='ltr'><strong>induerent</strong></span> <span class='ocrx_word' id='word_1_340' title='bbox 1766 3931 2064 3992; x_wconf 73' lang='lat' dir='ltr'><strong>eaeoum“</strong></span> <span class='ocrx_word' id='word_1_341' title='bbox 2131 3929 2305 4006; x_wconf 85' lang='lat' dir='ltr'>Esaj:</span> 
     </span>
     <span class='ocr_line' id='line_1_37' title="bbox 196 4023 2307 4106; baseline 0 -19"><span class='ocrx_word' id='word_1_342' title='bbox 196 4023 338 4087; x_wconf 90' lang='lat' dir='ltr'>XV:</span> <span class='ocrx_word' id='word_1_343' title='bbox 391 4030 455 4088; x_wconf 91' lang='lat'><strong>3.</strong></span> <span class='ocrx_word' id='word_1_344' title='bbox 539 4025 699 4106; x_wconf 83' lang='lat' dir='ltr'>Cap:</span> <span class='ocrx_word' id='word_1_345' title='bbox 752 4029 973 4092; x_wconf 90' lang='lat' dir='ltr'>XXII:</span> <span class='ocrx_word' id='word_1_346' title='bbox 1031 4033 1142 4090; x_wconf 81' lang='lat'><strong>12.</strong></span> <span class='ocrx_word' id='word_1_347' title='bbox 1217 4029 1378 4106; x_wconf 85' lang='lat' dir='ltr'>Cap:</span> <span class='ocrx_word' id='word_1_348' title='bbox 1421 4029 1762 4090; x_wconf 90' lang='lat' dir='ltr'>XXXVII:</span> <span class='ocrx_word' id='word_1_349' title='bbox 1814 4036 1877 4092; x_wconf 91' lang='lat' dir='ltr'><strong>·l.</strong></span> <span class='ocrx_word' id='word_1_350' title='bbox 1921 4036 1982 4090; x_wconf 84' lang='lat'><strong>2.</strong></span> <span class='ocrx_word' id='word_1_351' title='bbox 2066 4029 2307 4090; x_wconf 86' lang='lat' dir='ltr'><strong>Jerem:</strong></span> 
     </span>
     <span class='ocr_line' id='line_1_38' title="bbox 195 4123 2306 4207; baseline 0.001 -22"><span class='ocrx_word' id='word_1_352' title='bbox 195 4123 301 4185; x_wconf 89' lang='lat' dir='ltr'><strong>IV:</strong></span> <span class='ocrx_word' id='word_1_353' title='bbox 347 4129 408 4187; x_wconf 89' lang='lat'><strong>8.</strong></span> <span class='ocrx_word' id='word_1_354' title='bbox 486 4128 648 4206; x_wconf 83' lang='lat' dir='ltr'>Gap:</span> <span class='ocrx_word' id='word_1_355' title='bbox 684 4129 806 4189; x_wconf 92' lang='lat' dir='ltr'><strong>VI:</strong></span> <span class='ocrx_word' id='word_1_356' title='bbox 850 4133 962 4189; x_wconf 83' lang='lat'><strong>26.</strong></span> <span class='ocrx_word' id='word_1_357' title='bbox 1031 4129 1188 4207; x_wconf 83' lang='lat' dir='ltr'>Cap:</span> <span class='ocrx_word' id='word_1_358' title='bbox 1240 4128 1539 4190; x_wconf 86' lang='lat' dir='ltr'>XLVIII:</span> <span class='ocrx_word' id='word_1_359' title='bbox 1583 4129 1692 4188; x_wconf 83' lang='lat'><strong>37.</strong></span> <span class='ocrx_word' id='word_1_360' title='bbox 1772 4129 1933 4206; x_wconf 83' lang='lat' dir='ltr'>Gap:</span> <span class='ocrx_word' id='word_1_361' title='bbox 1970 4125 2200 4191; x_wconf 85' lang='lat' dir='ltr'>XLIX:</span> <span class='ocrx_word' id='word_1_362' title='bbox 2246 4132 2306 4190; x_wconf 91' lang='lat'><strong>3.</strong></span> 
     </span>
     <span class='ocr_line' id='line_1_39' title="bbox 201 4225 2305 4292; baseline 0.003 -6"><span class='ocrx_word' id='word_1_363' title='bbox 201 4225 434 4288; x_wconf 83' lang='lat' dir='ltr'><strong>Thren:</strong></span> <span class='ocrx_word' id='word_1_364' title='bbox 471 4227 566 4288; x_wconf 91' lang='lat' dir='ltr'><strong>II:</strong></span> <span class='ocrx_word' id='word_1_365' title='bbox 617 4232 724 4290; x_wconf 91' lang='grc'><strong>10.</strong></span> <span class='ocrx_word' id='word_1_366' title='bbox 778 4230 1012 4292; x_wconf 84' lang='lat' dir='ltr'><strong>Ezeeh:</strong></span> <span class='ocrx_word' id='word_1_367' title='bbox 1049 4229 1326 4291; x_wconf 89' lang='lat' dir='ltr'>XXVII:</span> <span class='ocrx_word' id='word_1_368' title='bbox 1374 4230 1483 4290; x_wconf 85' lang='lat'><strong>31.</strong></span> <span class='ocrx_word' id='word_1_369' title='bbox 1536 4229 1721 4290; x_wconf 82' lang='lat' dir='ltr'><strong>Amos</strong></span> <span class='ocrx_word' id='word_1_370' title='bbox 1758 4227 1940 4289; x_wconf 86' lang='lat' dir='ltr'>VIII:</span> <span class='ocrx_word' id='word_1_371' title='bbox 1987 4233 2095 4290; x_wconf 88' lang='lat'><strong>10.</strong></span> <span class='ocrx_word' id='word_1_372' title='bbox 2150 4226 2305 4292; x_wconf 75' lang='lat' dir='ltr'><strong>Jonz</strong></span> 
     </span>
    </p>
   </div>
  </div>
 </body>
</html>
