2700 4792
467 359 578 413 334
807 347 1299 405 APOCALYPSIS
1341 349 1777 408 EXPLICATA.
1846 349 1889 418 §.
1935 303 2067 409 ὲ218-
2122 356 2254 410 219.

467 525 544 566 ne
601 513 812 584 pereat
861 508 1256 586 intelligentia
1273 509 1342 586 ,]
1414 513 1651 568 constat
1688 525 1764 567 ex
1814 506 2258 584 significatione
2316 521 2569 582 coronae,

473 607 635 684 quod
677 610 758 665 sit
805 611 1130 685 sapientia,
1179 609 1254 668 de
1295 627 1416 686 qua
1452 625 1642 684 supra
1674 625 1744 667 nt
1796 611 1933 668 126
1950 652 1968 683 ,
2043 605 2143 664 hic
2183 604 2572 680 intelligentia,

471 709 748 783 quoniam
787 708 876 766 illi
909 711 1014 784 qui
1049 713 1110 768 in
1147 726 1348 770 amore
1392 709 1694 786 spirituali
1730 714 1903 776 sunt,
1958 723 2077 766 seu
2116 700 2179 763 in
2222 704 2498 766 charitate
2524 711 2576 764 et

467 807 606 866 inde
645 806 793 879 lide,
845 809 906 866 in
943 810 1338 885 intelligentia
1374 815 1541 882 sunt,
1594 809 1683 867 illi
1726 815 1927 866 autem
1971 809 2171 883 quiin
2212 821 2413 863 amore
2446 821 2572 863 coe·-

467 907 609 966 lesti
649 923 758 966 seu
803 909 862 966 in
903 927 1104 968 amore
1159 914 1218 970 in
1255 911 1579 969 Dominum
1620 916 1759 968 sunt
1807 914 1868 966 et
1910 907 2055 966 inde
2106 909 2171 964 in
2212 907 2570 980 perceptione

469 1008 634 1081 veri,
680 1008 740 1065 in
779 1011 1076 1085 sapientia
1115 1017 1283 1070 suntz
1339 1010 1499 1087 quod
1540 1027 1649 1086 per
1692 1015 1758 1068 ut
1792 1025 1969 1067 nemo
2021 1007 2287 1080 recipiat
2325 1021 2571 1063 coronam

471 1113 634 1164 tuam
675 1109 1039 1183 algnificetur
1077 1129 1152 1170 ne
1179 1117 1393 1187 pereat
1422 1110 1847 1186 intelligentia,
1891 1115 1986 1167 eet
2016 1110 2165 1184 quia
2192 1103 2352 1162 mala
2378 1111 2433 1163 et
2456 1103 2569 1163 inde

471 1206 629 1265 falsa
681 1208 960 1268 auferunt
1015 1211 1471 1286 intelllgentiam
1527 1211 1780 1284 homini3
1848 1207 2262 1284 intelligentia
2312 1205 2459 1264 enim
2496 1207 2572 1260 est

471 1308 630 1379 veri,
684 1307 836 1368 haec
879 1311 1147 1370 aufertur
1185 1311 1409 1370 homini
1444 1329 1483 1370 a
1518 1310 1691 1369 malis
1730 1307 2080 1385 spiritibuS,
2142 1323 2282 1366 cum
2319 1304 2483 1363 homo
2522 1303 2569 1358 in

474 1405 650 1466 malis
693 1414 812 1482 eet,
863 1413 1143 1485 quoniam
1167 1410 1286 1470 illis
1314 1417 1457 1471 tunc
1486 1413 1821 1470 associatur
1831 1429 1848 1485 3
1894 1415 1954 1468 et
1982 1407 2153 1485 quod
2192 1408 2283 1465 sic
2312 1404 2565 1473 aufertur,

467 1507 582 1566 hoc
620 1511 795 1584 perit.

627 1609 788 1667 219.
855 1611 1119 1670 Vincens
1177 1612 1393 1671 faciam
1452 1610 1617 1670 illum
1668 1611 2003 1671 columnam
2064 1611 2129 1668 in
2173 1602 2425 1681 Templo
2470 1601 2565 1659 Dei

471 1710 622 1776 mei,
693 1710 853 1783 quod
898 1711 1193 1787 significet
1250 1711 1411 1788 quod
1465 1713 1567 1786 qui
1612 1717 1997 1785 permanent,
2050 1714 2233 1769 erunt
2282 1707 2343 1762 in
2376 1702 2563 1761 Divino

470 1804 634 1864 Vero
693 1809 756 1865 in
798 1808 1013 1880 Coele,
1065 1819 1297 1871 constat
1354 1829 1430 1870 ex
1486 1811 1917 1886 significatione
1966 1813 2252 1881 vincere,
2308 1801 2457 1880 quod
2500 1801 2564 1857 sit

471 1921 825 1982 permanere
866 1913 928 1968 in
963 1914 1223 1986 genuina
1260 1911 1571 1970 affectione
1602 1911 1759 1985 veri,
1820 1911 1893 1970 de
1932 1928 2055 1986 qua
2093 1925 2285 1985 supra
2322 1923 2392 1962 n:
2428 1899 2559 1969 128,

469 2004 566 2064 hic
609 2007 672 2063 in
705 2005 822 2066 fide
861 2025 932 2068 ex
967 2011 1290 2081 charitate,
1349 2013 1491 2086 quia
1528 2010 1601 2068 de
1640 2010 1745 2068 illa
1784 2012 1844 2068 in
1880 2012 2129 2086 scriptis
2178 2007 2257 2065 ad
2299 1999 2559 2077 Angelum

467 2104 646 2182 hujus
687 2106 996 2168 Ecclesiae
1059 2114 1287 2186 agitur,
1341 2111 1621 2168 videatur
1647 2125 1831 2185 supra
1870 2129 1939 2168 n:
1988 2111 2170 2184 2035
2250 2123 2324 2164 ex
2364 2096 2559 2175 signifi-

469 2207 706 2264 catione
735 2209 1081 2283 columnae,
1131 2211 1292 2286 quod
1327 2213 1407 2268 sit
1431 2209 1716 2268 Divinum
1744 2210 1972 2269 Verum
2008 2213 2361 2268 sustentans
2372 2221 2389 2276 ,-
2424 2205 2557 2258 etex

469 2304 896 2382 significatione
936 2309 1172 2385 Templi
1206 2311 1359 2383 Dei,
1421 2309 1582 2385 quod
1633 2311 1694 2366 in
1743 2326 2025 2385 supremo
2066 2323 2255 2384 sensu
2294 2303 2371 2362 sit
2410 2297 2551 2358 Divi-

463 2423 604 2462 num
646 2405 989 2466 Humanum
1028 2409 1299 2484 Domini,
1351 2415 1413 2468 et
1450 2411 1511 2466 in
1548 2424 1735 2467 sensu
1771 2411 2117 2485 respective
2159 2407 2421 2482 Regnum
2446 2397 2551 2471 spi-

465 2506 684 2566 rituale
722 2508 997 2581 Domini,
1055 2511 1143 2567 ita
1186 2510 1422 2569 coelum
1485 2507 1645 2585 quod
1695 2509 1757 2567 id
1807 2509 2085 2585 Regnum
2122 2501 2451 2567 constituit»
2494 2493 2550 2550 de

469 2624 592 2682 qua
627 2611 913 2684 sequitur.
987 2609 1162 2684 Quod
1199 2609 1489 2668 Columna
1530 2611 1591 2666 in
1632 2608 1883 2685 Templo
1928 2611 2008 2666 eit
2042 2609 2329 2666 Divinum
2362 2598 2551 2656 Verum

467 2712 842 2782 sustentans,
902 2715 994 2767 est
1044 2711 1184 2784 quia
1226 2709 1545 2785 Templum
1584 2709 1881 2785 significat
1917 2707 2199 2777 (loeium,
2248 2710 2306 2764 et
2342 2694 2551 2758 Coelffln

467 2813 562 2864 eet
625 2806 872 2865 Coelum
921 2826 996 2867 ex
1041 2809 1260 2868 Divino
1305 2809 1469 2869 Vero
1527 2809 1687 2884 qnod
1735 2810 2007 2885 procedit
2050 2826 2091 2866 a
2132 2805 2411 2872 Domin03
2458 2808 2547 2870 per

467 2905 718 2964 coelum
755 2909 910 2964 enim
954 2908 1368 2985 intelliguntur
1404 2925 1611 2968 omnes
1640 2908 1891 2984 Angeli‚
1940 2926 2080 2966 narn
2105 2904 2319 2982 Angeli
2358 2896 2545 2956 faciunt

469 3002 720 3062 Coelum
775 3010 834 3064 et
887 3007 962 3065 ab
1002 2999 1250 3085 Angelis
1311 3009 1529 3068 dieitur
1572 3007 1851 3082 Coelnm,
1916 3015 1976 3067 et
2037 3007 2127 3066 illi
2166 3010 2387 3064 tantum
2433 2993 2542 3052 sunt

468 3102 714 3177 Angeli,
773 3112 1059 3180 quantum
1099 3110 1397 3184 recipiunt
1433 3109 1715 3167 Divinum
1754 3108 1983 3168 Verum
2032 3106 2195 3185 quod
2237 3094 2485 3181 procedit
2514 3104 2541 3144 a

468 3201 758 3277 Domine,
831 3214 1198 3283 quapropter
1249 3211 1429 3267 etiam
1470 3207 1689 3284 Angeli
1744 3209 1805 3265 in
1846 3208 2049 3267 Verbo
2094 3202 2415 3284 significant
2448 3190 2537 3250 Di·

467 3303 608 3360 vina
642 3302 835 3379 Vera,
894 3306 1168 3366 videatur
1207 3323 1393 3384 supra
1430 3325 1503 3366 n:
1555 3310 1712 3367 130.
1747 3309 1921 3367 20οε
1970 3308 2112 3384 quia
2154 3319 2307 3365 nunc
2334 3291 2539 3358 coelum

465 3408 562 3462 est
601 3403 884 3462 Divinum
921 3405 1177 3481 Verum,
1235 3414 1295 3466 et
1341 3407 1660 3484 Templum
1704 3407 1997 3482 significat
2040 3407 2314 3472 coelum,
2365 3388 2530 3466 sequi-

465 3508 564 3562 tur
601 3504 759 3580 quod
797 3507 992 3564 omnia
1021 3505 1260 3582 Templi
1287 3507 1623 3583 significent
1660 3507 1805 3566 talia
1840 3523 1995 3583 quae
2022 3513 2161 3565 sunt
2186 3498 2379 3566 Divini
2403 3485 2530 3556 Veri,

467 3611 529 3663 et
567 3605 726 3679 quod
756 3603 1080 3664 Columnae
1124 3605 1206 3664 ibi
1243 3607 1467 3666 Divina
1491 3607 1659 3666 Vera
1698 3609 2119 3667 sustentantia.
2174 3603 2381 3666 Divina
2402 3588 2529 3648 Vera

465 3707 866 3762 sustentantia
905 3711 1044 3764 sunt
1080 3709 1140 3764 in
1179 3724 1401 3783 genere
1440 3707 1609 3766 Vera
1640 3708 1954 3776 inferiora,
2008 3710 2151 3783 qnia
2195 3705 2294 3764 illa
2328 3695 2527 3755 susten-

463 3810 596 3862 tant
635 3806 952 3881 superiora
962 3825 978 3881 3
1023 3813 1162 3864 sunt
1199 3810 1357 3864 enim
1395 3807 1613 3866 Divina
1639 3806 1804 3866 Vera
1849 3807 2130 3867 inferiora
2165 3812 2224 3866 et
2246 3791 2521 3874 superiora,

465 3905 620 3962 sicut
669 3911 810 3963 sunt
839 3903 1004 3964 Coeli
1044 3906 1357 3966 inferiores
1403 3913 1463 3966 et
1488 3909 1864 3984 superior-ee,
1912 3913 2053 3965 eunt
2076 3907 2289 3983 gradus
2314 3895 2521 3956 illorum,

463 4002 540 4060 de
581 4003 794 4076 quibus
837 4005 1110 4065 videatur
1163 4009 1226 4064 in
1265 4005 1467 4082 Opere
1536 4007 1609 4066 de
1654 4006 1869 4068 conto
1910 4025 1989 4065 m·
2028 4007 2293 4066 Iun-nano
2346 4009 2405 4051 11²
2433 3979 2518 4043 33·

472 4100 635 4154 208.
684 4103 844 4158 209.
896 4107 1058 4181 2113
1116 4104 1284 4165 Coeli
1329 4109 1432 4181 qui
1476 4108 1535 4164 in
1582 4107 1843 4165 inferiori
1880 4107 2071 4183 gradu
2111 4111 2270 4177 sunt,
2316 4093 2391 4154 illi
2410 4094 2519 4192 su?-

465 4197 700 4249 tentant
741 4197 939 4255 coelos
993 4206 1091 4275 qui
1150 4207 1212 4262 in
1250 4208 1580 4284 superiori3
1637 4207 1733 4265 hic
1776 4209 1979 4283 itaque
2010 4219 2128 4283 'per
2166 4197 2312 4282 quod
2344 4191 2511 4252 D⁰¹¹¹¹'’
