2700 4792
325 355 572 412 CAPUT
613 353 985 422 QUARTUM.
1710 355 1924 413 VERS=
1968 367 2023 420 7.
2176 368 2288 422 473

129 514 578 580 habitaculum
613 530 820 576 corum
855 513 1226 593 significatur
1259 513 1365 576 ubi
1394 513 1549 578 tales
1574 515 1635 576 in
1657 515 1968 594 Ecclesia3
2004 535 2115 596 per
2137 523 2288 598 pas·

131 637 346 681 cuum
389 627 594 676 eorum
629 613 1036 692 significantur
1074 617 1441 693 cognitiones
1468 617 1598 678 veri
1633 621 1695 676 et
1727 617 1899 694 bon13
1934 635 2047 695 per
2079 621 2293 681 ambu-

129 719 308 780 lavit
343 733 464 776 nec
495 721 732 775 terrens
767 715 1138 794 significatur
1185 721 1383 776 status
1418 719 1763 777 securitatis
1798 735 2005 778 eorum
2048 735 2089 778 a
2121 721 2292 781 falsis

133 827 212 880 et
245 817 463 878 malis.
531 815 718 894 Apud
748 815 1008 876 Micham
1063 814 1332 892 „Erunt
1366 813 1676 897 reliquiae
1715 815 1942 878 Jacobi
1976 817 2049 879 in
2082 820 2292 882 medio

121 913 550 1001 populorum
577 911 926 978 multorum
951 914 1120 976 sicut
1149 935 1260 978 ros
1283 935 1330 976 a
1354 934 1499 976 cum
1524 915 1828 988 Jelzovah,
1868 916 2037 978 sicut
2064 924 2293 998 quttae

129 1037 368 1099 super
401 1015 614 1091 herba,
671 1015 840 1077 sicut
890 1013 984 1076 leo
1025 1015 1190 1078 inter
1232 1016 1474 1078 bestias
1516 1013 1767 1098 sylvae,
1818 1016 1987 1078 sicut
2038 1015 2131 1078 leo
2166 1019 2287 1102 ju-

132 1118 348 1182 venie
381 1115 548 1178 inter
577 1134 804 1196 yreqec
845 1115 1088 1188 ouium,
1153 1115 1268 1196 qui
1322 1116 1388 1178 ci
1448 1116 1850 1191 transiverit,
1906 1114 2290 1179 conculcabit

131 1226 206 1281 et
245 1217 614 1297 disper-yet,
651 1221 727 1278 ut
749 1234 874 1278 non
911 1216 1186 1296 eripims
1201 1236 1231 1290 ;
1276 1215 1671 1278 eccaltabitur
1694 1235 1927 1279 manue
1960 1222 2076 1279 tua
2100 1237 2293 1298 super

135 1320 386 1382 hostes
421 1323 582 1392 tuoe,
626 1321 688 1378 et
723 1335 934 1378 omnes
957 1316 1210 1378 inimici
1243 1317 1346 1378 tui
1376 1315 1871 1380 eoescindentur“
1921 1317 1999 1379 V:
2034 1321 2095 1378 6.
2130 1325 2189 1379 7.
2224 1321 2287 1394 83

137 1439 272 1500 per
313 1417 606 1494 reliquias
642 1417 861 1477 Jacobi
894 1416 1302 1496 signiticantur
1335 1435 1483 1478 vera
1518 1424 1579 1478 et
1612 1418 1772 1478 bona
1804 1418 2140 1486 Ecclesiae;
2177 1431 2289 1496 per

140 1537 368 1582 rorem
431 1535 466 1576 a
501 1517 787 1578 Jehovah
835 1517 1202 1596 significatur
1246 1535 1452 1580 verum
1500 1517 1841 1596 spiritualc3
1894 1537 2007 1596 per
2056 1525 2288 1596 guttam

145 1635 359 1698 super
389 1618 597 1693 herba,
635 1635 846 1678 verum
873 1619 1177 1696 naturale3
1216 1637 1323 1697 per
1365 1620 1599 1680 leonem
1644 1622 1800 1678 inter
1821 1619 2047 1680 bestias
2077 1619 2284 1698 sylvae
2326 1615 2489 1680 [312]

153 1729 226 1782 et
264 1737 380 1798 per
412 1719 652 1779 leonem
678 1719 970 1796 juvenem
1003 1723 1160 1780 inter
1186 1737 1403 1798 greges
1432 1723 1651 1796 ovium,
1690 1737 1761 1779 ac
1796 1737 1908 1797 per
1932 1720 2285 1781 conculcare

159 1830 228 1882 et
297 1821 644 1896 dispergere
709 1826 774 1877 ut
831 1837 950 1880 non
1011 1822 1301 1897 eripiens,
1371 1822 1741 1898 significatur
1786 1823 2055 1897 potentia
2109 1838 2293 1900 super

159 1921 332 1982 mala
369 1927 432 1980 et
463 1919 622 1978 falsa
636 1939 655 1994 3
717 1921 856 1994 quia
899 1921 1050 1980 haec
1095 1921 1534 1998 significantur,
1584 1923 1721 1982 ideo
1756 1921 2004 1994 dicitur,
2054 1923 2288 1982 exalta-

157 2024 330 2082 bitur
361 2035 577 2079 manus
631 2025 738 2078 tua
785 2035 973 2098 super
1008 2021 1216 2082 hostes
1268 2030 1405 2082 tuos
1444 2031 1505 2081 et
1542 2039 1747 2102 omnes
1783 2023 2006 2080 inimici
2051 2025 2143 2081 tui
2178 2040 2287 2082 ex-

169 2122 536 2196 scindentur,
572 2137 684 2197 per
709 2119 916 2180 hostes
947 2124 1102 2182 enlm
1129 2123 1541 2199 significantur
1574 2121 1749 2194 mala,
1796 2125 1857 2180 et
1880 2138 1991 2198 per
2014 2123 2288 2180 inimicos

165 2221 368 2296 falsa,
431 2221 710 2280 videatur
770 2237 836 2281 n:
898 2223 1109 2281 2851.
1183 2223 1395 2280 8289.
1470 2223 1681 2280 9314.
1755 2222 2013 2279 10481.
2108 2215 2289 2298 Apud

169 2321 418 2396 Esaiam
453 2318 712 2396 „Dixit
757 2319 1123 2393 Dominus,
1174 2321 1282 2382 abi
1307 2319 1619 2382 constitue
1646 2315 2103 2399 speculatorem
2118 2366 2135 2396 ,
2178 2320 2290 2400 qui

179 2422 412 2498 spectet
445 2425 502 2480 et
535 2420 810 2496 nuntiet,
864 2427 924 2484 et
963 2422 1131 2482 vidit
1171 2440 1445 2494 currum,
1490 2439 1617 2500 par
1660 2417 1940 2498 equitum
1956 2463 1973 2493 ,
2029 2438 2291 2480 cur-rum

171 2516 386 2590 asini,
423 2537 665 2582 cwrrum
705 2518 959 2597 cameli,
1002 2527 1062 2582 et
1095 2520 1488 2584 auscultavit
1532 2515 2060 2582 auscultationem
2076 2543 2096 2578 .·
2150 2515 2289 2579 cla-

163 2615 506 2706 mavitleo
541 2639 730 2702 cuper
771 2620 1058 2703 specula,
1107 2621 1421 2693 Domine,
1472 2640 1584 2702 eqo
1616 2617 2059 2700 stansjuqiter
2084 2617 2284 2678 inter-

163 2719 318 2797 diu,
373 2725 434 2781 et
475 2739 668 2802 super
703 2722 1000 2784 custodia
1026 2741 1166 2784 mea
1203 2742 1318 2804 eqo
1345 2723 1729 2784 constitutus
1766 2717 2053 2780 omnibus
2076 2719 2283 2779 nocti-

163 2823 326 2895 buc,·
379 2821 643 2896 cecidit,
701 2821 953 2894 cecidit,
987 2821 1240 2885 Babez«
1296 2823 1485 2884 XXI:
1530 2825 1589 2881 6.
1639 2826 1698 2880 7.
1740 2825 1801 2880 8.
1846 2822 1917 2896 9;
1976 2821 2171 2897 agitur
2204 2819 2289 2878 ibi

161 2923 242 2983 de
276 2923 544 2983 adventu
595 2923 836 2983 Domini
847 2967 864 2998 ,
919 2931 978 2983 et
1023 2924 1099 2984 de
1151 2939 1312 2983 nova
1362 2924 1637 2983 Ecclesia
1688 2928 1862 2997 tun03
1909 2937 2020 2998 per
2052 2920 2289 2980 leonem

161 3041 354 3100 super
405 3023 690 3098 specula,
745 3023 1115 3100 significatur
1161 3023 1439 3083 custodia
1494 3030 1555 3084 et
1604 3022 1993 3082 Providentia
2023 3021 2285 3094 Domini,

163 3141 355 3199 quare
393 3124 640 3194 dicitur,
691 3140 804 3201 ego
839 3130 1006 3184 stans
1043 3125 1272 3202 jugIter
1328 3124 1621 3198 interdiu,
1679 3129 1739 3182 et
1799 3137 1984 3199 super
2019 3122 2293 3182 custodia

159 3241 306 3282 mea
341 3241 454 3300 ego
489 3226 844 3284 constitutus
875 3225 1147 3284 omnibus
1183 3223 1489 3300 noctibus;
1527 3241 1637 3300 per
1664 3239 1901 3283 currum
1938 3229 2001 3283 et
2035 3241 2147 3302 per
2180 3239 2291 3300 par

161 3325 471 3402 equitum,
511 3325 876 3402 significatur
913 3325 1182 3385 doctrina
1226 3326 1361 3383 veri
1394 3341 1469 3383 ex
1503 3324 1743 3401 Verb03
1798 3321 2005 3400 ct‘per
2038 3324 2289 3383 auscul-

159 3431 296 3483 tare
333 3425 834 3484 auscultationem
877 3428 1004 3485 vita
1047 3424 1377 3484 secundum
1424 3423 1619 3482 illam:
1660 3422 1821 3499 quod
1854 3438 2063 3482 currus
2098 3425 2289 3498 signi-

159 3524 306 3584 ficet
339 3523 670 3584 doctrinam
697 3527 858 3594 veri,
892 3525 1169 3586 videatur
1204 3543 1274 3582 n:
1317 3525 1534 3582 2761.
1568 3525 1782 3582 2762.
1830 3523 2035 3581 5321.
2074 3523 2287 3580 8029.

167 3627 304 3683 821
328 3625 400 3684 5:
497 3625 660 3704 quod
721 3642 906 3702 eques
965 3625 1262 3702 significet
1305 3621 1575 3682 Verbum
1636 3620 1835 3696 quoad
1898 3618 2286 3694 intellectum,

162 3740 238 3782 n:
282 3727 498 3784 2760.
534 3727 748 3786 6401.
787 3726 1001 3786 6534.
1037 3727 1247 3784 7024.
1285 3723 1498 3781 8146.
1536 3721 1750 3779 8148.
1804 3718 1987 3796 Apud
2012 3717 2291 3779 Eundem

163 3866 205 3897 „
218 3822 778 3900 Quemadmodum
829 3822 1012 3905 ruyit
1048 3823 1180 3884 Leo
1240 3827 1299 3883 et
1335 3818 1597 3904 juvenis
1629 3815 1763 3878 Leo
1822 3835 2013 3897 cuper
2052 3817 2291 3896 rapina

161 3940 318 3999 sua,
359 3923 496 3988 ‘cui
542 3925 818 3987 occurrit
877 3929 1096 3986 contra
1139 3920 1330 3984 illum
1380 3916 1715 4001 plenitudo
1760 3921 2130 3999 pactorum,
2194 3917 2291 3978 cic

165 4020 492 4085 descendet
537 4024 824 4087 Jehova-It
865 4023 957 4086 ad
996 4021 1413 4086 militandum
1458 4039 1648 4102 super
1700 4021 1906 4079 monte
1941 4015 2180 4079 Zionic
2230 4021 2291 4078 et

161 4141 356 4203 super
393 4123 550 4187 colle
581 4125 768 4209 ejus“
823 4123 1074 4186 XXXI:
1115 4128 1156 4182 4
1174 4145 1191 4200 3
1244 4125 1342 4183 hic
1378 4121 1655 4184 Jehovah
1692 4126 2069 4197 comparatur
2103 4120 2291 4181 Leoni

163 4227 449 4302 rugienti,
509 4230 650 4306 quia
695 4245 808 4306 per
839 4227 1104 4286 Leonem
1153 4224 1519 4302 significatur
1560 4222 1830 4300 potentia
1866 4220 2159 4284 educendi
2212 4220 2288 4278 ab
