2700 4792
344 365 574 423 CAPUT
623 365 966 426 TERTIUM.
1669 367 1847 427 VERS
1861 391 1879 426 ε
1922 379 2014 432 12.
2190 385 2297 437 353

199 535 257 590 et
291 528 490 590 omnio
531 529 684 590 urbs
746 533 806 588 et
843 527 1070 589 domus
1117 525 1338 588 divisa
1378 533 1601 590 contra
1651 546 1719 589 se
1766 549 1892 592 mm
1942 532 2235 594 consistit
2257 537 2297 567 “

202 631 343 691 XII:
380 631 506 705 253
545 647 658 708 per
679 629 956 706 Regnum
989 631 1050 687 in
1077 627 1375 704 spirituali
1398 645 1583 689 seusu
1616 631 1982 708 significatur
2006 633 2298 711 Ecclesia,

201 749 298 809 per
327 729 540 790 urbem
596 737 660 790 et
691 729 932 790 domum
977 728 1108 805 ejus
1155 728 1461 789 doctrinae
1496 747 1704 790 verum
1744 738 1805 793 et
1836 733 2085 806 bonum,
2142 753 2301 812 quae

198 849 302 892 non
335 833 674 890 consistunt
706 830 816 892 sed
849 829 1224 899 dilabuntur,
1275 832 1328 888 si
1364 847 1481 890 non
1516 833 1873 892 unanimiter
1914 836 2296 895 concordant.

197 931 363 1010 Apud
387 930 664 991 Eundem
700 929 944 1006 „Jesus
969 929 1174 990 mittit
1199 927 1533 992 duodecim
1568 929 1923 1012 discipulos
1948 933 2038 993 iis
2064 933 2297 1011 dicens,

197 1033 260 1094 in
293 1031 471 1092 viam
506 1030 794 1111 yentium
825 1048 952 1092 non
983 1029 1214 1090 abitote
1226 1075 1244 1105 ,
1285 1035 1345 1090 et
1380 1029 1452 1092 in
1488 1032 1701 1092 urbem
1738 1030 2303 1096 Samoerz'tanorum

194 1151 310 1194 mn
341 1129 801 1210 inyredimin&
855 1131 1088 1192 abitote
1115 1130 1340 1211 potius
1380 1129 1471 1191 ad
1504 1149 1644 1192 oves
1680 1131 2045 1212 deperditas
2070 1133 2301 1196 domus

197 1229 514 1294 Israelis«
568 1231 649 1290 X:
709 1234 766 1290 5.
823 1235 890 1308 63
952 1233 1052 1290 via
1102 1234 1365 1308 gentium
1412 1235 1473 1290 in
1520 1250 1699 1309 quam
1744 1251 1863 1292 non
1896 1234 2155 1310 abirent,
2210 1238 2299 1296 si-

195 1333 431 1410 gnificat
480 1331 696 1391 falsum
743 1349 817 1390 ex
857 1332 1043 1407 malo;
1095 1332 1238 1390 urbs
1285 1329 1791 1392 Samaritanorum
1830 1353 2010 1411 quam
2048 1351 2165 1394 non
2203 1339 2299 1394 in-

194 1433 584 1512 grederentur
609 1476 624 1505 ,
699 1433 992 1508 significat
1051 1432 1264 1491 falsam
1324 1431 1652 1492 doctrinam
1714 1451 1922 1494 eorum
1992 1438 2095 1512 qui
2152 1435 2299 1512 reji-

193 1537 350 1594 ciunt
395 1533 721 1592 Dominum
738 1553 755 1608 3
817 1549 962 1592 oves
1023 1531 1374 1610 deperditae
1422 1533 1630 1592 domus
1679 1533 1925 1595 Israelis
1968 1533 2305 1612 significant

190 1633 322 1694 illos
357 1635 466 1710 qui
500 1634 562 1690 in
593 1633 752 1692 bono
787 1633 1092 1692 charitatis
1129 1639 1271 1692 sunt
1305 1639 1367 1692 et
1400 1633 1537 1693 inde
1574 1635 1717 1708 fide,
1767 1634 1961 1694 Israel
1990 1623 2135 1695 'sunt
2168 1653 2305 1697 om-

192 1751 296 1794 nes
327 1733 418 1794 ini
453 1733 794 1810 ubicunque
832 1740 971 1792 sunt
983 1755 1000 1810 3
1053 1733 1214 1810 quod
1265 1733 1411 1792 urbs
1450 1733 1957 1796 Samaritanorum
2010 1735 2309 1814 significet

189 1835 400 1894 falsam
437 1833 766 1892 doctrinam
800 1851 1003 1892 eorum
1042 1836 1146 1915 qui
1179 1835 1457 1910 rejiciunt
1488 1835 1839 1911 Dominum,
1880 1844 1975 1896 est
2008 1835 2303 1914 quia-Sa-

191 1936 464 1995 maritani
513 1924 634 1992 non
685 1933 1050 1994 admiserunt
1082 1932 1320 2010 Ipsum,
1373 1934 1649 1996 videatur
1694 1936 1852 1996 Luc:
1900 1937 2024 1996 IX:
2082 1939 2165 1997 52
2227 1936 2306 1995 ad

201 2038 303 2095 56.
359 2033 549 2112 Apud
581 2033 850 2094 Eundem
889 2078 926 2108 ,‚
951 2033 1146 2094 Jesuo
1173 2031 1380 2110 dixit,
1426 2035 1677 2114 quando
1702 2041 2169 2116 persequuntur
2192 2055 2305 2096 vos

192 2135 258 2196 in
293 2135 448 2197 urbe
486 2151 636 2204 una,
685 2133 908 2214 suyz‘te
963 2134 1036 2194 in
1098 2131 1303 2196 aliam
1323 2138 1361 2170 “
1439 2135 1530 2194 X:
1590 2138 1717 2212 233
1796 2155 1905 2212 per
1952 2139 2161 2198 urbem
2208 2137 2307 2197 hie

193 2253 434 2313 quoque
477 2234 829 2312 intelligitur
875 2236 1142 2295 doctrina
1186 2235 1323 2294 falsi
1374 2253 1448 2294 ex
1485 2236 1673 2310 malo,
1732 2237 1893 2313 quod
1942 2237 2045 2297 ubi
2081 2237 2205 2313 illa,
2246 2243 2307 2298 et

192 2354 304 2396 non
341 2336 756 2396 admitteretur
791 2336 1058 2396 doctrina
1089 2339 1248 2412 veri,
1299 2335 1649 2412 intelligitur
1696 2353 1807 2411 per
1850 2337 2009 2413 quod
2056 2340 2111 2396 si
2157 2355 2301 2414 per-

192 2442 588 2512 sequerentur
631 2439 694 2495 in
741 2436 890 2496 urbe
954 2454 1072 2496 uua
1113 2437 1391 2513 fugerent
1442 2437 1501 2492 in
1566 2435 1760 2494 aliam.
1844 2437 2021 2513 Apud
2076 2436 2305 2496 Lucam

114 2597 119 2603 ,
205 2533 744 2614 „Paterfamilias
781 2535 1166 2615 indiynatus
1203 2535 1383 2597 dixit
1420 2554 1627 2607 serva,
1678 2535 1787 2596 abi
1833 2535 2009 2596 ocius
2052 2536 2123 2596 in
2148 2533 2303 2614 pla-

195 2640 340 2695 teas
375 2639 438 2694 et
473 2635 634 2697 vicos
669 2637 865 2712 urhis,
909 2655 986 2697 ac
1015 2656 1347 2717 paupere-3,
1384 2654 1660 2706 mancos,
1693 2633 1961 2697 claudos
2002 2639 2061 2696 et
2089 2653 2303 2696 caecos·

192 2734 491 2797 introduc
524 2735 688 2798 huo“
736 2738 929 2799 XIVz.
951 2741 1071 2813 213
1127 2737 1288 2814 quod
1341 2738 1575 2796 abirent
1620 2741 1680 2796 in
1728 2737 1967 2813 plateas
2026 2743 2088 2796 et
2134 2737 2303 2794 vicos

194 2837 356 2896 urbis
393 2837 687 2912 significat
739 2839 900 2916 quod
950 2841 1314 2914 inquirerent
1362 2839 1464 2897 ubi
1500 2845 1639 2897 sunt
1692 2841 1795 2915 qui
1827 2839 2125 2916 recipiunt
2156 2853 2307 2896 vera

193 2937 525 3016 doctrinae3
572 2937 814 3014 plateae
853 2941 1008 2998 enim
1046 2945 1106 2998 et
1134 2941 1254 2998 vici
1288 2946 1431 2998 sunt
1463 2955 1609 2997 vera
1644 2939 1968 3008 doctrinae,
2002 2944 2071 2996 ut
2096 2953 2301 3014 supra,

193 3047 252 3100 et
283 3038 434 3096 urbs
473 3046 566 3096 est
593 3038 890 3114 doctrina3
941 3055 1279 3116 paupereS,
1319 3041 1541 3113 manci,
1582 3038 1779 3098 clau‘di
1816 3046 1875 3098 et
1910 3041 2077 3099 caeci
2110 3041 2301 3116 signi-

193 3143 328 3197 cant
364 3137 504 3196 illos
539 3140 784 3216 quinon
817 3141 878 3198 in
903 3141 1066 3198 veris
1105 3145 1164 3199 et
1187 3139 1359 3197 bonis
1390 3145 1547 3208 sunt,
1586 3139 1695 3199 sed
1732 3157 1923 3216 usque
1960 3140 2305 3200 desiderant

192 3237 326 3313 illa3
383 3239 625 3313 quinam
672 3241 731 3298 in
785 3241 988 3315 specie
1038 3238 1445 3316 significantur
1498 3257 1609 3316 per
1654 3257 1993 3318 pauperes,
2060 3243 2308 3319 quinam

191 3356 300 3414 per
350 3355 625 3414 manem,
681 3337 930 3398 claudos
977 3345 1038 3398 et
1086 3355 1337 3411 caecos,
1384 3339 1661 3399 videatur
1716 3359 1790 3402 ex
1828 3341 2101 3402 Aacams
2138 3340 2301 3400 Con·

195 3453 483 3506 anemos
527 3441 589 3498 in
623 3439 951 3498 Doornnu
983 3439 1200 3500 Noua
1234 3439 1741 3516 Hmaosonrmn,
1780 3459 1851 3500 n:
1899 3442 2053 3498 107.
2117 3436 2304 3514 Apud

189 3537 459 3598 Eundem
516 3583 554 3614 „
574 3536 788 3598 Homo
827 3537 1060 3600 nobilis
1099 3538 1316 3600 abiens
1355 3545 1429 3600 ut
1466 3540 1769 3618 acciperet
1816 3539 1941 3599 sibi
1973 3537 2309 3616 Reqnum,

187 3635 370 3698 dedit
403 3637 606 3700 sewi-9
640 3637 783 3699 wie
817 3639 1024 3700 decem
1056 3639 1268 3700 minas
1301 3639 1393 3700 ad
1428 3638 1899 3717 neyotiandum,
1936 3655 2081 3697 oum
2103 3633 2302 3696 rediit

187 3737 405 3799 vocam·
423 3737 638 3820 jussit
671 3757 886 3800 servos
897 3761 927 3813 ;
975 3740 1241 3802 accessit
1262 3739 1523 3820 primus
1560 3737 1791 3812 dicens,
1829 3737 2013 3798 mina
2050 3741 2165 3796 tua
2192 3733 2297 3796 lu-

187 3843 372 3899 orata
407 3845 504 3899 est
543 3837 748 3900 decem
785 3840 1000 3902 minas
1013 3885 1029 3912 ‚
1077 3839 1182 3902 cui
1215 3839 1396 3900 dimit
1410 3883 1427 3914 ‚
1468 3839 1616 3898 bone
1656 3855 1856 3910 serve,
1901 3835 2057 3916 quia
2106 3852 2299 3913 super

185 3936 448 4000 minimo
503 3936 730 4020 fidelis
778 3941 988 4021 suisti
998 3987 1013 4016 ,
1087 3939 1338 4001 habebis
1392 3940 1771 4017 potestatem
1829 3954 2019 4016 super
2092 3933 2301 3994 decem

183 4037 400 4100 urbes.-
456 4057 608 4100 mox
635 4042 804 4102 venit
835 4039 1147 4103 secundus
1175 4038 1407 4115 dicens,
1448 4036 1756 4116 Domine,
1796 4038 1973 4099 mina
2010 4041 2125 4099 tua
2136 4034 2302 4118 fecit

185 4137 456 4218 quinque
479 4139 710 4218 mina-s,
758 4141 864 4203 cui
894 4141 1089 4219 dixit,
1133 4146 1204 4202 tu
1233 4159 1471 4220 quoque
1498 4144 1629 4199 esto
1660 4156 1851 4220 super·
1876 4139 2145 4220 quinque
2185 4159 2299 4200 ur-

191 4235 338 4297 best
375 4239 554 4300 XIX:
591 4245 675 4340 l2
711 4242 788 4302 ad
826 4245 934 4319 19,
973 4259 1113 4319 seq:
1150 4259 1262 4320 per
1295 4241 1447 4301 haec
1471 4243 1541 4300 in
1576 4257 1755 4301 sensu
1794 4240 2091 4321 spirituali
2126 4239 2303 4314 plura

291 4354 724 4410 Swedenbor30
768 4357 958 4410 Apocal.
990 4357 1102 4410 expl.
1137 4357 1169 4394 1.
1898 4344 1985 4400 23
