2700 4792
379 351 638 409 CAPUT
679 350 1045 419 QUARTum.
1151 365 1168 380 ·
1728 349 1944 404 VERS:
2000 360 2052 412 9.
2250 361 2360 416 501

173 539 222 577 a
252 513 594 590 Domin03
629 509 981 591 glorificatlo
1011 525 1168 588 quae
1199 515 1292 570 eet
1318 508 1395 570 ab
1424 508 1761 570 hominibus
1796 515 1859 570 et
1883 526 2001 570 non
2028 527 2065 570 a
2090 509 2365 590 Domino,

174 635 330 678 non
381 619 494 676 est
527 629 606 672 ex
641 611 821 672 corde
855 611 964 671 sed
991 609 1188 671 nolum
1225 627 1301 669 ex
1329 611 1526 672 activo
1562 611 1885 670 memoriae
1920 615 1983 670 et
2012 609 2099 671 sic
2136 627 2212 671 ex
2244 629 2368 690 ore,

179 726 260 779 et
303 712 503 794 quod
535 713 732 774 solum
783 729 855 772 ex
900 711 996 772 his
1031 709 1262 790 prodit,
1319 716 1381 771 et
1416 727 1537 772 non
1594 727 1707 788 per
1740 709 1846 770 illa
1881 725 1957 770 ex
1992 711 2201 787 corde,
2254 729 2375 774 non

181 816 488 878 auditur
535 816 596 874 in
646 811 852 887 coelo,
915 813 998 872 lta
1047 828 1160 872 nec
1205 813 1493 890 recipitur
1540 829 1579 870 a
1621 811 1906 886 Domino,
1962 811 2074 873 sed
2116 811 2375 874 elabitur

183 922 398 980 sicut
463 913 586 974 alia
642 930 758 979 vox
820 927 1040 974 sonora
1087 915 1150 973 in
1183 912 1499 987 mundium
1552 910 1705 972 haee
1738 909 2086 988 glorificatio
2122 927 2243 972 non
2276 921 2374 974 eet

185 1017 468 1098 agnitio
492 1013 672 1074 corde
701 1012 863 1090 quod
895 1030 1070 1074 omne
1106 1013 1328 1074 bonum
1366 1021 1428 1074 et
1458 1029 1634 1073 omne
1660 1028 1875 1072 verum
1908 1012 2053 1072 sita
2076 1011 2368 1075 Domino:

189 1117 468 1198 agnitio
505 1115 686 1175 corde
713 1114 950 1186 dicitur,
985 1118 1046 1174 et
1076 1130 1188 1193 per
1213 1113 1272 1172 id
1309 1113 1659 1192 intelligitur
1695 1127 1769 1172 ex
1795 1113 1921 1172 vita
1954 1113 2194 1187 ameria,
2232 1130 2372 1176 nam

191 1235 330 1280 cor
377 1219 443 1278 in
477 1215 683 1279 Verbo
729 1215 1024 1294 significat
1069 1231 1334 1274 amorem
1354 1259 1373 1286 ,
1426 1221 1487 1275 et
1530 1230 1697 1274 amor
1745 1218 1841 1274 est
1883 1214 2009 1274 vita
2040 1212 2371 1274 Secundum

195 1321 576 1398 praecepta
618 1315 892 1392 Domini;
959 1313 1196 1393 quando
1244 1316 1423 1377 homo
1467 1318 1532 1376 in
1579 1313 1695 1374 hac
1743 1315 1871 1373 vita
1903 1318 2030 1389 est,
2082 1319 2223 1375 tunc
2276 1321 2372 1376 est

197 1417 598 1497 glorificatio
630 1414 904 1487 Domini,
957 1433 1112 1496 quae
1175 1423 1268 1475 est
1319 1418 1543 1493 agnitio
1600 1415 1761 1493 quod
1807 1431 1980 1474 omne
2031 1413 2253 1474 bonum
2308 1423 2371 1476 et

203 1536 453 1580 verum
501 1517 582 1576 sit
629 1533 668 1575 a
698 1516 990 1591 Domino,
1047 1533 1123 1577 ex
1163 1515 1375 1578 corde:
1428 1517 1542 1578 hoc
1578 1533 1819 1594 quoque
1861 1513 2212 1592 intelligitur
2258 1533 2371 1592 per

207 1617 564 1699 glorificari
611 1615 774 1695 apud
807 1617 850 1679 ,J
853 1615 1146 1677 ohannem
1197 1667 1200 1672 .
1213 1613 1342 1692 „Si
1373 1615 1744 1678 manseritis
1784 1614 1854 1676 in
1888 1612 2024 1691 Me,
2080 1619 2141 1674 et
2186 1614 2371 1676 verba

213 1737 386 1781 mea
441 1717 529 1778 in·
549 1715 724 1781 vobio
757 1717 1132 1790 manserint,
1180 1714 1483 1798 quicquid
1526 1713 1859 1779 volueritis
1886 1715 2112 1796 petite,
2166 1721 2226 1778 et
2252 1718 2372 1800 fiet

217 1818 421 1882 vobio
437 1839 458 1880 :
511 1816 583 1878 in
616 1816 730 1880 hoc
751 1809 1160 1902 ylorificatae'
1193 1821 1288 1878 eet
1309 1816 1516 1882 Pater
1538 1835 1716 1880 meus
1728 1862 1745 1895 ,
1787 1821 1862 1880 ut
1872 1816 2171 1898 fructum
2198 1814 2368 1880 mul-

221 1925 384 1982 tum
413 1917 685 2001 seratis,
736 1923 794 1980 et
834 1917 987 1979 sitio
1022 1917 1150 1980 mei
1197 1916 1555 1999 discipulW
1604 1918 1747 1980 XV:
1792 1924 1851 1979 7.
1886 1919 1947 1980 8.
2004 1917 2182 1998 Quod
2216 1937 2368 1996 qua-

225 2029 383 2080 tuor
416 2021 746 2095 Animalia,
801 2035 956 2098 quae
993 2026 1164 2079 erant
1199 2019 1496 2097 Cherubi‚
1550 2019 1821 2080 dederint
1872 2019 2125 2096 gloriam
2161 2024 2223 2081 et
2254 2017 2367 2080 ho·

231 2137 450 2180 norem
513 2125 576 2180 et
633 2123 960 2200 gratiarum
1015 2122 1342 2190 actionem,
1394 2125 1489 2179 est
1535 2121 1677 2197 quia
1711 2119 1991 2180 Divinum
2026 2119 2256 2180 Verum
2310 2125 2371 2179 et

233 2218 528 2280 Divinum
554 2219 788 2282 Bonum
826 2237 898 2280 ac
924 2219 1293 2297 glorificatio,
1331 2237 1485 2296 quae
1510 2201 1919 2296 significantur
1953 2237 2065 2298 per
2096 2220 2368 2299 gloriam,

243 2316 532 2380 honorem
569 2329 631 2382 et
663 2323 988 2400 gratiarum
1027 2321 1347 2394 actionem,
1405 2317 1739 2398 procedunt
1772 2325 1833 2380 et
1866 2320 2119 2380 influunt
2166 2339 2203 2380 a
2234 2319 2367 2382 Do·

246 2417 440 2490 mine,
475 2419 734 2484 Cher-ubi
771 2423 924 2480 enim
962 2420 1050 2480 illi
1085 2421 1417 2498 significant
1452 2421 1771 2481 Dominum
1808 2419 2007 2497 quoad
2030 2420 2368 2482 Providen-

243 2519 390 2578 tiam
441 2527 500 2580 et
537 2521 920 2597 Custodiam,
975 2523 1247 2580 videatur
1299 2538 1489 2598 supra
1538 2539 1607 2579 n:
1650 2523 1813 2595 27⁷,
1870 2525 1931 2579 et
1976 2519 2065 2578 illi
2100 2526 2271 2580 erant
2302 2521 2369 2580 in
2493 2592 2505 2602 ¹

245 2621 450 2681 medio·
481 2623 707 2683 Throni
743 2629 807 2682 et
837 2625 1062 2684 circum
1099 2621 1433 2693 Thronum,
1466 2628 1535 2681 ut
1565 2627 1734 2699 patet
1768 2638 1845 2681 ex
1867 2619 2071 2680 Versu
2112 2621 2147 2680 6
2186 2619 2368 2698 hujus

243 2719 512 2799 Capiti-⁶5,
565 2732 626 2784 et
668 2741 856 2801 super
893 2723 1134 2782 Throno
1171 2730 1304 2783 erat
1336 2723 1650 2799 Dominus,
1690 2721 1879 2784 Vere-2
1920 2725 1999 2798 23·
2044 2719 2182 2780 inde
2220 2738 2367 2781 con-

241 2829 370 2882 stat
405 2823 570 2899 quod
602 2823 720 2884 illa.
745 2842 782 2882 a
812 2823 1100 2883 Domino:
1155 2825 1422 2901 receptio
1461 2830 1662 2882 autem.
1708 2829 1769 2881 et
1804 2823 2023 2900 agnitio
2062 2821 2239 2882 corde
2272 2819 2369 2881 in·-

237 2920 536 2999 telligitur
579 2943 690 3001 per
739 2924 928 2984 verba
959 2925 1192 2984 Versus
1247 2925 1589 3002 sequentia,
1640 2941 1858 3001 nempe
1890 2939 2001 3001 per
2032 2922 2219 2998 haec,
2272 2923 2367 2983 his

239 3021 468 3084 auditis
508 3023 924 3104 procidebant
973 3023 1212 3104 viyinti
1259 3030 1318 3086 et
1354 3028 1629 3104 quatuor
1667 3021 1958 3088 seniores
2006 3041 2223 3086 coram
2256 3021 2370 3086 Se-

239 3120 430 3184 dente
471 3143 662 3205 super
692 3123 968 3198 Thr-ono,
1007 3131 1066 3184 et
1100 3124 1456 3188 adorabant
1496 3123 1809 3188 Viventem
1848 3124 1921 3186 in
1944 3122 2201 3188 eaeoula
2226 3145 2368 3186 eac·-

238 3218 561 3301 oedorum,
627 3230 688 3288 et
741 3224 1112 3310 abjiciebant
1159 3243 1423 3288 coronae
1478 3244 1636 3287 ruas
1693 3245 1907 3289 coram
1951 3224 2221 3289 mom.
2299 3225 2373 3286 In

238 3321 454 3384 Verbo
489 3329 738 3404 saepius
774 3324 988 3387 dicitur
1017 3326 1224 3387 Gloria
1259 3333 1319 3388 et
1343 3326 1569 3402 Honor,
1608 3332 1671 3388 et
1704 3327 1901 3386 ubivis
1940 3327 2148 3388 Gloria
2180 3329 2368 3406 signi-

235 3423 384 3483 ficat
419 3425 644 3486 Verum
697 3435 756 3486 et
799 3427 1010 3487 Honor
1043 3425 1310 3497 Bonum;
1366 3426 1524 3505 quod
1562 3425 1679 3485 duo
1716 3427 1820 3486 illa
1866 3424 2143 3486 dicantur
2174 3427 2371 3501 simul,

239 3530 344 3584 est
377 3528 520 3602 quia
561 3529 618 3586 in
667 3527 918 3605 singulis
950 3527 1140 3589 Verbi
1183 3535 1280 3588 est
1325 3526 1666 3605 conjugium
1702 3526 1993 3600 coeleste,
2068 3527 2229 3602 quod
2274 3535 2371 3586 est

241 3625 602 3704 conjunctio
623 3627 772 3687 Veri
806 3635 866 3687 et
897 3627 1048 3688 Boni
1059 3647 1076 3702 3
1131 3643 1316 3686 causa
1353 3625 1509 3704 quod
1546 3625 1608 3684 id
1642 3626 1983 3703 conjugium
2032 3625 2111 3683 sit
2144 3625 2205 3685 in
2238 3628 2367 3686 ein-

243 3726 404 3804 gulis
437 3726 658 3803 Verbi,
712 3733 805 3788 est
838 3730 984 3806 quia
1011 3727 1296 3787 Divinum
1351 3724 1511 3804 quod
1541 3724 1814 3803 procedit
1861 3742 1898 3782 a
1931 3724 2219 3802 Domino,
2274 3733 2370 3786 est

241 3824 528 3886 Divinum
566 3829 793 3889 Verum
849 3831 1074 3887 unitum
1120 3827 1340 3887 Divino
1374 3825 1572 3900 Bon03
1625 3832 1687 3884 et
1722 3826 1865 3904 quia
1920 3825 2035 3885 hoc
2082 3842 2217 3886 cum
2262 3825 2367 3885 illo

243 3924 390 3988 facit
417 3926 686 4005 Coelum,
725 3934 786 3988 et
821 3945 1058 4006 quoque
1086 3925 1607 4001 facit-Ecclesiam,
1645 3925 1779 3987 ideo
1814 3926 1877 3984 in
1910 3923 2159 4003 singulis
2179 3924 2370 3986 Verbi

131 4011 136 4014 ⁶
241 4023 396 4089 illud
430 4036 555 4108 est3
591 4032 678 4090 ita
712 4046 950 4108 quoque
981 4030 1044 4114 in
1077 4027 1324 4107 singulis
1351 4025 1539 4087 Verbi
1575 4034 1676 4087 est·
1701 4027 1985 4087 Divinum
2022 4045 2059 4086 a
2091 4026 2369 4098 Domino,

245 4133 308 4188 et
337 4129 484 4211 Ipse
513 4116 812 4192 Dominus
824 4151 842 4208 3
899 4147 1007 4208 per
1051 4131 1163 4192 hoc
1210 4131 1393 4198 etiam
1425 4127 1696 4189 Verbum
1746 4129 2188 4189 sanctissimum
2238 4134 2365 4203 est3

249 4232 409 4309 quod
468 4231 591 4294 tale
641 4233 982 4312 conjugium
1033 4233 1110 4294 sit
1168 4234 1229 4292 in
1291 4229 1540 4310 singulis
1586 4227 1806 4300 Verbi,
1855 4229 2133 4292 videatur
2182 4245 2367 4304 supra
