2700 4792
355 345 596 403 CAPUT
631 344 934 404 PRIMUM.
1453 363 1459 368 ·
1585 328 1795 404 vm:
1841 357 2084 412 17-20.
2242 360 2339 414 89·

187 506 408 586 quoad
429 506 717 565 Divinum
742 503 1086 562 Humanum
1113 503 1344 563 dicatur
1368 503 1583 564 Facies
1607 504 1653 564 J
1656 505 1905 580 ehovae,
1932 523 2001 564 n:
2050 509 2079 564 l
2096 507 2232 566 057
2250 509 2311 567 9.

189 606 382 684 Quod
418 607 714 670 Dominus
753 621 830 662 ex
859 603 1080 662 Divino
1105 603 1328 665 Amore
1360 604 1589 690 welo
1618 611 1915 682 appareat
1940 612 2009 664 ut
2050 603 2159 666 sol
2191 605 2313 666 ful-

189 723 388 785 gens,
439 711 502 765 et
535 701 698 781 qdod
725 703 801 762 ab
828 703 974 780 Ipso
1009 709 1076 762 ut
1111 701 1256 764 Sole
1295 706 1492 764 omnia
1520 704 1675 764 coeli
1707 706 1969 764 existant
2009 711 2069 766 et
2104 706 2307 766 subsi-

189 814 394 882 stant,
444 805 724 864 videatur
757 806 818 862 in
853 802 1054 880 Opere
1093 804 1168 864 (10
1206 803 1409 862 Coeno
1445 821 1523 862 m·
1556 803 1865 879 lxm-enno,
1918 823 1993 864 n:
2056 808 2084 864 1
2107 810 2193 866 16
2234 807 2312 866 ad

203 912 234 967 1
255 909 374 982 25,
421 911 484 967 et
519 923 596 964 ex
629 905 750 963 illis
789 921 942 980 quae
978 904 1063 962 ibi
1099 909 1318 980 postea
1362 910 1715 980 sequuntur.

368 1009 476 1066 ⁷5.
549 1005 742 1064 Vers:
797 1007 904 1086 17¹.
943 1005 1052 1062 18.
1102 1005 1210 1062 19.
1250 1006 1362 1062 20.
1430 1001 1529 1064 Et
1564 1021 1707 1064 cum
1732 1000 1873 1063 vidi
1901 1003 2159 1082 Ipsum,
2216 1022 2314 1066 ce-

195 1107 342 1168 cidi
377 1104 468 1167 ad
488 1103 690 1184 pedes
722 1102 948 1182 Ipsius
983 1107 1286 1184 tanquam
1321 1107 1615 1164 mortuus
1636 1124 1657 1162 :
1712 1108 1771 1162 et
1809 1103 2117 1184 imposuit
2154 1103 2315 1166 dew-

199 1214 382 1268 tram
415 1223 604 1266 cuam
640 1223 898 1264 manum
933 1221 1126 1284 cuper
1155 1222 1256 1262 me
1267 1247 1284 1278 ‚
1341 1202 1557 1262 dicens
1606 1203 1769 1264 mihi
1812 1223 1888 1263 ne
1933 1203 2111 1279 time,
2164 1203 2314 1284 Eyc

199 1327 354 1368 sum
402 1289 676 1367 Primus
713 1309 772 1363 et
814 1301 1116 1364 Ultimus,
1195 1301 1292 1363 Et
1337 1301 1475 1378 Qui
1522 1301 1780 1378 Vivense,
1822 1309 1883 1363 et
1909 1304 2137 1384 sactus
2172 1323 2317 1366 cum

203 1411 528 1480 mortuus,
573 1411 636 1464 et
659 1423 789 1464 ecce
827 1401 1056 1466 Vivens
1083 1422 1230 1464 sum
1255 1403 1326 1464 in
1351 1399 1607 1463 saecula
1632 1401 2029 1464 saeculorum
2044 1447 2061 1475 ,
2093 1422 2313 1475 amem

211 1511 278 1565 et
313 1505 502 1566 habeo
533 1503 736 1566 claves
769 1503 1017 1582 inferni
1053 1509 1114 1563 et
1158 1503 1405 1564 mortis.
1472 1501 1687 1564 Scribe
1730 1522 1889 1582 quae
1940 1502 2173 1564 vidisti
2186 1549 2205 1579 ‚
2258 1508 2317 1562 et

206 1625 376 1685 quae
407 1611 562 1680 cunt,
583 1611 643 1664 et
676 1623 836 1686 quae
856 1603 1098 1684 satura
1133 1609 1301 1664 sunt.
1384 1600 1775 1683 Mysterium
1810 1607 2043 1683 septem
2074 1601 2316 1666 Stella-

205 1723 386 1776 rum,
443 1724 606 1785 quac
642 1704 876 1766 vidisti
907 1703 981 1764 in
1017 1703 1255 1766 deaetra
1300 1721 1441 1763 mea
1454 1747 1471 1778 ,
1534 1708 1593 1762 et
1642 1709 1875 1784 septem
1920 1701 2320 1766 Candelabra

203 1824 407 1866 aurea
423 1827 446 1864 .·
499 1811 732 1885 septem
767 1802 990 1866 stellae
1013 1802 1256 1884 Anyeli
1289 1807 1525 1884 septem
1547 1801 1993 1866 Ecclesiamm
2016 1809 2167 1865 sunt
2182 1822 2209 1876 ;
2258 1809 2319 1864 et

201 1911 444 1985 «septem
495 1901 876 1967 candelabra
924 1922 1084 1984 quae
1143 1903 1377 1964 vidisti
1389 1949 1406 1978 ,
1478 1909 1712 1984 septem
1767 1901 2097 1964 Ecclesiae
2148 1909 2315 1966 sunt.

201 2008 282 2067 Et
319 2024 455 2066 cum
490 2006 615 2066 vidi
648 2007 890 2084 Ipsum,
941 2005 1238 2082 significat
1279 2007 1685 2082 praesentiam
1720 2005 1980 2064 Divinae
2020 2005 2315 2082 MaJesta-

203 2109 314 2166 tis:
369 2107 562 2167 cecidi
595 2108 674 2166 ad
706 2107 896 2184 ped-es
930 2106 1167 2182 Ipsiu8‚
1224 2105 1525 2183 significat
1562 2106 1969 2166 adorationem
2008 2123 2082 2164 ex
2116 2106 2316 2164 humi-

202 2206 452 2268 liatione
489 2207 686 2267 cordis
731 2224 841 2284 pro
884 2206 1142 2265 Divinoz
1197 2213 1485 2282 tanquam
1522 2213 1825 2278 mortuus,
1880 2205 2177 2284 significat
2222 2208 2317 2264 vi-

203 2315 308 2366 tae
352 2311 636 2384 propriae
687 2307 1020 2368 defectum:
1079 2313 1140 2366 et
1183 2308 1473 2383 imposuit
1526 2306 1797 2366 dextram
1845 2324 2087 2365 manum
2136 2321 2321 2382 super

203 2425 338 2482 me,
395 2407 690 2484 significat
735 2411 916 2466 vitam
964 2407 1038 2465 ab
1088 2406 1263 2483 Ipso:
1317 2407 1521 2466 dicens
1561 2407 1704 2466 mihi
1748 2425 1823 2466 ne
1860 2409 2033 2480 time,
2088 2405 2317 2482 signifi-

207 2511 314 2564 eat
348 2509 808 2566 recreationem:
841 2507 970 2584 Ego
997 2524 1129 2566 sum
1164 2507 1403 2566 Primus
1440 2515 1503 2566 et
1536 2506 1826 2582 Ultimae,
1866 2505 2161 2582 significat
2200 2505 2319 2580 Qui

210 2606 416 2664 omnia
451 2608 610 2683 regit
656 2623 728 2665 ex
761 2607 970 2682 primis
1003 2625 1114 2682 per
1147 2607 1374 2682 ultima,
1426 2613 1487 2666 et
1522 2609 1608 2666 sic
1646 2608 1855 2665 omnia·
1880 2605 2079 2664 Coeli:
2122 2610 2183 2662 et
2218 2606 2321 2680 qui

203 2705 476 2776 Vivens,·
536 2706 832 2784 significat
867 2706 982 2782 Qui
1033 2707 1110 2766 ab
1155 2714 1435 2767 aeterno:
1492 2714 1553 2765 et
1599 2707 1792 2766 factus
1844 2721 1978 2763 sum
1998 2747 2001 2750 -
2025 2709 2315 2780 mortuus,

203 2805 502 2883 significat
551 2807 710 2884 quod
753 2807 1047 2884 rejectus:
1104 2814 1162 2866 et
1199 2825 1340 2868 ecce
1376 2809 1593 2868 vivens
1632 2822 1765 2865 sum
1798 2807 1864 2864 in
1898 2803 2145 2864 saecula
2176 2819 2320 2864 sae—

207 2907 510 2978 culorum,
571 2909 865 2985 signifieat
928 2907 1004 2966 ab
1056 2906 1202 2983 Ipso
1249 2911 1378 2967 vita
1432 2915 1709 2968 aeterna:
1764 2923 1965 2981 amen,
2022 2903 2317 2982 significat

208 3005 492 3066 Divinam
527 3008 1058 3068 confirmationem:
1117 3013 1180 3066 et
1220 3008 1416 3068 habeo
1466 3008 1667 3068 claves
1711 3008 1927 3067 inferni
1976 3013 2037 3065 et
2084 3008 2310 3081 mortis,
2356 3013 2481 3076 [64]

211 3107 510 3180 significat
541 3109 699 3184 quod
732 3109 861 3184 Ipsi
908 3109 1179 3184 potentia
1213 3108 1520 3168 salvandi:
1576 3109 1771 3168 scribe
1808 3123 1964 3184 quae
2000 3106 2219 3180 vidisti,
2259 3113 2320 3166 et

216 3221 372 3280 quae
408 3213 550 3264 sunt
584 3214 642 3267 et
667 3225 818 3285 quae
854 3209 1060 3268 futura
1094 3213 1236 3266 sunt
1261 3207 1391 3268 fieri
1425 3208 1712 3285 posthac,
1754 3207 2051 3284 significat
2082 3214 2149 3265 ut
2184 3223 2315 3264 om-

209 3304 318 3364 nia
342 3310 678 3381 posteritati
711 3311 830 3368 sint
865 3310 1006 3384 quia
1038 3309 1289 3368 Divina:
1343 3311 1694 3385 mysterium
1732 3315 1967 3384 septem
2006 3307 2317 3366 stellarum

213 3422 374 3481 quas
411 3406 612 3467 vidisti
653 3411 714 3467 in
751 3409 964 3468 dextra
995 3425 1160 3479 mea,
1221 3408 1517 3484 significat
1561 3408 1991 3468 revelationem
2034 3407 2108 3465 de
2143 3406 2316 3462 bonis

203 3512 274 3564 et
306 3509 505 3577 veris,
553 3526 710 3585 quae
749 3511 946 3567 omnia
989 3508 1064 3566 ab
1101 3509 1278 3583 Ipso:
1335 3516 1397 3568 et
1432 3513 1667 3585 septem
1705 3507 2079 3568 candelabra
2114 3521 2315 3578 aurea,

202 3605 504 3680 significat
551 3615 612 3667 et
665 3609 740 3668 de
783 3609 902 3668 illis
947 3611 1012 3666 in
1056 3626 1215 3667 novo
1263 3607 1447 3668 Coelo
1495 3615 1555 3668 et
1606 3625 1763 3666 nova
1814 3602 2030 3664 Terra:
2086 3609 2320 3679 septem

203 3705 424 3764 stellae
459 3706 679 3784 Angeli
729 3716 966 3786 septem
1009 3707 1418 3768 Ecclesiarum
1470 3716 1636 3784 sunt,
1695 3706 1992 3783 significat
2041 3691 2177 3762 illos
2220 3705 2323 3779 qui

203 3807 509 3882 recipiunt
541 3807 702 3866 bona,
737 3816 798 3868 et
827 3826 976 3868 vera
1011 3825 1048 3866 a
1071 3808 1362 3869 Domino:
1400 3815 1462 3870 et
1498 3816 1734 3888 septem
1768 3805 2131 3869 candelabra
2166 3819 2321 3880 quae

203 3904 412 3964 vidisti
459 3914 696 3984 septem
745 3909 1090 3978 Ecclesiae,
1150 3909 1448 3986 significat
1492 3909 1649 3985 quod
1688 3920 1893 3968 omnes
1947 3907 2036 3967 illi
2069 3907 2131 3966 in
2164 3923 2321 3966 novo

200 4003 390 4064 Coelo
429 4007 585 4066 et'in
619 4026 780 4068 nova
809 4008 1086 4069 Ecclesia
1127 4011 1262 4069 sint.

364 4107 474 4164 76.
555 4108 634 4166 Et
684 4109 809 4169 vidi
857 4109 1098 4186 Ipsum,
1177 4109 1336 4186 quod
1390 4108 1682 4186 significet
1730 4109 2139 4184 praesentiam
2203 4107 2318 4165 Di·-

203 4205 380 4264 vinae
435 4206 806 4287 Majestatis,
865 4216 1100 4282 constat
1149 4227 1224 4270 ex
1272 4209 1389 4269 illis
1436 4225 1592 4285 quae
1635 4207 2005 4284 praecedunt
2041 4207 2115 4266 de
2169 4205 2320 4263 Filio
