2700 4792
331 349 582 407 CAPUT
640 349 1010 416 QUARTUM.
1574 349 1784 410 vnn&
1830 364 1859 415 1
1884 385 1945 398 --
1966 365 2020 415 6.
2196 363 2307 420 445

175 517 268 574 45
311 511 396 571 ad
439 514 549 571 52.
635 509 810 588 Quod
857 508 1169 570 ostendam
1219 509 1328 570 tibi
1376 511 1671 589 significet
1722 515 2177 575 instructionem
2230 515 2309 575 ad

171 619 390 673 vivum
425 613 500 670 de
535 611 686 686 illis,
745 618 838 671 est
875 612 1018 687 quia
1063 612 1261 671 omnia
1313 629 1471 687 quae
1518 619 1767 674 ostensa
1816 620 1958 675 sunt
2005 615 2309 676 continent

145 697 312 786 illa,
373 713 562 772 latent
595 716 750 774 enim
813 710 1122 771 recondita
1165 713 1226 770 in
1261 715 1795 788 repraesentativis
1828 715 1891 774 in
1924 714 2303 794 Apocalypsi

170 815 502 888 descriptis
521 857 535 883 ‚
591 819 655 871 at
688 818 898 891 patent
933 829 1132 871 coram
1169 810 1439 890 Angelis,
1498 819 1557 872 et
1594 831 1831 891 quoque
1866 831 2071 874 coram
2102 814 2299 876 homi-

167 916 362 975 nibus
397 913 501 990 qui
537 916 732 973 sciunt
770 929 1014 972 sensum
1049 911 1427 988 spiritualem
1464 912 1671 974 Verbi.

335 1015 506 1073 ⁴265.
559 1013 746 1074 Vers:
788 1015 824 1070 2
866 1011 944 1070 ad
987 1015 1022 1072 6
1063 1011 1218 1071 med.
1271 1010 1370 1073 Et
1398 1012 1627 1073 atatim
1640 1013 1871 1094 factus
1896 1033 2043 1076 eum
2062 1013 2137 1077 in
2158 1015 2301 1096 epi·-

167 1116 316 1178 n'tu
327 1133 361 1186 ;
423 1117 486 1172 et
527 1131 656 1173 ecce
697 1109 994 1174 Thronus
1019 1110 1280 1192 poeitae
1331 1111 1402 1172 in
1452 1110 1663 1188 GoelO,
1716 1119 1779 1174 et
1816 1133 2009 1195 super
2050 1113 2305 1179 Throm
2368 1161 2376 1170 .

170 1215 446 1279 seam.
510 1211 608 1274 Et
653 1211 892 1275 Sedens
939 1217 1076 1274 erat
1117 1209 1361 1273 similis
1398 1219 1659 1292 aspectu
1698 1211 1915 1295 lapidi
1936 1214 2203 1298 jaspidi
2244 1221 2307 1278 et

171 1313 444 1384 sardio,
493 1317 554 1372 et
597 1311 722 1374 im‘s
749 1311 1057 1374 circuitus
1089 1309 1334 1374 Throni
1367 1311 1611 1375 similis
1648 1321 1907 1394 aspectu
1931 1315 2302 1396 smaraydm

169 1416 274 1478 Et
332 1414 568 1475 circum
609 1411 934 1474 Uar-onum
985 1411 1200 1474 throni
1245 1412 1483 1494 viyinti
1548 1419 1607 1472 et
1646 1419 1920 1493 quatuor
1930 1433 1961 1489 ,·
2010 1420 2072 1476 et
2111 1434 2305 1496 super

175 1513 438 1579 thronis
473 1512 614 1574 vidi
647 1512 713 1574 vi
712 1512 884 1594 yinti
930 1519 991 1573 et
1025 1517 1300 1593 quatuor
1341 1511 1619 1574 seniores
1656 1513 1939 1576 sedentes
1956 1559 1975 1590 ‚
2028 1515 2305 1578 circum-

171 1615 454 1678 amictos
503 1615 782 1676 vestibus
829 1611 1020 1688 albis,
1087 1618 1149 1674 et
1197 1611 1501 1674 habebant
1548 1633 1739 1695 cuper
1794 1614 2111 1695 capitibus
2151 1614 2302 1678 suis

174 1735 448 1778 coronae
485 1733 737 1777 aureae.
775 1711 872 1774 Et
897 1733 930 1774 e
968 1713 1219 1776 Thr-ono
1251 1713 1599 1794 prodibant
1622 1713 1909 1798 fulyura
1931 1721 1991 1778 et
2016 1716 2305 1779 tonitrua

177 1824 240 1879 et
278 1835 456 1878 voces
471 1835 500 1889 ;
536 1821 598 1876 et
635 1820 866 1895 septem
903 1810 1236 1894 lampades
1259 1815 1441 1894 iynie
1458 1815 1759 1888 ,ardentes
1784 1837 1999 1880 coram
2029 1817 2299 1894 Thr-om,

181 1937 344 1998 quae
387 1922 540 1978 sunt
578 1921 812 1996 septem
851 1908 1127 1995 spiritua
1174 1913 1332 1976 Dei.
1412 1915 1533 1988 Et,
1555 1917 1627 1979 in
1688 1925 2015 1999 conspeetu
2059 1916 2304 1981 Thr-om·

181 2037 360 2080 mare
395 2018 668 2078 vitreum
703 2013 916 2076 simile
949 2011 1271 2098 crystallo·
1325 2016 1403 2075 Et
1439 2020 1639 2078 statim
1673 2019 1871 2079 faetus
1906 2037 2037 2078 sum
2073 2021 2137 2080 in
2171 2021 2299 2098 spi-

181 2121 301 2180 ritu
319 2161 336 2193 ,
399 2118 694 2195 significat
749 2123 972 2177 statum
1029 2117 1402 2194 spiritualem
1464 2135 1598 2177 cum
1660 2119 1981 2179 revelatioz
2048 2126 2113 2179 et
2160 2135 2303 2180 ecee

145 2219 466 2281 ‘Thronus
501 2221 734 2296 positus
769 2220 828 2276 in
865 2216 1078 2290 Coelo,
1135 2223 1196 2275 et
1229 2233 1415 2292 super
1451 2216 1693 2277 Throno
1728 2217 1966 2292 sedens,
2002 2219 2303 2297 siguificat

177 2303 509 2380 Dominum
563 2318 762 2395 quoad
822 2318 1090 2388 ultimum
1126 2317 1460 2378 Judicium:
1518 2323 1579 2376 et
1616 2315 1847 2378 Sedens
1910 2325 2041 2378 erat
2086 2319 2301 2380 similis

193 2424 451 2492 aspectu
478 2419 658 2494 lapidi
681 2418 912 2496 jaspidi
949 2425 1008 2478 et
1035 2417 1250 2493 sardio,
1289 2416 1587 2494 significat
1620 2420 2033 2494 apparentiam
2056 2419 2303 2480 Domini

186 2514 403 2594 quoad
426 2515 693 2578 Divinum
721 2518 949 2578 Verum
984 2517 1294 2596 pellucens
1333 2535 1411 2578 ex
1437 2518 1655 2578 Divino
1681 2517 1851 2577 Bono
1875 2516 2082 2577 Divini
2108 2518 2298 2578 Amo-

179 2620 310 2678 ris:
365 2623 428 2676 et
467 2617 570 2676 iris
614 2621 891 2678 circuitus
927 2619 1124 2678 throni
1153 2603 1369 2679 'similis
1420 2626 1671 2697 aspectu
1706 2615 2055 2694 smaragdo,
2108 2619 2299 2694 signi·-

178 2719 328 2779 ficat
361 2722 772 2796 apparentiam
805 2719 1011 2778 Divini
1043 2718 1191 2779 Veri
1233 2721 1295 2778 in
1331 2717 1532 2780 Caelis
1570 2721 1791 2779 circum
1823 2717 2177 2777 Dominum:
2234 2722 2297 2777 et
2336 2723 2501 2788 [294]

183 2821 410 2880 circum
447 2819 753 2880 Thi-onum
801 2819 999 2879 throni
1031 2820 1240 2895 viginti
1287 2826 1348 2878 et
1398 2826 1685 2896 quatuor,
1743 2826 1803 2879 et
1850 2835 2035 2896 super
2068 2816 2297 2878 thronis

182 2921 396 2997 viginti
443 2929 502 2979 ct
548 2928 804 2996 quatuor
837 2922 1138 2993 seniores,
1194 2919 1489 2997 significat
1524 2921 1721 2980 omnia
1754 2937 1903 2980 vera
1936 2937 2010 2979 ex
2044 2917 2205 2979 bono
2236 2920 2301 2978 in

185 3019 388 3080 Coelis
423 3020 833 3098 superioribus
862 3037 900 3078 a
922 3021 1178 3080 Domino
1215 3019 1489 3080 ordinata
1516 3029 1655 3082 ante
1682 3021 2005 3099 judicium:
2042 3022 2299 3080 circum-

185 3122 436 3180 amictos
471 3121 742 3180 vestibus
770 3120 941 3194 albis,
982 3120 1277 3196 signifieat
1313 3122 1513 3180 omnia
1536 3139 1683 3180 vera
1718 3139 1795 3181 ex
1821 3121 1977 3180 bono
2013 3123 2075 3180 in
2104 3119 2303 3182 coelis

181 3219 600 3280 inferioribus:
641 3226 700 3280 et
733 3219 1036 3280 habebant
1069 3237 1254 3296 super
1281 3219 1579 3298 capitibus
1616 3225 1741 3281 suis
1779 3239 2030 3306 coronas
2066 3237 2304 3292 aureae,

185 3321 481 3397 significat
513 3323 713 3380 omnia
749 3337 895 3379 vera
927 3323 987 3379 in
1015 3320 1280 3381 ordinem
1316 3321 1610 3399 disposita
1646 3337 1723 3382 ex
1746 3323 1967 3382 Divino
1994 3322 2182 3398 Bono,
2220 3324 2306 3381 ita

185 3437 426 3498 quoque
464 3437 670 3481 omnes
707 3420 910 3480 coelos
946 3423 1210 3498 priores:
1249 3428 1310 3480 et
1341 3438 1375 3481 e
1405 3422 1645 3482 Throno
1681 3421 2003 3500 prodibant
2038 3423 2298 3500 fulgura,

183 3524 448 3581 tonitrua
484 3528 546 3580 et
578 3537 781 3590 voces,
816 3521 1111 3598 significat
1143 3521 1620 3596 illustrationem,
1656 3521 2026 3582 intellectum
2062 3525 2123 3578 et
2155 3535 2301 3596 per-

187 3623 528 3698 ceptionem
563 3622 772 3682 Divini
805 3621 956 3682 Veri
1001 3624 1064 3680 in
1101 3621 1333 3682 coelis:
1390 3628 1451 3680 et
1504 3625 1739 3696 septem
1782 3618 2098 3696 lampades
2144 3618 2299 3694 ignis

186 3720 467 3781 ardentes
505 3737 704 3780 coram
735 3720 998 3792 Throno,
1033 3738 1190 3797 quae
1225 3726 1365 3779 sunt
1390 3724 1623 3796 septem
1660 3721 1906 3795 spiritus
1934 3719 2069 3793 Dei,
2109 3719 2301 3795 signi-

183 3821 326 3880 ficat
359 3823 556 3898 ipsum
582 3820 865 3880 Divinum
892 3822 1122 3882 Verum
1156 3821 1385 3880 unitum
1407 3819 1629 3880 Divino
1655 3819 1825 3878 Bono
1858 3817 2191 3896 procedens
2230 3835 2305 3877 ex

183 3921 408 3981 Divino
445 3922 665 3982 Amore
701 3922 974 3982 Domini:
1031 3929 1091 3982 et
1121 3923 1184 3980 in
1223 3925 1551 3997 conspeetu
1580 3919 1805 3979 Throni
1839 3918 2009 3980 Mare
2042 3919 2305 3978 vitreum

185 4020 380 4082 simile
417 4021 734 4098 crystallo,
769 4022 1064 4101 significat
1100 4023 1513 4099 apparentiam
1546 4021 1753 4080 Divini
1778 4019 1929 4080 Veri
1960 4021 2025 4080 in
2054 4018 2301 4094 ultime,

182 4120 290 4182 ubi
323 4123 661 4182 communia
709 4123 876 4200 ejus,
931 4121 1290 4201 pellucentis
1347 4122 1425 4182 ab
1470 4121 1697 4182 influxu
1732 4120 1938 4182 Divini
1972 4119 2124 4183 Veri
2156 4121 2309 4182 uniti

182 4221 414 4282 Divino·
441 4222 610 4284 Bono
646 4225 708 4282 in
743 4225 975 4299 primis.
