2700 4792
353 337 597 396 CAPUT
627 337 1036 397 SECUNDUM.
1317 381 1336 404 .
1736 341 1947 398 VEB&
1992 353 2044 406 9.
2202 356 2311 408 153

181 495 650 575 „Eam-imbec
686 492 976 576 implevit
1009 495 1190 573 bono,
1250 503 1312 558 et
1358 495 1592 558 divites
1627 498 1883 561 dimisit
1922 499 2194 564 inanest
2246 507 2310 566 1:

181 601 306 662 53.
375 597 558 674 Quod
592 614 717 684 ‘per
767 596 1006 656 divitias
1047 599 1110 655 in
1145 597 1348 658 Verbo
1392 599 1799 678 intelligantur
1843 601 2081 663 divitiae
2124 607 2309 682 spiri-

171 699 404 759 tuales
419 742 438 774 ,
495 714 650 773 quae
695 703 836 757 sunt
871 699 1244 774 cognitiones
1281 700 1411 759 veri
1448 707 1511 758 et
1544 699 1684 758 boni
1720 718 1797 760 ex
1835 699 2056 779 Verbo,
2100 703 2312 766 videa-

173 812 283 860 tur
350 818 432 858 n:
498 799 710 858 1694.
758 798 972 857 4508.
1033 800 1306 874 102273
1380 805 1441 859 et
1484 802 1547 858 in
1596 799 1798 876 Opere
1845 801 1923 862 de
1971 801 2173 864 Coeno
2228 825 2307 865 m·

173 900 515 970 Inrnnno,
561 916 637 983 ηρ
680 899 861 973 365;
915 905 979 956 et
1014 900 1075 956 in
1119 901 1397 975 opposito
1440 916 1627 959 sensu
1668 905 2033 978 cognitiones
2072 902 2211 962 salsi
2251 912 2313 964 et

179 999 374 1075 mali,
437 1014 584 1074 quas
637 997 986 1057 confirmant
1039 1015 1116 1058 ex
1163 1015 1346 1058 sensu
1389 999 1602 1060 literae
1652 999 1873 1073 Verbi,
1935 1004 1998 1060 in
2036 1002 2313 1064 Ancum

184 1099 630 1160 Gonnum-inus
693 1116 762 1156 n:
827 1101 858 1156 1
879 1099 1040 1158 694.
1135 1098 1310 1176 Quod
1344 1099 1609 1159 Divitiae
1644 1103 1705 1158 in
1738 1099 1943 1162 Verbo
1978 1101 2313 1178 significent

185 1201 578 1276 cognitiones
615 1200 742 1256 veri
781 1203 842 1257 et
882 1198 1054 1270 boni,
1101 1203 1162 1260 et
1195 1200 1334 1258 inde
1362 1199 1816 1276 intelligentiam
1846 1207 1905 1260 et
1932 1203 2306 1278 sapientiam,

189 1306 296 1358 est
345 1316 426 1358 ex
478 1297 1032 1375 correspondentia3
1083 1299 1148 1356 in
1187 1299 1373 1360 Coelo
1412 1301 1567 1359 enim
1610 1301 1774 1376 apud
1808 1301 2075 1378 Angelos
2112 1319 2308 1378 appa-

192 1406 343 1458 rent
409 1399 605 1456 omnia
665 1400 822 1457 sicut
877 1397 1170 1474 fulgentia
1221 1418 1295 1460 ex
1354 1417 1501 1459 auro
1520 1445 1537 1475 ,
1602 1409 1847 1478 argento
1902 1408 1963 1460 et
2006 1401 2309 1478 lapidibus

197 1499 520 1574 pretiosis;
589 1503 650 1557 et
681 1496 797 1557 hoc
849 1505 1134 1576 quantum
1167 1502 1244 1558 -in
1289 1500 1685 1578 intelligentia
1729 1503 1860 1561 veri
1912 1507 1973 1561 et
2012 1503 2309 1579 sapientia

207 1598 362 1657 boni
397 1605 560 1658 sunt:
618 1600 794 1658 etiam
833 1598 994 1674 apud
1031 1601 1310 1676 spiritus,
1364 1603 1467 1678 qui
1503 1602 1659 1662 infra
1695 1600 1911 1661 Coelos
1946 1611 2113 1676 sunt,
2172 1610 2313 1662 sunt

206 1697 452 1758 divitiae
487 1701 550 1757 in
597 1701 958 1775 apparentia
995 1701 1326 1760 secundum
1367 1703 1771 1778 receptionem
1821 1704 1947 1762 veri
1998 1708 2058 1762 et
2091 1703 2231 1763 boni
2270 1722 2313 1762 a

195 1795 466 1858 Domino
504 1798 665 1875 apud
699 1798 852 1857 illos.

366 1901 528 1976 1¹19.
603 1899 682 1956 Et
726 1897 1164 1976 blasphemiam
1211 1900 1534 1962 dicentium
1574 1901 1847 1962 Judaeos
1898 1919 2035 1963 esse
2082 1919 2184 1978 se,
2246 1911 2309 1965 et

195 2016 326 2059 non
361 2005 530 2075 sunt,
587 1999 748 2074 quod
784 1999 1082 2076 significet
1127 2002 1527 2062 invectionem
1574 2002 1652 2062 ab
1684 2003 1804 2062 illis
1846 2006 1947 2079 qui
1992 2010 2207 2080 putant
2240 2021 2307 2064 se

195 2101 264 2158 in
311 2098 749 2176 cognitionibus
783 2098 927 2157 boni
971 2107 1032 2158 et
1066 2103 1193 2158 veri
1227 2117 1398 2176 esse,
1456 2105 1597 2180 quia
1631 2102 1855 2162 habent
1892 2100 2191 2178 Verbum,
2246 2111 2311 2164 et

197 2206 412 2259 tamen
443 2217 562 2259 non
600 2205 768 2271 sunt,
808 2205 1044 2264 constat
1083 2215 1154 2259 ex
1190 2201 1621 2278 significatione
1654 2201 2071 2280 blasphemiae
2094 2247 2109 2274 ‚
2146 2203 2309 2280 quod

201 2301 286 2360 sit
331 2302 692 2376 vituperatio
746 2305 808 2358 et
852 2301 1142 2376 invectio3
1199 2309 1260 2360 et
1311 2319 1389 2362 ex
1434 2302 1867 2380 significatione
1915 2302 1959 2363 J
1962 2303 2307 2378 udaeorum,

199 2400 368 2476 quod
410 2402 530 2458 siut
573 2400 676 2475 qui
716 2400 778 2456 in
833 2401 1266 2477 cognitionibus
1311 2401 1451 2472 boni
1495 2409 1554 2462 et
1598 2404 1731 2461 veri
1775 2419 1851 2461 ex
1898 2399 2103 2461 Verbo
2151 2409 2307 2477 sunt,

203 2517 356 2558 nam
383 2498 422 2556 J
427 2497 588 2556 udah
618 2500 679 2556 in
702 2498 890 2558 Verbi
917 2517 1104 2559 sensu
1132 2517 1415 2577 supremo
1440 2499 1735 2578 significat
1760 2500 2081 2560 Dominum
2110 2503 2307 2578 quoad

213 2612 486 2656 amorem
535 2596 876 2674 coelestem,
935 2601 997 2658 in
1044 2616 1228 2660 sensu
1262 2603 1497 2660 interno
1530 2600 1803 2676 Regnum
1852 2599 2119 2659 coeleste
2172 2598 2306 2659 Do-

203 2699 358 2760 mini
401 2703 462 2756 et
506 2695 797 2773 Verbum,
874 2707 935 2759 et
976 2702 1038 2760 in
1085 2715 1271 2760 sensu
1327 2707 1575 2760 externo
1620 2699 1950 2758 doctrinam
2004 2716 2038 2757 e
2100 2698 2305 2758 Verbo

205 2815 368 2876 quae
414 2796 724 2858 Ecclesiae
763 2798 1074 2874 coelestis,
1129 2800 1407 2860 videatur
1460 2803 1521 2858 in
1565 2801 1843 2860 Aacams
1891 2797 2309 2860 Connus-rinus

203 2916 278 2956 n:
341 2900 555 2958 3881.
605 2900 835 2959 6363:
889 2900 1026 2959 inde
1072 2905 1348 2960 constare
1398 2907 1629 2978 potest,
1684 2899 1843 2976 quod
1873 2917 1987 2977 per
2018 2898 2309 2976 blasphe-

210 3000 390 3056 miam
443 2997 768 3058 dicentium
813 3015 881 3058 se
935 2999 1210 3058 «Iudaeos
1259 3017 1399 3060 esse
1453 3007 1513 3060 et
1554 3017 1673 3060 non
1714 3006 1886 3068 sunt,
1944 2999 2313 3078 significetur

211 3098 568 3174 vituperatio
615 3107 676 3158 et
712 3101 974 3159 invectio
1009 3100 1085 3158 ab
1125 3099 1282 3169 illis,
1333 3102 1437 3177 qui
1472 3100 1673 3159 dicunt
1706 3116 1775 3160 se
1812 3118 2139 3177 agnoscere
2174 3100 2305 3160 Do-

212 3197 459 3272 minum,
514 3205 578 3257 et
615 3214 754 3258 esse
791 3199 852 3256 in
886 3197 1100 3276 Regno
1135 3200 1370 3276 Ipsius,
1420 3201 1603 3277 inque
1640 3217 1789 3259 vera
1836 3200 2137 3271 doctrina,
2172 3203 2313 3275 quia

204 3293 432 3356 habent
463 3295 759 3372 Verbum,
817 3304 877 3357 et
913 3315 1034 3357 non
1083 3305 1285 3358 tamen
1331 3306 1503 3374 sunt,
1574 3302 1635 3358 in
1685 3317 1905 3376 genere
1955 3304 2059 3376 qui
2108 3300 2313 3358 dicunt

203 3411 276 3455 se
310 3397 374 3454 in
409 3397 846 3472 cognitionibus
881 3396 1023 3458 boni
1061 3405 1122 3458 et
1167 3401 1469 3459 veriesse
1507 3415 1583 3459 ex
1617 3398 1854 3474 Verbo,
1914 3405 1981 3460 et
2014 3407 2217 3458 tamen
2250 3399 2311 3455 in

195 3495 378 3554 falsis
417 3503 478 3556 et
515 3496 693 3556 malis
739 3503 898 3556 sunt.
985 3497 1108 3573 Qui
1149 3499 1298 3558 nihil
1349 3498 1423 3559 dc
1468 3516 1651 3558 sensu
1701 3501 1933 3558 interno
1968 3496 2159 3556 Verbi
2194 3511 2308 3554 no-

194 3599 380 3667 runt,
457 3611 576 3654 non
641 3596 812 3657 aliter
873 3599 1027 3656 scire
1080 3605 1336 3676 possunt
1387 3616 1567 3675 quam
1614 3597 1775 3674 quod
1824 3599 1885 3655 in
1932 3593 2310 3670 Propheticis

194 3692 398 3756 Verbi
429 3711 543 3771 per
579 3695 883 3756 Jehudam
921 3703 982 3756 et
1025 3695 1296 3757 Judaeos
1332 3699 1741 3774 intelligantur
1775 3695 1817 3754 J
1821 3693 2061 3753 ehudah
2090 3697 2149 3752 et
2190 3692 2311 3751 Ju-

195 3793 376 3864 daei,
435 3801 532 3854 ast
577 3811 690 3873 per
734 3795 992 3856 Nomina
1041 3813 1248 3857 eorum
1289 3797 1377 3855 ibi
1408 3813 1529 3858 non
1571 3795 1658 3854 illi
1708 3793 2151 3867 intelliguntur,
2202 3792 2313 3851 sed

195 3910 414 3953 omnes
460 3897 564 3971 qui
595 3896 660 3954 in
700 3911 850 3955 vera
883 3895 1158 3955 doctrina
1189 3897 1502 3958 Ecclesiae
1539 3899 1711 3968 sunt,
1746 3896 1835 3952 ita
1868 3892 1970 3967 qui
2004 3893 2065 3950 in
2102 3894 2312 3970 cogni-

195 3992 468 4052 tionibus
505 3993 651 4054 boni
693 4001 754 4054 et
785 3997 918 4055 veri
958 4013 1034 4056 ex
1076 3994 1311 4070 Verbo,
1355 4002 1415 4054 et
1452 3997 1515 4053 in
1550 3995 1827 4071 opposito
1870 4007 2055 4052 sensu
2088 3993 2177 4053 iili
2212 3995 2315 4071 qui

195 4094 262 4150 in
297 4091 458 4152 salsa
505 4093 778 4154 doctrina
819 4102 986 4169 sunt,
1039 4097 1126 4154 ita
1159 4099 1264 4178 qui
1297 4111 1447 4157 vera
1494 4099 1553 4154 et
1588 4093 1747 4152 bona
1779 4092 1967 4152 Verbi
2001 4093 2311 4154 adultera-

197 4198 462 4250 verunt:
505 4193 668 4270 quod
699 4209 816 4254 non
857 4193 1142 4255 Jehudah
1179 4199 1240 4254 et
1278 4192 1503 4254 Judaei
1536 4195 1657 4252 sint
1692 4192 1995 4268 intellecti,
2037 4200 2314 4254 constare
