2700 4792
361 331 634 391 CAPUT
673 331 1048 402 QUARTUM.
1742 332 1955 390 VEB&
1998 344 2091 404 11,
2246 347 2355 402 513

177 492 386 556 om
416 490 692 574 factum
723 495 838 569 eet,
889 496 952 554 et
980 487 1296 554 habitavit
1325 489 1399 552 in
1428 489 1609 554 nobis
1619 535 1637 568 ,
1676 496 1739 554 et
1770 491 2056 558 vidimun
2078 492 2359 576 qloriam

179 594 523 676 Ipsius‘
577 593 640 652 I:
689 597 746 652 1.
791 596 852 652 2.
893 595 954 654 3.
995 595 1060 652 4.
1107 593 1166 653 5.
1213 594 1273 652 9.
1321 595 1431 654 10.
1477 595 1599 669 14;
1652 610 1765 670 per
1799 593 2069 656 Verbum
2126 597 2211 658 ibi
2254 601 2351 660 in·-

183 697 532 773 telligitur
563 693 858 754 Dominus
905 691 1104 770 quoad
1145 693 1431 754 Divinum
1466 693 1723 769 Verum3
1798 695 1959 772 quod
2002 698 2203 758 omnia
2242 717 2357 778 per

179 796 372 856 illud
411 800 626 856 creata
659 796 778 854 sint
791 838 809 869 ,
847 793 1198 871 intelligitur
1222 811 1333 871 per
1368 793 1531 872 quod
1568 797 1765 856 omnia
1798 813 1913 872 per
1942 795 2156 873 Ipsum
2192 799 2355 860 faeta

189 899 370 970 sint,
441 899 506 955 et
535 897 668 954 eine
699 893 846 972 Ipso
881 895 1106 954 factum
1151 896 1232 954 sit
1263 893 1412 954 nihil
1446 895 1607 970 quod
1640 895 1865 955 factum
1902 903 2025 972 eet,
2092 902 2155 957 et
2188 899 2353 975 quod

190 995 497 1056 mundus
543 1011 656 1073 per
687 995 898 1072 Ipsum
943 995 1140 1056 factus
1187 996 1297 1070 sit3
1347 997 1491 1072 quia
1540 1013 1651 1073 per
1687 994 1955 1057 Verbum
2004 996 2355 1076 intelligitur

192 1098 534 1156 Dominus
562 1095 760 1172 quoad
785 1095 1072 1156 Dlvinum
1098 1095 1347 1169 Verum,
1382 1095 1518 1157 ideo
1546 1096 1761 1157 dieitur
1784 1099 1847 1156 in
1870 1096 2017 1172 Ipso
2042 1099 2169 1157 vita
2199 1103 2345 1173 erat,

197 1204 275 1256 et
313 1199 461 1256 vita
495 1201 626 1256 erat
657 1195 764 1254 lux
797 1195 1133 1269 hominum,
1168 1203 1302 1256 erat
1334 1197 1469 1256 Lux
1500 1213 1680 1274 vera,
1734 1198 1871 1258 Lux
1904 1196 2199 1274 significat
2230 1198 2347 1259 Di-¹

199 1301 440 1356 vinum
470 1295 724 1371 Verum,
780 1314 852 1356 ae
885 1298 1014 1356 vita
1045 1315 1280 1358 omnem
1329 1315 1405 1356 ex
1439 1295 1659 1358 Divino
1694 1298 1861 1359 Vero
1892 1297 2347 1376 intelligentiam

203 1405 280 1458 et
319 1398 719 1473 sapientiam,
774 1413 912 1456 nam
945 1397 1098 1456 haee
1133 1397 1276 1456 facit
1308 1399 1505 1474 ipsam
1538 1400 1727 1459 vitam
1760 1399 2043 1473 hominis,
2098 1405 2159 1458 et
2192 1415 2346 1475 quo-

207 1517 346 1575 que
388 1496 718 1556 seeundum
751 1496 916 1556 illam
955 1504 1049 1558 eet
1073 1499 1200 1558 vita
1235 1507 1483 1558 aeterna
1492 1518 1518 1576 3.
1546 1500 1893 1575 praesentia
1918 1498 2157 1558 Domini
2186 1498 2346 1576 apud

205 1599 694 1674 unumquemvis
729 1614 864 1656 eum
898 1598 1116 1657 Divino
1152 1615 1265 1658 suo
1299 1597 1493 1675 Vero,
1551 1616 1629 1658 ex
1664 1617 1781 1675 quo
1818 1601 1944 1662 vita
1980 1604 2041 1660 et
2072 1598 2209 1674 lux,
2245 1601 2342 1659 in-

209 1698 525 1775 telligitur
559 1713 672 1773 per
704 1698 838 1756 Lux
872 1699 934 1758 in
969 1699 1232 1758 tenebris
1273 1697 1471 1774 lueet,
1524 1705 1586 1760 et
1618 1699 1915 1760 illuminat
1960 1717 2194 1760 omnem
2228 1699 2341 1758 ho-

212 1800 450 1858 minem
486 1799 825 1858 venientem
853 1803 914 1860 in
949 1797 1271 1878 mundurn·r
1317 1800 1431 1860 sed
1454 1799 1617 1878 quod
1647 1799 1737 1860 illi
1770 1801 1871 1877 qui
1905 1803 1967 1860 in
2000 1801 2169 1860 falsi-s
2204 1799 2349 1860 mali

217 1906 374 1958 eunt
418 1915 540 1958 nen
573 1901 911 1975 percipiant
969 1903 1057 1960 ita
1113 1919 1226 1962 nee
1277 1903 1571 1979 recipiant
1621 1900 1799 1972 illud,
1850 1900 2201 1979 intelligitur
2233 1919 2345 1978 per

219 1998 396 2076 quod
428 1998 716 2058 tenebrae
751 2015 870 2059 non
904 2001 1499 2078 comprehenderint.
1550 2007 1609 2061 et
1646 2001 1807 2078 quod
1841 2001 2097 2061 mundus
2133 2000 2343 2078 Ipsum

223 2117 349 2160 non
383 2100 760 2176 cognoverit,
797 2101 1085 2161 tenebrae
1121 2101 1457 2178 significant
1488 2101 1643 2160 falsa
1669 2101 1841 2176 mali;
1896 2100 2056 2177 quod
2090 2102 2169 2158 sit
2203 2099 2342 2158 Do·-

223 2201 430 2258 -minus
469 2199 666 2277 quoad
700 2199 982 2261 Divinum
1015 2201 1389 2276 Humanum,
1446 2201 1546 2276 qui
1579 2200 1675 2259 hie
1709 2218 1819 2277 per
1855 2200 2123 2260 Verbum
2156 2199 2339 2259 intel-

231 2297 468 2377 ligitur„
503 2305 675 2376 patet
717 2299 910 2377 clare,
975 2319 1111 2360 nam
1147 2302 1392 2376 dieitur,
1447 2298 1544 2360 Ec
1590 2297 1859 2362 Verbum
1894 2297 2060 2361 Oaro
2080 2298 2341 2380 factum

227 2401 354 2474 eet,
417 2405 478 2460 et
527 2398 842 2464 habitavit
905 2401 975 2461 in
1029 2401 1234 2471 nobie,
1313 2405 1375 2460 et
1428 2398 1712 2461 vidimus
1768 2395 2049 2480 yloriam
2093 2398 2340 2479 Ipeim,

227 2499 425 2576 gloria
459 2504 635 2560 etiam
673 2502 968 2578 signifieat
1003 2502 1286 2561 Divinum
1323 2500 1573 2561 Verum.
1635 2499 1815 2576 Quod
1848 2502 2045 2559 omnia
2076 2517 2189 2576 per
2224 2499 2341 2559 Di·-

224 2603 430 2659 vinum
466 2601 692 2660 Verum
727 2603 1060 2677 procedens
1097 2621 1134 2661 a
1167 2603 1425 2663 Domino
1442 2647 1457 2676 ,
1518 2601 1681 2679 quod
1712 2601 1809 2661 hie
1842 2599 2197 2676 intelligitur
2230 2617 2341 2676 per

224 2699 523 2776 Verbum,
579 2708 784 2760 ereata
821 2704 965 2777 sint,
1034 2703 1312 2762 videatur
1358 2705 1421 2761 in
1474 2701 1674 2779 Opere
1728 2701 1803 2760 de
1850 2700 2051 2761 Coeno
2101 2717 2181 2759 m·
2207 2698 2339 2760 'In-

222 2818 426 2862 rmmo
474 2819 542 2860 n:
592 2803 751 2860 137.
799 2806 970 2878 1393
1027 2810 1086 2862 et
1139 2805 1200 2860 in
1235 2803 1559 2862 Docvnmn
1606 2801 1820 2860 Novne
1854 2799 2336 2860 Hmnesommnn

220 2919 296 2961 ne
339 2902 512 2962 2632
563 2900 700 2960 inde
737 2920 974 2979 quoque
1008 2909 1210 2999 petet,
1257 2903 1416 2979 quod
1448 2903 1647 2964 faeere
1684 2909 1789 2961 aut
1822 2917 2031 2962 creare
2055 2899 2153 2960 hie
2180 2917 2335 2977 quo·

223 3018 344 3079 que
377 3003 668 3080 significet
703 3003 902 3063 facere
936 3003 1234 3062 hominem
1268 3021 1489 3064 novum
1522 3021 1633 3064 eeu
1666 3004 2021 3078 reformare3
2074 3019 2213 3060 nam
2248 3003 2335 3062 si-

221 3101 444 3162 militer
473 3102 572 3162 hie
609 3109 674 3160 ut
707 3107 768 3162 in
798 3103 978 3164 Libro
1012 3103 1322 3164 Geneseos
1360 3104 1575 3183 dieitur
1608 3105 1813 3162 statim
1848 3103 1923 3170 de
1958 3101 2145 3174 Luce,
2182 3120 2337 3181 quae

221 3201 387 3280 quod
430 3202 726 3279 significet
774 3203 1059 3266 Divinum
1095 3203 1324 3264 Verum
1358 3206 1719 3280 procedente,
1774 3223 1886 3282 per
1920 3204 2081 3282 quod
2130 3219 2335 3264 omnes

219 3302 647 3372 reformantur,
691 3304 967 3364 videatur
1002 3307 1062 3364 in
1099 3303 1300 3380 Opere
1335 3303 1412 3364 de
1452 3305 1661 3379 Coeno,
1680 3324 1759 3365 m·
1786 3305 2063 3365 Ine-enno
2098 3323 2156 3364 n:
2196 3306 2329 3364 126

221 3402 300 3462 ad
343 3405 514 3478 1403
572 3409 632 3462 et
665 3406 726 3463 in
760 3405 1090 3464 Dour-anu
1121 3403 1333 3462 Novne
1375 3403 1861 3466 Hmnosomrme
1894 3423 1959 3462 n:
1994 3405 2107 3462 49.

381 3504 542 3562 295.
597 3503 674 3564 Et
697 3521 810 3581 per
835 3505 1225 3564 Voluntatem
1253 3511 1418 3562 tuam
1456 3511 1595 3564 sunt
1632 3511 1693 3563 et
1734 3509 1942 3562 ereata
1964 3509 2132 3576 sunt,
2174 3503 2336 3586 qued

223 3602 516 3680 significet
543 3604 702 3681 quod
726 3623 838 3682 per
863 3605 1146 3663 Divinum
1172 3603 1407 3662 Bonum
1436 3605 1554 3662 sint
1584 3607 1643 3662 et
1670 3621 1781 3678 per
1803 3601 2086 3659 Divinum
2103 3600 2335 3660 Verum

225 3705 508 3779 existant,
549 3711 782 3764 constat
817 3721 888 3763 ex
925 3701 1354 3779 significatione
1388 3702 1735 3774 voluntatis»,
1778 3719 1912 3760 eum
1950 3699 2024 3760 de
2050 3699 2329 3776 Domino,

225 3804 382 3879 quod
415 3805 494 3862 sit
526 3805 780 3864 Divinus
815 3803 1027 3878 Amor3
1081 3819 1156 3862 ex
1190 3801 1619 3879 significatione
1656 3807 1798 3860 sunt
1831 3817 1947 3860 seu
1978 3816 2133 3875 esse,
2172 3800 2331 3877 quod

225 3905 298 3962 sit
345 3903 569 3964 bonum
629 3906 878 3976 amoris,
933 3904 1030 3964 hic
1077 3902 1360 3962 Divinum
1412 3902 1651 3962 Bonum
1701 3901 1907 3962 Divini
1941 3901 2177 3960 Amoris
2227 3917 2327 3960 re-

223 4019 290 4062 ee
339 4010 490 4080 tum,
527 4005 604 4066 de
640 4023 759 4084 qua
793 4007 1090 4083 sequitur3
1147 4011 1208 4062 et
1243 4021 1319 4064 ex
1345 4001 1777 4082 significatione
1811 4007 2014 4062 ereata
2046 4007 2187 4060 sunt
2220 4017 2331 4061 seu
2370 4024 2536 4087 {339}

223 4021 444 4181 agari,
501 4107 661 4182 quod
695 4110 773 4166 sit
805 4108 1090 4166 Divinum
1127 4105 1357 4166 Verum
1392 4107 1573 4166 etiam
1605 4109 1942 4182 receptum,
1994 4104 2081 4162 ita
2124 4119 2237 4180 per
2268 4101 2333 4162 id

223 4205 554 4282 reformem
611 4207 769 4282 quod
819 4209 1011 4268 creari
1043 4207 1335 4284 significet
1370 4207 1660 4282 existere,
1716 4211 1808 4268 eet
1842 4206 1983 4283 quia
2014 4204 2101 4264 illi
2134 4203 2331 4264 solum

321 4318 753 4376 swodenlmrg,
794 4323 986 4378 Apocal.
1017 4323 1128 4378 expl.
1161 4323 1198 4366 1.
1927 4306 2016 4366 33
