2700 4792
367 341 476 396 472
781 327 1276 384 APoCALYPffls
1315 328 1751 389 EXPLICATA.
1834 330 1881 398 ς.
1924 339 2055 392 278.

351 488 604 572 praeda
647 487 1015 566 ascendisti,
1055 486 1171 572 fili
1219 489 1336 566 mi,
1400 489 1691 552 curvavit
1734 507 1827 564 se,
1904 489 2121 552 cubuit
2178 487 2349 550 sicut
2388 487 2491 552 leo

361 595 569 661 vetuS,
620 589 766 670 quis
801 589 1109 652 excitabit
1141 593 1332 654 eum“
1372 591 1601 652 Genes:
1637 590 1867 650 XLIX:
1910 594 1979 663 93
2032 607 2143 667 per
2176 590 2219 650 J
2222 590 2491 652 ehudam

365 692 464 750 hic
499 689 864 768 significatur
903 689 1184 752 Goeleste
1223 690 1499 769 Regnum
1533 691 1811 762 Domini,
1858 691 1965 750 ubi
2000 706 2207 774 omnes
2242 699 2389 752 sunt
2420 695 2488 752 in

366 793 639 870 potentia
673 808 710 849 a
741 791 1000 851 Domino
1033 808 1145 868 per
1179 792 1461 851 Divinum
1496 792 1761 869 Verum3
1806 793 2079 868 potentia
2112 783 2218 850 illa
2250 793 2475 852 intelli-

363 895 525 970 gitur
557 909 668 968 per
703 891 968 952 catulum
1001 890 1192 951 leonis
1229 899 1290 951 et
1320 909 1433 969 per
1456 899 1725 954 veterem
1747 891 1983 952 leonem
2000 912 2019 968 ς
2055 908 2167 968 per
2188 892 2479 967 praedam

365 1011 442 1052 ex
478 1009 602 1068 qua
635 993 907 1052 ascendit
921 1037 939 1067 ‚
977 992 1345 1069 significatur
1380 993 1697 1070 dissipatio
1732 992 2019 1052 falsorum
2057 998 2117 1052 et
2151 991 2481 1069 malorum

362 1110 478 1171 per
501 1109 754 1152 curvare
781 1109 848 1152 se
875 1091 1240 1170 significatur
1273 1095 1334 1151 in
1368 1094 1695 1169 potentiam
1723 1108 1789 1152 se
1818 1094 2073 1167 mittere;
2110 1107 2219 1169 per
2254 1093 2489 1152 cubare

362 1191 731 1270 significatur
779 1192 936 1270 quod
969 1194 1030 1251 in
1063 1209 1280 1254 securo
1323 1195 1403 1252 sit
1456 1193 1531 1252 ab
1568 1195 1727 1252 omni
1758 1191 1914 1252 falso
1950 1198 2009 1252 et
2043 1191 2231 1267 malo,
2287 1177 2487 1270 quare

363 1292 581 1354 dicitur
617 1295 750 1369 quis
787 1293 1072 1353 excitabit
1107 1311 1274 1354 eum:
1309 1293 1467 1369 quod
1496 1311 1607 1370 per
1636 1292 1677 1364 ,1
1682 1292 1937 1352 ehudam
1968 1294 2029 1350 in
2052 1292 2257 1354 Verbo
2284 1296 2485 1370 signi·

357 1393 575 1454 ficetur
605 1393 878 1470 Regnum
916 1393 1196 1454 Coeleste
1230 1393 1499 1465 Domini,
1549 1393 1825 1453 videatur
1873 1411 1941 1453 n:
1986 1393 2199 1452 3654.
2256 1395 2483 1454 3881.

369 1495 580 1555 5603.
641 1495 852 1555 5782.
895 1495 1118 1554 6363:
1175 1494 1335 1570 quod
1372 1512 1482 1572 per
1516 1493 1847 1572 praedam,
1873 1494 1979 1552 ubi
2012 1493 2088 1552 de
2120 1493 2225 1552 illo
2258 1494 2485 1572 Regno

359 1611 433 1654 ac
469 1595 544 1653 de
579 1594 855 1664 Domino,
890 1594 1260 1670 significetur
1299 1594 1611 1672 dissipatio
1645 1594 1931 1654 falsorum
1968 1593 2365 1669 etmalorum,
2406 1613 2491 1657 ac.

359 1697 589 1770 ereptio
649 1700 710 1752 et
757 1695 1034 1754 liberatio
1095 1695 1172 1752 ab
1207 1696 1469 1771 inferno,
1516 1715 1585 1755 n:
1632 1697 1844 1754 6368.
1890 1698 2113 1754 6442:
2169 1695 2329 1771 quod
2364 1713 2491 1772 per

359 1811 614 1854 curvare
649 1811 749 1868 se,
805 1811 940 1854 cum
979 1794 1052 1853 de
1087 1794 1300 1866 leone,
1355 1791 1721 1873 significetur
1756 1797 1989 1855 mittere
2040 1813 2109 1854 se
2156 1796 2217 1852 in
2249 1802 2486 1872 poten-

357 1895 531 1969 tiam,
585 1913 654 1952 n:
701 1895 924 1954 6369:
1003 1894 1163 1971 quod
1195 1913 1306 1972 per
1341 1897 1565 1956 cubare
1600 1895 1969 1974 significetur
2000 1901 2200 1954 status
2237 1899 2488 1956 securi-

355 1995 502 2054 tatis
539 2000 602 2053 et
635 1994 1098 2073 tranquillitatiS‚
1153 2013 1222 2053 n:
1265 1997 1478 2056 3696.
1530 1996 1717 2074 Apud
1750 1995 2021 2056 Eundem
2073 2040 2110 2072 ‚,
2131 1993 2279 2056 Hoc
2316 2001 2493 2056 tem-

348 2111 508 2174 pore
535 2093 782 2156 dicetur
805 2093 1039 2156 Jacobo
1067 2099 1126 2154 et
1151 2093 1398 2158 Israeli
1420 2095 1579 2176 quid
1588 2095 1819 2178 fecerit
1842 2095 2051 2173 Deus,
2096 2115 2172 2156 en
2186 2093 2493 2176 populu-3

359 2193 533 2256 sicut
585 2199 764 2256 vetus
802 2191 896 2256 leo
925 2193 1172 2276 surgit,
1219 2201 1280 2256 et
1323 2197 1494 2260 sicut
1542 2193 1635 2258 leo
1662 2186 1927 2280 juvenis
1964 2197 2136 2276 effert
2196 2215 2291 2269 ee,
2344 2215 2491 2260 non

354 2294 697 2374 requiescet
729 2293 922 2356 donec
947 2295 1283 2358 comederit
1315 2298 1657 2378 rapinam“
1696 2297 1885 2358 Num:
1914 2297 2155 2358 XXIII:
2196 2299 2307 2357 23.
2352 2300 2482 2358 24:

355 2402 419 2470 et
449 2397 615 2473 apud
645 2395 916 2455 Eundem
953 2395 1305 2472 „Incurvat
1343 2417 1444 2471 se,
1498 2397 1682 2460 cubat
1722 2396 1893 2459 sicut
1930 2395 2023 2458 leo
2065 2401 2269 2472 vetus,
2320 2396 2485 2476 qui-s

351 2495 659 2558 excitabit
703 2515 844 2560 eum
856 2517 887 2569 ;
955 2495 1371 2558 benedicentes
1422 2497 1543 2559 tibi
1589 2497 1970 2571 benedictus,
2026 2495 2487 2558 maledicentes

353 2596 475 2658 tibi
511 2595 937 2658 maledictus“
975 2597 1164 2658 Num:
1200 2597 1439 2658 XXIV:
1486 2603 1555 2674 93
1608 2599 1705 2658 hic
1742 2598 1817 2657 de
1852 2598 2084 2658 Jacobo
2122 2603 2183 2657 et
2214 2597 2481 2674 Israele,

351 2715 466 2774 per
499 2714 648 2776 quos
685 2697 1050 2775 significatur
1083 2697 1356 2774 Regnum
1392 2698 1701 2774 spirituale
1727 2697 1986 2772 Domini;
2022 2699 2289 2774 potentia
2322 2698 2477 2758 illo-

351 2816 482 2856 rum
521 2798 878 2858 describitur
923 2816 1029 2876 per
1075 2798 1308 2858 leonem
1341 2805 1605 2858 veterem
1656 2806 1716 2857 et
1740 2799 2064 2875 juvenem,
2118 2799 2219 2874 qui
2252 2801 2475 2875 surgit,

350 2898 525 2956 effert
555 2915 650 2972 se,
707 2906 768 2958 et
801 2901 1074 2957 incurvat
1109 2915 1204 2974 se3
1259 2899 1569 2978 dissipatio
1612 2899 1901 2958 falsorum
1940 2907 2001 2958 et
2034 2898 2327 2958 malorum
2376 2900 2476 2956 si-

351 2997 667 3073 gnificatur
701 3015 810 3074 per
847 2998 1159 3058 comedere
1185 3002 1457 3077 rapinam
1466 3020 1485 3076 3
1526 3006 1587 3059 et
1614 3005 1805 3060 status
1832 3001 2171 3058 securitatis
2208 3005 2269 3058 et
2294 3005 2473 3058 tran-

351 3095 660 3172 quillitatis
706 3101 816 3172 p'er
851 3097 1091 3170 cubare,
1131 3101 1264 3175 quis
1301 3099 1585 3159 excitabit
1618 3117 1784 3159 eum:
1840 3099 1999 3179 quod
2033 3117 2141 3176 per
2166 3098 2477 3160 Jacobum

352 3203 415 3254 et
446 3193 733 3254 Israelem
787 3198 848 3254 in
885 3196 1086 3256 Verbo
1135 3198 1501 3277 intelligatur
1533 3200 1807 3276 Regnum
1858 3199 2167 3278 spirituale
2201 3200 2475 3274 Domini,

348 3295 624 3354 videatur
657 3315 724 3355 n:
759 3298 974 3355 4286.
1019 3300 1230 3358 4570.
1271 3301 1483 3360 5973.
1530 3301 1741 3360 6426.
1786 3302 2000 3360 8805.
2038 3301 2246 3359 9340.
2304 3297 2471 3374 Quid

349 3395 628 3473 Regnum
667 3396 948 3457 Coeleste
984 3398 1253 3472 Domini,
1311 3411 1373 3460 et
1408 3400 1549 3480 quid
1576 3400 1851 3477 Regnum
1880 3399 2205 3476 Spirituale
2239 3400 2465 3478 IpsiuS,

347 3497 622 3556 videatur
657 3501 720 3556 in
756 3495 954 3574 Opere
991 3497 1066 3557 de
1104 3498 1312 3558 Coum
1350 3519 1429 3559 m*
1455 3500 1733 3560 Immo
1782 3519 1841 3560 n:
1885 3502 1973 3559 20
2004 3499 2083 3557 ad
2116 3503 2229 3560 28.
2285 3497 2456 3574 Quod

351 3599 664 3656 incurvare
699 3615 768 3659 se
803 3600 976 3657 sitin
1011 3603 1336 3676 potentiam
1374 3617 1441 3659 se
1476 3603 1743 3675 mittere,
1800 3599 1958 3676 quod
1990 3601 2218 3678 praeda
2260 3605 2317 3658 et
2346 3612 2449 3653 ra-

350 3699 494 3774 pina
527 3700 606 3757 sit
641 3698 952 3776 dissipatio
1004 3699 1290 3758 falsorum
1327 3707 1387 3759 et
1420 3701 1740 3774 malorum,
1799 3707 1861 3760 et
1906 3700 2069 3776 quod
2116 3701 2334 3760 cubare
2378 3697 2461 3757 sit

349 3803 544 3858 status
579 3801 925 3858 securitatis
963 3805 1023 3857 et
1056 3800 1523 3876 tranquillitatis,
1562 3817 1694 3859 cum
1722 3800 1827 3860 illa
1854 3799 1929 3860 do
1954 3800 2150 3872 leone,
2186 3799 2463 3859 videatur

343 3913 482 3956 mox
518 3915 719 3976 supra.
775 3898 959 3975 Apud
989 3899 1232 3960 Nahum
1269 3899 1453 3975 „Ubi
1484 3903 1578 3960 est
1616 3895 2052 3964 habitaculum
2086 3898 2355 3972 leonum,
2406 3902 2467 3958 et

332 4011 654 4073 pascuum
699 3995 946 4060 leonum
975 3997 1286 4080 juvenum
1301 4043 1319 4074 ,
1392 3999 1502 4061 ubi
1538 3997 1893 4062 ambulavit
1949 3997 2041 4060 leo
2054 4045 2073 4071 ,
2131 4003 2313 4062 vetus
2348 3995 2460 4074 lec,

347 4087 604 4148 catulus
644 4090 879 4167 leonis,
929 4117 1039 4158 nec
1073 4103 1358 4160 tem-eow‘
1405 4100 1497 4159 II:
1545 4104 1573 4159 1
1594 4103 1665 4176 23
1720 4119 1829 4178 per
1876 4101 2084 4160 leones
2136 4103 2317 4158 etiam
2364 4099 2464 4158 hic

299 4235 311 4246 .
348 4185 757 4263 significantur
818 4199 919 4272 qui
979 4200 1039 4256 in
1072 4203 1342 4274 potentia
1378 4208 1517 4262 sunt
1576 4219 1683 4279 per
1717 4201 1999 4262 Divinum
2036 4200 2261 4260 Verum
2276 4218 2295 4274 3
2349 4215 2465 4278 pcr
