2700 4792
445 340 554 390 218
855 325 1344 383 APOCALYPSIS
1390 323 1825 385 EXPLICATA.
1905 325 1953 394 §-
1996 335 2130 388 100.

443 489 757 558 deorsum,
801 493 864 546 et
897 489 984 546 sic
1011 491 1292 546 avertunt
1327 503 1366 544 a
1401 485 1603 546 Coelo.
1678 485 1995 546 Per-versio
2030 485 2347 546 Ecclesiae
2385 487 2527 564 apud

444 590 714 649 homines
746 588 978 661 dicitur,
1031 588 1172 663 quia
1204 585 1485 646 Ecclesia
1512 592 1605 645 est
1630 588 1693 644 in
1716 584 1981 660 homine,
2012 587 2176 645 sicut
2203 586 2428 646 coelum
2450 595 2529 647 est

443 692 506 749 in
541 687 807 765 Ange103
875 690 1063 746 omnis
1109 687 1388 748 Ecclesia
1424 687 1801 746 constituitur
1838 703 1911 746 ex
1945 685 2067 746 illis
2108 690 2215 763 qui
2246 687 2529 748 Ecclesiae

447 795 604 863 suut,
660 794 720 847 et
756 805 872 847 non
909 788 986 846 ab
1014 786 1148 845 aliis
1185 789 1430 846 tametsi
1461 789 1617 844 natis
1645 787 1749 846 ubi
1774 786 2053 847 Ecclesia
2090 793 2212 864 est3
2274 787 2384 846 hoc
2416 806 2527 845 ma-

444 889 662 948 nifeste
709 889 852 948 sciri
885 893 1088 964 potest
1123 903 1199 946 ex
1247 903 1336 962 ee,
1402 887 1563 964 quod
1598 903 1765 946 amor
1802 893 1862 946 et
1889 888 2041 947 fides
2082 888 2308 946 faciant
2340 886 2527 950 Eccle-

446 991 616 1063 siam,
655 1005 726 1048 ac
755 1005 920 1047 amor
962 994 1023 1047 et
1047 987 1197 1046 fides
1238 994 1415 1047 erunt
1451 989 1509 1046 in
1545 987 1802 1058 homine,
1840 988 2095 1065 proinde
2134 991 2313 1046 etiam
2340 987 2525 1046 Eccle-

447 1091 569 1150 sia:
618 1089 781 1166 quod
817 1088 1064 1148 Caelum
1103 1090 1182 1147 sit
1214 1090 1274 1148 in
1310 1087 1562 1164 Angelo,
1604 1096 1665 1146 et
1700 1089 1863 1163 quod
1896 1088 2181 1148 Ecclesia
2214 1090 2275 1146 in
2299 1088 2523 1160 homine,

443 1190 726 1251 videatur
759 1191 820 1248 in
859 1189 1058 1265 Opere
1089 1189 1162 1247 de
1193 1187 1399 1249 Conco
1426 1204 1503 1246 Er
1530 1188 1829 1264 Iun-nano,
1868 1208 1937 1247 n:
1982 1191 2097 1248 33.
2150 1190 2259 1248 53.
2298 1190 2399 1248 54.
2435 1189 2521 1246 57.

449 1292 629 1350 454:
687 1297 747 1348 et
783 1292 842 1348 in
880 1289 1205 1348 Domuum
1239 1289 1455 1348 Novar.
1492 1288 2013 1364 Ηικιιοεοιῑωε,
2074 1307 2145 1348 n:
2192 1289 2349 1347 232.
2392 1288 2521 1346 233.

451 1394 612 1451 241.
659 1389 817 1450 245.
865 1391 1025 1448 246.

432 1503 438 1510 ·
606 1491 762 1550 160.
847 1489 1164 1548 Dicentem
1227 1506 1294 1547 se
1356 1490 1801 1566 prophetissam
1856 1489 2075 1550 docere
2144 1495 2205 1548 et
2262 1487 2520 1548 seducere

247 1589 406 1651 [148]
447 1608 614 1652 meos
641 1606 880 1662 servos,
933 1589 1091 1664 quod
1134 1589 1431 1665 significet
1468 1589 1627 1666 quod
1662 1590 1798 1650 inde
1828 1590 2101 1649 doctrina
2140 1591 2395 1649 omnium
2424 1586 2516 1646 fal-

446 1709 667 1762 sorum,
707 1696 939 1750 constat
969 1708 1044 1748 ex
1071 1690 1501 1766 significatione
1538 1691 1891 1767 prophetae,
1936 1691 2103 1766 quod
2138 1691 2219 1750 sit
2256 1690 2351 1766 qui
2378 1688 2517 1746 docet

446 1809 610 1865 vera,
651 1796 712 1850 et
747 1789 1048 1849 abstracte
1085 1808 1122 1848 a
1150 1806 1427 1866 persona,
1470 1790 1737 1850 doctrina
1762 1793 1916 1868 veri,
1964 1790 2039 1850 de
2078 1808 2205 1873 qua
2232 1788 2515 1851 11:2534.

454 1893 639 1951 7269
657 1911 673 1966 3
729 1889 866 1949 inde
902 1892 962 1947 in
1013 1893 1290 1967 opposito
1336 1907 1523 1950 sensu
1575 1909 1685 1967 per
1734 1891 2095 1968 prophetam
2146 1889 2516 1964 intelliguntur

445 1993 550 2069 qui
597 1990 814 2050 docent
849 1989 1032 2065 falsa,
1092 1996 1153 2050 et
1191 1971 1493 2051 abstracte
1532 2009 1569 2050 a
1604 1993 1883 2068 personis
1923 1991 2205 2050 doctrina
2250 1989 2513 2056 falsorum,

445 2091 717 2152 similiter
744 2089 841 2151 hic
875 2108 985 2167 per
1011 2090 1491 2168 prophetissam3
1540 2094 1680 2168 quia
1714 2090 1811 2151 hic
1846 2110 1957 2169 per
1990 2092 2429 2169 prophetissam
2446 2085 2511 2144 si-

447 2191 760 2270 gnificatur
803 2192 1024 2250 docens
1059 2191 1242 2266 falsa,
1311 2197 1373 2251 et
1422 2191 1691 2252 doctrina
1740 2195 2003 2252 omnium
2048 2193 2337 2252 falsorum
2352 2233 2367 2263 ,
2406 2186 2511 2246 ideo

445 2293 684 2352 additur
733 2292 891 2369 quod
941 2291 1154 2351 doceat
1207 2299 1266 2350 et
1319 2292 1573 2352 seducat
1624 2285 1865 2351 Domini
1920 2309 2166 2352 servos:
2230 2291 2427 2350 docere
2466 2290 2510 2341 et

445 2392 736 2454 seducere
786 2393 1028 2467 dicitur,
1084 2395 1224 2468 quia
1271 2392 1488 2453 docere
1525 2394 1909 2469 praedicatur
1944 2393 2018 2453 de
2062 2396 2227 2452 veris
2265 2397 2322 2450 et
2358 2385 2506 2458 falsis,
2624 2378 2636 2444 l

443 2511 515 2553 ac
549 2492 838 2554 seducere
877 2493 950 2552 de
985 2492 1157 2552 bonis
1189 2499 1248 2551 et
1287 2492 1493 2569 malis,
1533 2509 1604 2553 ac
1639 2495 1800 2553 servi
1842 2493 2085 2552 Domini
2124 2497 2189 2552 in
2218 2491 2404 2552 Verbo
2434 2485 2503 2543 di·
2629 2477 2630 2496 ³

443 2599 657 2655 cuntur
695 2595 797 2669 qui
832 2596 892 2652 in
926 2595 1088 2652 veris
1127 2599 1294 2667 sunt,
1368 2599 1429 2653 et
1470 2595 1725 2653 ministri
1761 2596 1864 2670 qui
1910 2596 1971 2652 in
2020 2595 2210 2663 bono,
2275 2591 2505 2650 videatur
2617 2640 2625 2675 ÷

443 2712 632 2771 supra
668 2713 734 2752 n:
774 2697 803 2752 1
825 2696 908 2754 55
948 2694 996 2752 f:
1051 2695 1285 2752 Dicitur
1315 2693 1391 2752 de
1415 2693 1675 2764 Isabele,
1717 2694 1875 2770 quod
1910 2711 1977 2754 se
2006 2695 2168 2754 dicat
2204 2687 2501 2770 prophetis·
2619 2692 2627 2771 ᾖ

443 2812 605 2876 sam,
656 2811 771 2853 non
811 2794 969 2871 quod
1008 2792 1212 2852 Isabel
1257 2811 1408 2853 uxor
1448 2793 1682 2854 Achabi
1719 2810 1786 2854 se
1832 2795 2046 2853 dixerit
2084 2793 2499 2871 prophetissam,
2619 2784 2627 2793 “

444 2894 554 2954 sed
589 2896 732 2970 quia
752 2913 862 2970 per
885 2895 1049 2954 illam
1087 2894 1457 2970 significatur
1478 2895 1810 2972 jucundum
1847 2898 2065 2954 amoris
2098 2897 2197 2954 sui
2230 2900 2289 2952 et
2323 2883 2498 2954 mundi,

445 3000 508 3054 et
540 2993 656 3052 hoc
683 2994 1012 3069 jucundum
1041 2995 1216 3054 docet
1243 3002 1304 3054 et
1337 2995 1573 3054 seducit
1600 2995 1735 3053 illos
1766 2998 1869 3072 qui
1897 2997 1958 3054 in
1982 2999 2144 3054 veris
2174 2999 2309 3054 sunt
2320 3012 2335 3066 ;
2364 2987 2495 3070 quis-

446 3110 562 3171 que
595 3094 779 3167 enim,
829 3093 969 3152 dum
1009 3113 1084 3154 ex
1112 3112 1208 3169 se,
1257 3097 1480 3172 cogitat
1508 3113 1585 3154 ex
1620 3112 1732 3154 suo
1770 3113 2003 3165 amore,
2056 3113 2130 3156 ac
2165 3094 2297 3153 inde
2332 3107 2391 3148 se
2412 3087 2495 3142 im·

445 3193 575 3252 buit
615 3192 816 3268 falsis,
865 3193 1024 3269 quod
1063 3202 1156 3254 est
1191 3195 1407 3255 docere
1446 3183 1507 3254 et
1542 3196 1854 3256 seducere.
1910 3197 2004 3256 De
2044 3195 2283 3256 Isabele
2324 3187 2497 3263 legitur

443 3296 506 3353 in
538 3292 772 3368 Verb03
833 3294 994 3370 quod
1027 3294 1311 3354 Achabus
1345 3296 1479 3355 Rex
1521 3295 1933 3354 Isi-affilitarum
1978 3297 2279 3372 acceperit
2322 3284 2493 3348 Isabe-

443 3395 561 3455 lem
588 3394 771 3454 filiam
810 3393 995 3468 Regis
1035 3393 1420 3455 Zidoniorum
1448 3399 1511 3454 in
1558 3413 1837 3471 uxorem,
1896 3403 1957 3456 et
1990 3397 2153 3473 quod
2192 3388 2422 3454 abiverit
2450 3385 2491 3438 et

443 3496 760 3556 serviverit
800 3493 1004 3565 Baali‚
1060 3501 1120 3553 et
1156 3497 1213 3554 ei
1251 3499 1511 3556 erexerit
1548 3495 1735 3556 altare
1772 3499 1833 3555 in
1876 3495 2186 3566 Samaria,
2238 3499 2295 3552 et
2330 3481 2493 3548 fecerit

441 3595 662 3670 lucum,
692 3595 724 3653 I
748 3593 913 3670 Reg:
951 3593 1135 3654 XVI:
1172 3597 1280 3654 31.
1327 3598 1438 3655 32.
1477 3597 1589 3655 33.
1643 3595 1818 3672 Quod
1842 3597 2046 3657 Isabel
2082 3593 2352 3656 occiderit
2370 3585 2485 3643 Pro-

439 3693 656 3772 phetas
688 3692 982 3764 Jehovae,
1023 3694 1056 3754 I
1094 3695 1260 3772 Reg:
1289 3696 1539 3756 XVIII:
1584 3699 1644 3755 4.
1695 3699 1815 3757 13:
1864 3703 1927 3756 et
1962 3697 2123 3775 quod
2162 3697 2329 3754 etiam
2363 3679 2486 3743 occi·

442 3795 587 3855 dere
623 3795 880 3856 voluerit
907 3795 1116 3866 Eliam,
1159 3795 1322 3872 Cap:
1354 3796 1539 3856 XIX:
1583 3801 1638 3854 1.
1680 3801 1740 3856 2.
1780 3813 1918 3873 seq:
1968 3797 2145 3874 Quod
2178 3811 2283 3872 per
2313 3783 2481 3846 dolum,

440 3894 860 3956 substituendo
887 3895 1074 3955 falsos
1101 3903 1308 3970 testeS,
1342 3896 1659 3956 abstulerit
1694 3900 1931 3958 vineam
1966 3896 2257 3968 Nabotho,
2300 3893 2353 3947 et
2381 3891 2481 3940 eum

442 3995 758 4073 occiderit,
815 3996 974 4073 Cap:
1020 3995 1208 4056 XXI:
1258 3998 1318 4055 6.
1361 4002 1418 4056 7.
1450 4013 1587 4075 seq:
1652 3998 1787 4057 inde
1836 3998 2206 4074 praedictum
2255 3988 2321 4048 ab
2366 3978 2475 4044 Elia,

443 4097 604 4172 quod
653 4114 835 4158 canes
893 4097 1276 4157 comederent
1321 4096 1519 4170 illam,
1581 4099 1614 4157 I
1662 4098 1823 4175 Reg:
1872 4099 2061 4158 XXI:
2109 4098 2217 4156 23.
2260 4087 2315 4148 Π
2352 4083 2475 4150 Reg‘

441 4193 568 4256 IX:
612 4200 734 4258 10:
791 4203 852 4257 et
893 4196 1032 4255 dein
1067 4197 1228 4272 quod
1257 4197 1437 4273 jussu
1471 4196 1633 4258 Jehu
1677 4199 1913 4276 dejecta
1949 4201 2027 4258 sit
2064 4217 2095 4258 e
2129 4195 2387 4256 fenestra,
2430 4175 2474 4230 0²
