2700 4792
395 389 508 467 135
858 400 1346 457 APOCALYPSIS
1401 399 1833 458 EXPLICATA.
1917 399 1964 468 ς.
2010 409 2104 461 31.

434 564 727 639 Baculus,
779 565 1108 638 potentiam
1145 562 1291 621 Veri
1329 579 1405 620 ex
1440 561 1633 633 bono,
1686 579 1756 618 n:
1798 560 2013 620 4581.
2053 561 2268 618 4876.
2300 535 2543 620 4966:

439 665 720 740 Chlamys
777 671 837 722 et
888 663 1172 737 Pallium,
1237 663 1523 722 Divinum
1578 661 1807 748 Verum
1858 663 1919 718 in
1963 659 2171 736 Regno
2224 661 2541 736 spirituali,

397 783 495 826 ·n:
541 768 674 824 985.>
693 766 749 823 5.
805 765 1074 838 100053
1131 769 1190 822 et
1225 763 1507 838 Purpura
1556 779 1817 821 amorem
1856 761 2229 837 spiritualem
2266 761 2434 834 boni„
2478 779 2541 819 n:

443 867 665 925 9467:
721 865 1025 932 ThronuS,
1086 862 1360 939 Regnum
1409 865 1539 922 veri
1590 879 1665 922 ex
1713 862 1899 935 bono,
1962 879 2021 919 n:
2070 861 2279 920 5315.
2326 862 2542 920 6397.

441 963 662 1040 86253
718 965 1079 1040 Argentum,
1153 965 1349 1039 ipsum
1406 962 1556 1020 illud
1601 979 1847 1036 verum,
1922 979 1993 1019 n:
2055 963 2261 1020 1551.
2328 962 2542 1021 1552.

442 1068 653 1124 2954.
703 1067 921 1124 5658:
986 1065 1195 1140 Equus
1233 1063 1427 1121 Albus
1464 1062 1835 1121 intellectum
1886 1062 2251 1120 illustratum
2288 1077 2365 1120 ex
2397 1061 2542 1137 illis,

433 1170 496 1226 in
534 1163 841 1242 Opusculo
880 1165 952 1223 de
988 1165 1166 1232 EQUO
1204 1164 1405 1233 Anno,
1452 1181 1519 1220 n:
1566 1165 1594 1221 1
1634 1163 1711 1220 ad
1746 1163 1817 1237 53
1874 1163 2033 1238 quod
2068 1160 2333 1220 Ritualia
2380 1164 2546 1220 circa

435 1268 847 1327 coronationes
899 1265 1132 1340 Regum
1191 1263 1497 1322 involvant
1536 1262 1711 1332 talia,
1784 1262 1893 1322 sod
1943 1261 2101 1337 quod
2156 1263 2411 1337 cognitio
2462 1262 2543 1321 de

431 1367 550 1426 illis
595 1366 772 1425 hodie
819 1367 1092 1441 perierit,
1160 1382 1228 1422 n:
1281 1364 1495 1422 4581.
1550 1365 1764 1421 4966.
1858 1361 2017 1438 Quia
2070 1379 2145 1422 ex
2186 1361 2279 1420 his
2326 1362 2539 1438 scitur,

435 1467 578 1544 quid
602 1467 736 1525 Rex
771 1468 829 1523 in
867 1465 1070 1524 Verbo
1107 1463 1419 1539 significat,
1464 1463 1641 1522 velim
1668 1462 1763 1521 his
1801 1463 2040 1537 addere,
2086 1479 2193 1520 cur
2218 1462 2538 1538 Dominu5‚

434 1585 571 1628 oum
605 1564 1088 1640 Hierosolymam
1127 1565 1401 1638 intravit,
1457 1564 1679 1622 sederit
1726 1580 1911 1639 super
1958 1561 2123 1639 pullo
2173 1564 2411 1636 asinae,
2478 1568 2544 1622 et

433 1665 696 1743 populus
733 1664 1194 1740 proclamaverit
1244 1663 1452 1740 Ipsum
1498 1670 1638 1722 tunc
1673 1663 1933 1739 Regem,
1998 1669 2058 1721 et
2096 1679 2335 1739 quoque
2371 1668 2539 1720 stra-

436 1769 632 1826 verint
678 1767 1036 1823 vestimenta
1079 1781 1264 1839 super
1309 1765 1504 1832 viam,
1554 1763 1767 1822 Matth:
1819 1763 1993 1822 XXI:
2052 1766 2079 1821 1
2120 1763 2197 1821 ad
2228 1765 2288 1820 8.
2344 1761 2537 1822 Marc:

437 1867 548 1926 XI:
595 1869 623 1923 1
663 1866 736 1923 ad
773 1868 878 1923 11.
935 1865 1080 1922 Luc:
1117 1864 1292 1923 XIX:
1342 1866 1429 1922 28
1466 1863 1540 1922 ad
1572 1865 1684 1922 40.
1740 1864 1879 1923 Joh:
1916 1862 2059 1921 XII:
2108 1866 2216 1921 14.
2266 1863 2373 1920 15.
2413 1865 2537 1922 16:

438 1966 596 2043 quod
629 1965 998 2042 praedictum
1039 1972 1131 2024 est
1165 1964 1326 2042 apud
1364 1963 1714 2024 Sachariam
1749 1960 2057 2038 „Eoeulta
2082 1959 2237 2044 filia
2272 1961 2539 2034 Zionis,

435 2063 656 2144 olan-qe
669 2063 823 2145 fllia
857 2062 1377 2144 Hierosolymae‚
1421 2081 1551 2124 ecoe
1574 2064 1727 2124 Rea⁹
1752 2069 1905 2124 tun-s·
1938 2063 2137 2123 veniet
2171 2061 2289 2122 tibi
2304 2061 2540 2144 justu-3

373 2187 376 2190 ⁴
436 2172 520 2247 et-
544 2163 832 2240 salvan-9,
884 2165 1172 2244 equitans
1210 2183 1400 2243 snper
1431 2163 1639 2224 Asino
1684 2169 1743 2224 et
1790 2182 1981 2243 super
2018 2160 2205 2242 pullo
2240 2163 2535 2223 Asinae“

435 2267 548 2326 IX:
595 2268 656 2324 9.
709 2267 918 2324 Matth:
957 2265 1133 2324 XXI:
1174 2267 1230 2323 5.
1288 2266 1429 2323 Joh:
1465 2265 1607 2324 XII:
1646 2269 1673 2324 1
1698 2267 1763 2340 53
1820 2280 2005 2323 causa
2040 2272 2200 2333 erat,
2256 2266 2397 2340 quia
2431 2279 2535 2323 se-

438 2368 579 2425 dere
617 2383 800 2442 super
835 2369 1002 2424 asino
1042 2372 1102 2423 et
1145 2382 1330 2441 super
1377 2365 1543 2440 pullo
1582 2369 1817 2433 asinae,
1868 2371 1996 2422 erat
2030 2366 2263 2440 insigne
2303 2362 2537 2423 Summi

434 2466 670 2526 Judicis
717 2473 776 2525 et
823 2467 1037 2542 RegiS,
1113 2465 1272 2540 quod
1319 2471 1595 2524 constare
1641 2471 1842 2542 potest
1883 2481 1957 2523 ex
1998 2464 2093 2524 his
2142 2464 2535 2540 sequentibus

436 2565 608 2642 „Cor
641 2585 847 2626 meum
881 2565 971 2626 ad
1009 2563 1447 2644 Leyislatores
1493 2563 1769 2625 Israelis
1785 2610 1800 2640 ,
1863 2565 1975 2642 qui
2006 2564 2307 2643 equitatis
2344 2581 2534 2643 super

431 2667 734 2728 asinabus
770 2665 1118 2726 candidi3“
1179 2666 1381 2727 Judic:
1420 2666 1494 2723 V:
1540 2669 1598 2725 9.
1647 2669 1754 2725 10.
1840 2664 2037 2739 „Non
2078 2664 2317 2724 recedet
2351 2683 2527 2743 scep-

433 2775 603 2829 trum
639 2767 716 2826 de
749 2766 1064 2842 Jehudah,
1111 2786 1221 2826 nec
1253 2763 1629 2844 Leyz’slator
1661 2767 1737 2825 ab
1773 2765 1938 2824 inter
1961 2764 2159 2843 pedes
2194 2764 2360 2847 ejus,
2410 2783 2526 2824 ua·-

430 2886 546 2946 que
597 2867 753 2928 dum
799 2867 966 2927 venit
1001 2866 1254 2936 Sonam
1313 2864 1450 2945 Qui
1496 2863 1729 2944 liyahz‘t
1774 2865 1864 2924 ad
1897 2863 2133 2926 .Vitem
2180 2864 2535 2926 Asininum

421 2965 682 3046 pullum
735 2987 954 3037 suum,
1003 2973 1062 3025 et
1095 2967 1185 3027 ad
1239 2965 1445 3026 Vitem
1479 2963 1745 3026 nobilem
1782 2963 2037 3025 Filium
2072 2965 2295 3026 asinae
2330 2968 2535 3036 ἤπιος(

436 3067 655 3128 Genes:
705 3068 932 3128 XLIX:
979 3069 1088 3126 10.
1137 3070 1259 3144 1‚1:
1325 3069 1466 3142 quia
1526 3067 1739 3125 sedere
1788 3083 1973 3143 super
2016 3066 2203 3124 Asino
2252 3072 2311 3124 et
2355 3065 2535 3124 Pullo

434 3170 640 3227 asinae
667 3169 786 3228 tale
823 3170 1054 3242 insigne
1094 3173 1241 3236 erat,
1275 3167 1410 3224 ideo
1446 3165 1713 3227 Judioes
1747 3165 2107 3244 equitabant
2140 3183 2332 3244 super
2366 3163 2533 3226 Asi-

428 3268 628 3328 nabus
677 3267 872 3340 albi-3,
931 3267 1130 3324 Judie:
1182 3266 1256 3324 V:
1303 3269 1361 3324 9.
1418 3269 1501 3327 10
1517 3289 1533 3342 3
1598 3274 1659 3325 et
1690 3264 1833 3347 filii
1883 3265 2020 3348 effus
2068 3284 2257 3346 super
2304 3262 2536 3326 Pullis

429 3367 682 3443 asinae,
747 3368 946 3426 Judic:
995 3367 1075 3424 X:
1130 3369 1204 3424 4:
1289 3371 1348 3424 et
1401 3365 1549 3442 Cap:
1598 3367 1742 3426 XII:
1802 3369 1923 3440 143
1994 3374 2054 3425 et
2112 3365 2299 3445 „ipse
2356 3365 2531 3440 Rex,

426 3487 566 3529 oum
606 3468 1054 3541 coronabatur,
1129 3485 1319 3545 saper
1363 3464 1603 3526 Mula“
1664 3467 1696 3526 1
1728 3467 1890 3542 Reg:
1940 3467 1999 3526 I:
2040 3469 2173 3528 33:
2242 3483 2368 3541 „ao
2390 3462 2538 3546 filii

416 3567 560 3650 ‘ejus
597 3587 788 3646 super
829 3564 1086 3627 Mulis“
1139 3567 1202 3626 II
1247 3565 1422 3626 Sam:
1462 3567 1646 3626 XIII:
1690 3571 1811 3626 29:
1869 3565 1987 3642 Qui
2042 3584 2161 3625 non
2206 3569 2321 3626 scit
2386 3567 2537 3642 quid

423 3685 536 3746 per
571 3667 826 3742 Equum,
863 3667 1123 3743 Mulum,
1165 3674 1225 3726 et
1260 3667 1500 3726 Pullum
1538 3669 1743 3726 asinae
1779 3669 1841 3724 in
1880 3683 2065 3726 sensu
2100 3672 2545 3743 repraesenta-,

422 3768 547 3826 tivo
585 3766 982 3842 significatur,
1044 3769 1275 3841 credet,
1341 3768 1501 3842 quod
1534 3768 1775 3827 Domini
1813 3769 2099 3843 equitatio
2137 3783 2321 3842 super
2353 3765 2534 3826 Pullo

423 3868 628 3924 asinae
678 3867 1100 3943 significaverit
1134 3870 1438 3927 miseriam
1485 3875 1545 3928 et
1590 3868 2092 3941 humiliationem,
2150 3867 2261 3926 sed
2292 3864 2529 3942 signifi-

421 3964 598 4024 cabat
655 3967 1154 4045 Magnificentiam
1222 3967 1507 4044 Regiam3
1589 3975 1955 4044 quapropter
2018 3969 2200 4026 etiam
2262 3965 2532 4043 populus

421 4072 562 4125 tunc
613 4069 1027 4144 proclamabat
1079 4070 1404 4128 Dominum
1449 4069 1709 4145 Regem,
1767 4074 1827 4126 et
1877 4069 2239 4126 vestimenta
2292 4072 2532 4125 strave-

419 4173 560 4224 runt
593 4185 777 4246 super
817 4173 1006 4229 iiam:
1063 4170 1222 4246 quod
1264 4168 1379 4226 hoc
1427 4169 1651 4227 factum
1687 4172 1765 4227 sit
1818 4185 1956 4226 cum
2001 4170 2116 4226 iret
2166 4165 2525 4242 Hierosoly-

417 4285 590 4339 mam,
627 4275 756 4328 erat
781 4287 969 4329 causa
1004 4273 1146 4354 quia
1180 4276 1292 4346 pe'r
1325 4268 1805 4345 Hierosolymam
1835 4267 2203 4344 significatur
2226 4264 2525 4333 Ecclesia,
