2700 4792
389 353 628 412 CAPUT
666 355 1006 414 TERTIUM.
1735 357 1942 414 VERS=
1988 367 2040 420 8.
2215 371 2325 425 325

221 512 478 593 septimo
519 531 718 588 anm,
768 511 1210 593 perforaretur
1258 513 1349 574 ad
1381 512 1664 598 januam
1690 517 1729 550 ‘⁶‘
1792 515 1995 576 Exod:
2033 514 2217 579 XXI:
2264 522 2321 580 6.

219 615 402 673 Dent:
449 614 592 674 XV:
651 617 678 671 1
701 619 770 688 ⁷3
825 631 938 690 per
981 629 1190 674 servos
1237 631 1312 674 ex
1359 613 1499 674 filiis
1546 613 1793 676 Israelis
1842 615 2328 692 significabantur

219 716 312 790 qui
343 716 406 772 in
439 716 602 773 veris
641 720 812 773 erant
849 721 910 772 et
943 730 1062 772 non
1095 715 1154 772 in
1188 713 1379 787 bono,
1437 721 1501 773 et
1531 732 1645 791 per
1677 714 1901 776 liberos
1940 720 2041 793 qui
2076 719 2137 776 in
2170 718 2325 778 bono

219 821 274 872 et
316 812 456 873 inde
511 816 574 872 in
608 817 766 873 veris
782 835 798 890 3
869 814 1032 890 quod
1075 817 1238 873 auris
1286 815 1695 891 perforaretur
1739 815 1816 875 ad
1853 817 2105 892 januam
2140 820 2327 896 signi-

215 913 424 974 ficabat
473 921 834 990 perpetuam
883 913 1281 974 obedientiam
1335 919 1399 973 et
1444 917 1825 990 servitutem,
1884 919 2163 990 quoniam
2214 935 2327 994 per

215 1031 350 1074 vera
383 1030 508 1072 non
543 1014 852 1072 intromitti
883 1016 944 1072 in
977 1013 1198 1073 bonum
1232 1013 1451 1091 vellet,
1488 1031 1633 1073 nam
1668 1017 1769 1091 qui
1802 1017 1863 1074 in
1903 1017 2061 1074 veris
2097 1023 2239 1076 sunt
2266 1024 2327 1078 et

214 1131 321 1173 non
355 1131 394 1172 a
429 1113 619 1187 bono,
685 1115 772 1172 illi
807 1120 1102 1192 perpetuo
1146 1117 1210 1173 in
1245 1120 1407 1173 statu
1444 1131 1621 1174 servo
1658 1121 1826 1190 sunt,
1888 1130 2007 1172 non
2056 1119 2216 1176 enim
2261 1119 2323 1175 in

215 1213 520 1274 affectione
569 1217 696 1273 veri
733 1213 1030 1291 spirituali
1065 1220 1237 1285 sunt,
1299 1221 1361 1273 et
1394 1221 1597 1282 tamen
1632 1214 1869 1274 affectio
1906 1231 2064 1290 quae
2102 1218 2321 1276 amoris

211 1313 344 1373 facit
375 1313 680 1374 hominem
714 1314 968 1374 liberum
979 1357 995 1388 ,
1046 1315 1322 1373 videatur
1368 1317 1429 1372 in
1476 1314 1801 1374 Domuum
1835 1314 2051 1376 Noun
2083 1314 2318 1376 Humo-

209 1431 488 1473 sommn
539 1431 611 1474 n:
648 1417 776 1473 141
816 1414 894 1472 ad
930 1416 1090 1474 149.
1141 1413 1468 1474 Praeterea
1492 1431 1637 1474 vera
1662 1415 2097 1474 introducentia
2125 1418 2324 1492 quoad

211 1514 387 1588 quale
425 1531 631 1572 eorum
679 1513 1098 1574 describuntur
1139 1531 1251 1591 per
1277 1521 1687 1591 tegumentum
1724 1513 1879 1575 Ostii
1916 1513 2209 1590 Tentorii,
2262 1524 2323 1578 et

207 1629 312 1689 per
363 1619 776 1689 tegumentum
825 1613 982 1675 Ostii
1033 1613 1463 1690 Tabernaculi‚
1518 1614 1721 1674 Exod:
1758 1613 2004 1675 XXVI:
2052 1617 2160 1678 16.
2206 1617 2316 1678 36.

213 1715 316 1773 37.
389 1713 549 1790 Cap:
585 1713 958 1775 XXXVIII:
1004 1715 1112 1774 18.
1161 1717 1284 1789 193
1342 1721 1405 1773 et
1436 1731 1549 1791 per
1581 1731 1894 1774 mensuras
1946 1717 2004 1773 in
2056 1719 2318 1776 numeris

209 1817 494 1874 ostiorum
534 1821 592 1873 et
621 1821 927 1890 portarum
952 1815 1184 1874 Domus
1211 1813 1330 1874 Dei
1369 1822 1429 1874 et
1466 1815 1702 1891 Templi
1730 1816 1897 1892 apud
1917 1816 2315 1891 Ezechielem,

211 1911 372 1990 Cap:
429 1912 577 1974 XL:
633 1916 689 1972 6.
745 1916 804 1973 8.
849 1917 910 1974 9.
955 1917 1066 1974 10.
1111 1917 1377 1973 11.13.
1430 1918 1537 1974 14.
1586 1916 1847 1975 15.18.
1895 1917 2002 1975 19.
2048 1920 2165 1976 20.
2204 1920 2315 1978 24..

213 2017 318 2074 27.
366 2016 478 2073 28.
525 2015 638 2074 32.
683 2015 794 2073 35.
837 2016 948 2074 37.
1005 2014 1170 2090 Cap:
1207 2013 1374 2074 XLI:
1421 2018 1477 2074 1.
1521 2019 1580 2074 2.
1626 2017 1686 2074 3.
1735 2019 1843 2074 11.
1891 2020 2001 2076 17.
2050 2018 2315 2076 18.19.

213 2115 316 2173 20.
379 2116 497 2174 23.
541 2116 653 2172 24.
698 2115 807 2173 25.
875 2113 1034 2191 Cap:
1072 2114 1280 2174 XLII:
1323 2119 1382 2174 2.
1430 2118 1539 2175 12.
1585 2119 1694 2175 15.
1770 2112 2319 2191 cap2XL11121.

211 2217 269 2273 2.
315 2215 375 2274 3.
421 2217 483 2272 4.
565 2212 722 2290 Cap:
766 2213 989 2274 XLIV:
1042 2219 1100 2273 1.
1145 2219 1206 2274 2.
1253 2218 1313 2274 3.
1357 2219 1465 2274 17.
1551 2213 1715 2292 Cap:
1752 2214 1987 2274 XLVI:
2048 2219 2105 2276 1.
2147 2220 2209 2278 2.
2254 2220 2313 2278 3.

217 2317 272 2372 8.
335 2318 448 2374 12.
508 2315 617 2374 19.
699 2313 859 2391 Cap:
911 2314 1176 2374 XLVII:
1235 2320 1290 2374 1.
1354 2318 1415 2372 2.
1499 2313 1655 2390 Cap:
1704 2313 2003 2374 XLVHI:
2048 2317 2158 2376 31.
2204 2319 2315 2380 32.

213 2415 324 2472 33.
381 2417 506 2490 343
560 2415 664 2491 qui
718 2415 832 2474 scit
879 2415 1024 2492 quid
1069 2414 1289 2491 singuli
1334 2415 1567 2474 numeri
1612 2413 1695 2472 ibi
1742 2415 2111 2490 significant,
2158 2419 2317 2479 scite

211 2518 412 2587 potest
443 2514 614 2590 plura
651 2531 874 2573 arcana
914 2515 988 2575 de
1023 2514 1142 2573 illis
1171 2514 1372 2574 Veris.
1443 2513 1850 2574 Memorantur
1886 2515 2065 2578 etiam
2098 2515 2318 2577 Portae

213 2610 422 2670 domus
448 2613 484 2672 J
491 2601 718 2672 ehovae
758 2631 972 2674 versus
1010 2617 1478 2692 septentrionem
1508 2620 1567 2673 et
1590 2630 1805 2674 versus
1834 2616 2121 2672 orientem
2152 2616 2317 2691 apud

207 2712 458 2772 eundem
493 2715 856 2790 Prophetam
913 2715 1068 2792 Cap:
1109 2714 1285 2774 VIII:
1329 2717 1391 2776 3.
1436 2719 1497 2773 4.
1574 2713 1733 2791 Cap:
1768 2713 1851 2774 X:
1898 2715 2003 2772 19.

360 2817 524 2874 209.
605 2813 763 2892 Quia
809 2815 1150 2875 nonnullam
1205 2815 1393 2875 habes
1441 2817 1797 2892 potentiam,
1864 2821 1925 2874 et
1974 2814 2313 2876 observasti

201 2930 400 2972 meum
438 2914 716 2992 verbum,
775 2921 836 2975 et
878 2933 995 2976 non
1029 2918 1266 2993 negasti
1295 2915 1528 2975 Nomen
1565 2933 1779 2992 meum,
1826 2916 1987 2993 quod
2020 2916 2314 2994 significet

203 3014 358 3089 quod
391 3014 514 3074 illis
550 3021 776 3073 tantum
811 3018 1116 3092 potentiae
1145 3033 1184 3074 a
1207 3016 1465 3074 Domino
1500 3017 1577 3074 sit
1605 3023 1813 3076 contra
1848 3017 2007 3076 mala
2042 3025 2103 3076 et
2136 3017 2307 3094 falsa,

201 3121 488 3190 quantum
521 3132 667 3174 vera
703 3133 779 3174 ex
812 3115 1016 3174 Verbo
1052 3116 1278 3176 faciunt
1314 3118 1509 3185 vitae,
1563 3123 1624 3174 et
1658 3124 1991 3193 agnoscunt
2024 3117 2309 3180 Divinum
2350 3127 2509 3190 [217]

199 3213 440 3274 Domini
485 3216 548 3272 in
579 3215 857 3274 Humano
905 3216 1136 3294 Ipsiu3‚
1193 3221 1430 3275 constat
1479 3234 1553 3274 ex
1605 3217 2035 3294 significatione
2084 3218 2309 3280 habere

198 3318 558 3388 potentiam,
601 3315 762 3392 quod
812 3317 891 3374 sit
924 3317 1193 3393 potentia
1227 3333 1266 3374 a
1296 3316 1553 3375 Domino
1601 3323 1809 3376 contra
1844 3319 2003 3377 mala
2037 3326 2097 3378 et
2132 3319 2305 3392 falsa,

204 3418 264 3470 et
295 3395 434 3489 quia
470 3415 666 3492 agitur
715 3416 788 3474 de
841 3415 958 3474 illis
1013 3417 1112 3491 qui
1162 3418 1225 3476 in
1268 3415 1388 3474 fide
1442 3433 1516 3478 ex
1552 3415 1841 3477 charitate
1878 3424 2043 3492 sunt,
2096 3416 2307 3476 dieitur

199 3513 358 3590 quod
383 3514 730 3574 nonnullam
755 3515 1020 3574 habeant
1045 3517 1391 3591 potentiam,
1432 3516 1505 3575 de
1534 3533 1651 3591 qua
1678 3519 1973 3592 sequitur-3
2012 3533 2088 3574 ex
2115 3518 2303 3591 signi-

192 3612 472 3674 ficatione
525 3613 848 3674 observare
895 3632 1092 3674 meum
1143 3615 1423 3690 verbum,
1479 3615 1640 3692 quod
1686 3617 1763 3674 sit
1799 3632 1945 3674 vera
1980 3632 2054 3674 ex
2098 3613 2305 3676 Verbo

193 3713 394 3775 facere
429 3715 622 3789 vitae,
663 3714 986 3774 observare
1043 3717 1198 3775 enim
1252 3733 1399 3774 vera
1444 3731 1555 3774 seu
1588 3721 1919 3791 praecepta
1963 3729 2080 3772 non
2128 3713 2305 3774 modo

196 3813 494 3890 significat
529 3816 684 3873 scire
723 3822 782 3874 et
819 3817 1211 3892 appercipere
1243 3815 1382 3889 illa,
1431 3812 1538 3872 sed
1576 3815 1753 3873 etiam
1791 3812 1948 3872 velle
1986 3818 2047 3870 et
2079 3812 2301 3886 facere,

195 3928 304 3972 seu
351 3929 600 3990 servare
649 3913 784 3989 illa,
859 3920 920 3974 et
978 3917 1080 3990 qui
1136 3914 1346 3973 volunt
1406 3919 1471 3971 et
1514 3913 1764 3985 faciunt,
1816 3911 1903 3970 illi
1952 3929 2097 3976 vera
2144 3929 2299 3987 quae

192 4015 392 4072 sciunt
425 4018 488 4074 et
523 4016 940 4091 appercipiunt
991 4031 1067 4074 ex
1101 4013 1306 4074 Verbo
1341 4014 1568 4072 faciunt
1602 4029 1747 4071 suae
1785 4015 1975 4088 vitae3
2027 4011 2303 4073 videatur

73 4183 84 4194 ⁶
193 4115 372 4173 etiam
407 4132 477 4172 n:
525 4117 554 4172 1
575 4114 646 4188 53
705 4121 766 4174 et
801 4133 874 4174 ex
911 4115 1344 4191 significatione
1398 4129 1519 4172 non
1559 4129 1781 4190 negare
1814 4112 2047 4174 Nomen
2082 4132 2297 4188 meum,

190 4215 348 4290 quod
394 4217 476 4275 sit
519 4231 848 4294 agnoscere
897 4215 1180 4276 Divinum
1214 4215 1458 4274 Domini
1508 4216 1569 4274 in
1611 4213 1890 4275 Humano
1942 4214 2177 4292 Ipsius,
2224 4215 2299 4276 de
