2700 4792
411 383 523 439 114
857 369 1346 426 APOCALYPSIS
1392 370 1825 430 EXPLICATA.
1908 369 1957 440 ς.
2002 381 2093 433 97.

413 529 616 609 Opere
653 531 730 592 de
767 528 976 592 Conco
1015 547 1096 590 ιτ
1139 529 1445 604 larnano,
1486 547 1559 588 n:
1616 531 1775 589 123.
1824 533 1983 590 124.
2066 529 2241 607 Quod
2286 548 2513 608 propa-

413 633 576 710 gatio
611 631 766 691 lucis
803 631 984 701 coeli,
1039 647 1188 707 quae
1229 638 1321 690 est
1355 631 1643 690 Divinum
1678 629 1908 689 Verum
1950 631 2284 708 procedens
2322 649 2359 689 a
2384 633 2520 692 Do-

413 733 605 802 mino,
659 749 734 792 ex
775 749 892 808 quo
931 731 1328 808 intelligentia
1366 737 1427 790 et
1468 732 1767 808 sapientia
1814 731 2073 808 angelis,
2128 731 2233 790 fiat
2274 749 2517 810 quoque

415 849 454 892 a
495 831 690 893 medio
731 833 792 890 in
829 831 964 892 illos
1001 833 1104 913 qui
1140 833 1363 892 circum
1400 833 1561 891 circa
1596 837 1764 904 sunt,
1824 831 2045 890 ibidem
2096 849 2166 890 n:
2225 834 2339 890 43.
2402 835 2515 892 50.

423 937 580 994 189.
661 931 840 1009 Quod
875 932 1180 992 ambulare
1225 921 1519 1008 signfficet
1552 935 1786 1006 vivere,
1852 937 1913 992 et
1950 949 2087 991 cum
2124 932 2197 992 de
2234 932 2517 1008 Domino,

413 1038 608 1112 ipsam
657 1035 873 1106 vitam,
945 1039 1039 1092 est
1099 1049 1174 1090 ox
1229 1033 1605 1108 apparentiis
1660 1035 1721 1090 in
1771 1031 1995 1091 Mundo
2047 1032 2383 1108 spirituali,
2440 1033 2522 1093 ibi

416 1151 622 1195 omnes
667 1130 974 1192 ambulant
1018 1132 1344 1193 secundum
1396 1149 1569 1190 suam
1622 1134 1835 1206 vitam,
1890 1131 2031 1192 mali
2066 1149 2186 1192 non
2220 1133 2359 1190 aliis
2402 1135 2517 1196 viis

417 1253 592 1314 quam
633 1251 788 1316 quac
832 1232 1057 1293 ducunt
1105 1233 1182 1290 ad
1235 1233 1559 1306 infernum,
1610 1232 1751 1292 boni
1806 1239 2007 1291 autem
2054 1250 2173 1292 non
2222 1233 2357 1292 aliis
2402 1237 2517 1293 viis

417 1353 592 1412 quam
633 1351 786 1410 quae
825 1333 1048 1393 ducunt
1082 1333 1158 1391 ad
1196 1331 1717 1424 Coelum;·quare
1766 1339 2208 1410 cognoscuntur
2254 1333 2341 1391 ibi
2380 1351 2517 1394 om-

413 1453 524 1496 nes
567 1435 810 1511 spiritus
863 1451 934 1494 ex
973 1435 1083 1492 viis
1123 1449 1273 1510 quas
1311 1432 1647 1508 ambulant3
1704 1439 1998 1510 apparent
2042 1435 2223 1493 etiam
2260 1435 2518 1493 actuali-

255 1547 374 1608 [82]
415 1545 508 1597 ter
539 1539 704 1608 viae,
761 1541 824 1592 at
861 1533 1034 1592 malis
1081 1551 1198 1592 non
1233 1534 1348 1591 nisi
1384 1549 1559 1608 quam
1596 1535 1730 1593 viae
1768 1533 1843 1591 ad
1878 1533 2201 1605 infernum,
2236 1551 2309 1593 ac
2344 1535 2516 1594 bonis

415 1655 534 1695 non
577 1637 691 1693 nisi
727 1649 904 1716 quam
941 1635 1074 1712 viae
1123 1633 1200 1692 ad
1256 1632 1536 1706 Coelum,
1592 1633 1728 1692 inde
1781 1639 1875 1692 eet
1920 1634 2080 1709 quod
2134 1637 2388 1711 quisque
2440 1635 2515 1694 ad

417 1753 589 1794 suam
634 1737 980 1793 sociotatem
1026 1735 1278 1808 seratur3
1335 1749 1410 1792 ex
1454 1733 1569 1793 ho'e
1606 1739 1730 1803 est,
1784 1733 1941 1808 quod
1978 1733 2287 1793 ambulare
2322 1737 2513 1812 signi-

417 1835 556 1894 ficet
601 1837 834 1894 vivere:
891 1835 964 1893 de
1012 1834 1106 1892 his
1152 1835 1264 1892 viis
1315 1840 1377 1892 et
1427 1833 1503 1892 de
1540 1833 2041 1893 ambulationibus
2096 1851 2281 1911 super
2327 1837 2401 1894 iis
2452 1838 2511 1894 in

415 1934 638 1995 Mundo
699 1933 995 2011 spirituali
1053 1933 1370 1992 videantur
1416 1949 1570 2009 quae
1633 1937 1693 1992 in
1756 1932 1958 2010 Opere
2008 1933 2083 1993 de
2166 1934 2371 1994 Coum
2433 1954 2511 1994 m·

415 2036 726 2110 Inrnnno,
782 2053 849 2092 n:
903 2037 1059 2093 195.
1103 2035 1265 2092 479.
1308 2035 1469 2092 534.
1520 2035 1676 2106 590,
1735 2037 1889 2093 etin
1918 2032 2228 2110 Opusculo
2270 2035 2347 2094 de
2382 2035 2508 2096 Ut.-

417 2155 564 2195 rmo
616 2135 863 2195 «lumem
915 2153 985 2216 n:
1049 2137 1138 2191 48
1199 2139 1443 2192 ostensa
1498 2140 1654 2192 sunt.
1772 2133 1947 2210 Quod
1994 2136 2053 2192 in
2108 2134 2312 2194 Verbo
2356 2135 2505 2194 Viae

416 2235 751 2311 significent
775 2251 920 2292 vcra
955 2241 1060 2292 aut
1095 2233 1280 2306 falsa,
1322 2240 1382 2292 et
1418 2234 1575 2309 quod
1610 2234 1917 2294 ambulare
1954 2233 2251 2310 algnificet
2282 2238 2501 2310 vivere,

416 2341 694 2394 constare
729 2340 931 2411 potest
970 2351 1008 2392 a
1055 2331 1326 2410 pluribus
1371 2334 1520 2392 locis
1560 2333 1679 2410 ibi3
1730 2335 1828 2392 hic
1876 2334 2051 2393 modo
2110 2334 2310 2411 aliqua
2361 2352 2502 2394 con-

415 2435 762 2494 firmationis
815 2451 1002 2495 causa
1044 2434 1224 2492 velim
1286 2433 1617 2494 adducere:
1672 2433 1835 2511 apud
1882 2435 2126 2512 Esajam
2189 2433 2507 2510 „Jehovae

404 2533 833 2615 peccavimus,
883 2553 992 2596 nec
1019 2531 1350 2594 voluer-unt
1382 2533 1453 2594 in
1501 2532 1644 2595 Viie
1677 2533 1903 2613 Ipsius
1928 2533 2281 2610 ambulare,
2316 2553 2501 2614 mqm

413 2635 795 2697 audiverunt
852 2634 1050 2716 leyem
1100 2633 1373 2713 Ipsius“
1427 2634 1633 2694 XLII:
1677 2639 1787 2693 24.
1878 2634 2061 2710 Apud
2109 2635 2321 2695 Mosen
2384 2633 2504 2710 „Si

413 2735 887 2798 eustodiveritia
921 2739 1262 2816 praecepta
1298 2733 1575 2796 amando
1615 2733 1921 2794 Jehovam
1958 2734 2174 2796 Deum
2208 2741 2499 2808 vestrum,

413 2833 796 2896 ambulando
831 2838 902 2896 in
937 2835 1224 2896 omnibus
1261 2834 1389 2894 viia
1425 2833 1699 2913 Ipsiue“
1737 2835 1929 2892 Deut:
1968 2835 2093 2894 XI:
2134 2839 2247 2895 22.
2322 2835 2499 2912 Apud

410 2935 684 2993 Eundem
739 2935 1122 3010 „Custodiee
1181 2953 1359 2995 omne
1392 2940 1799 3013 praeceptum
1852 2933 1967 2994 hoc
2008 2936 2100 2995 ad
2128 2936 2501 3015 faciendum

412 3030 613 3103 illud,
671 3037 945 3098 amando
995 3035 1302 3096 Jehovam
1354 3034 1575 3096 Deum
1624 3039 1835 3110 tuum,
1900 3041 1961 3095 et
2004 3030 2399 3099 ambulando
2436 3035 2499 3096 in

427 3131 570 3195 Vie'a
596 3132 819 3214 Ipsius
855 3136 1142 3197 omnibus
1168 3134 1434 3196 diebua“
1474 3136 1665 3194 Deut:
1702 3135 1890 3194 XIX:
1928 3140 1987 3195 9.
2044 3137 2211 3214 Cap:
2248 3135 2493 3196 XXVI:

419 3238 528 3294 17.
601 3237 782 3312 Apud
821 3237 1091 3296 Eundem
1145 3233 1387 3310 „Dabo
1420 3231 1889 3296 Habitat-ulum
1924 3255 2130 3297 meum
2174 3236 2245 3297 in
2296 3235 2496 3297 medio

409 3353 648 3411 eorum,
725 3344 784 3396 et
848 3353 1173 3395 Amnumao
1230 3355 1294 3394 lN
1349 3353 1541 3394 lun-mo
1590 3353 1840 3410 vesu-m,
1921 3341 1983 3396 et
2042 3355 2146 3398 ero
2196 3337 2373 3398 vobis
2434 3335 2497 3396 in

405 3434 671 3497 Deum“
728 3438 932 3496 Levit:
978 3434 1222 3494 XXVI:
1270 3439 1296 3493 1
1322 3439 1381 3494 1.
1430 3438 1537 3494 12.
1618 3435 1802 3512 Apud
1838 3436 2111 3497 Eundem
2170 3433 2497 3512 „Jehovah

403 3534 594 3597 Deua
642 3542 793 3596 tuus
853 3553 1177 3594 Amnum
1239 3554 1303 3594 m
1354 3553 1547 3594 memo
1602 3540 1959 3598 castrorum
2002 3543 2388 3611 ‘neam-orum,
2442 3539 2496 3595 et

401 3635 546 3696 ideo
586 3641 804 3696 castra
838 3639 1047 3693 vestra
1081 3639 1304 3694 sancta
1341 3637 1571 3695 erunffl
1608 3636 1800 3694 Deut:
1837 3637 2085 3698 XXIII:
2144 3641 2173 3698 1
2194 3639 2253 3698 5.
2320 3634 2494 3712 Apud

399 3737 542 3813 Esaj
551 3753 646 3793 am
710 3731 1038 3807 „Jehovah
1101 3735 1456 3808 recordare,
1536 3734 1703 3814 quod
1764 3734 2225 3799 ambulaverim
2288 3752 2493 3798 coram

405 3833 498 3894 Te
543 3833 614 3893 in
665 3832 972 3893 veritate“
1025 3835 1400 3895 XXXVIII:
1470 3837 1531 3893 3.
1628 3835 1811 3912 Apud
1856 3837 2129 3897 Eundem
2185 3836 2491 3913 „Intravi-5

388 3949 647 4011 pam,
697 3931 1028 3996 ambulans
1079 3935 1149 3995 in
1183 3933 1608 3996 rectitudine“
1662 3935 1869 3996 LVII:
1926 3941 1987 3996 2.
2082 3938 2266 4014 Apud
2300 3936 2487 3996 Mala-

399 4031 594 4090 chiam
653 4032 777 4108 „In
802 4055 962 4115 paee
995 4043 1055 4096 et
1098 4036 1170 4096 in
1215 4033 1595 4095 rectitudine
1640 4033 1997 4097 anibulam't
2039 4036 2339 4098 Mecum“
2398 4035 2487 4094 II:

403 4134 464 4190 6.
535 4133 714 4210 Apud
759 4135 1054 4196 Davidem
1109 4133 1483 4211 „Liberastz‘
1516 4133 1714 4213 pedes
1752 4155 1919 4196 meos
1974 4138 2052 4197 ab
2089 4134 2481 4216 impulsione,

394 4231 486 4292 ad
531 4233 986 4322 ambulandum
1035 4255 1247 4300 coram
1301 4234 1445 4295 Deo
1497 4235 1567 4294 in
1622 4231 1757 4296 luce
1792 4236 2185 4298 viventium“
2254 4237 2485 4297 Psalm:

537 4553 570 4586 b

2661 510 2679 572 —1
