<?xml version="1.0" encoding="UTF-8"?>
<!DOCTYPE html PUBLIC "-//W3C//DTD XHTML 1.0 Transitional//EN"
    "http://www.w3.org/TR/xhtml1/DTD/xhtml1-transitional.dtd">
<html xmlns="http://www.w3.org/1999/xhtml" xml:lang="en" lang="en">
 <head>
  <title>
</title>
<meta http-equiv="Content-Type" content="text/html;charset=utf-8" />
  <meta name='ocr-system' content='tesseract 3.04.00' />
  <meta name='ocr-capabilities' content='ocr_page ocr_carea ocr_par ocr_line ocrx_word'/>
</head>
<body>
  <div class='ocr_page' id='page_1' title='image "./apocalypsisexpl01unkngoog_0251.png"; bbox 0 0 2700 4792; ppageno 0'>
   <div class='ocr_carea' id='block_1_1' title="bbox 413 307 2362 378">
    <p class='ocr_par' dir='ltr' id='par_1_1' title="bbox 413 307 2362 378">
     <span class='ocr_line' id='line_1_1' title="bbox 413 307 2362 378; baseline 0.006 -12"><span class='ocrx_word' id='word_1_1' title='bbox 413 309 652 366; x_wconf 73' lang='lat' dir='ltr'><strong>CAPUT</strong></span> <span class='ocrx_word' id='word_1_2' title='bbox 689 307 1098 369; x_wconf 76' lang='lat' dir='ltr'><strong>SECUNDUM.</strong></span> <span class='ocrx_word' id='word_1_3' title='bbox 1750 309 1960 366; x_wconf 54' lang='lat' dir='ltr'><strong>VEB&amp;</strong></span> <span class='ocrx_word' id='word_1_4' title='bbox 2003 320 2095 373; x_wconf 76' lang='lat'><strong>27.</strong></span> <span class='ocrx_word' id='word_1_5' title='bbox 2254 324 2362 378; x_wconf 80' lang='lat'><strong>247</strong></span> 
     </span>
    </p>
   </div>
   <div class='ocr_carea' id='block_1_2' title="bbox 218 467 2547 4252">
    <p class='ocr_par' dir='ltr' id='par_1_2' title="bbox 218 467 2547 4252">
     <span class='ocr_line' id='line_1_2' title="bbox 249 467 2363 550; baseline 0 -17"><span class='ocrx_word' id='word_1_6' title='bbox 249 476 410 533; x_wconf 69' lang='lat' dir='ltr'><strong>testa</strong></span> <span class='ocrx_word' id='word_1_7' title='bbox 445 467 538 530; x_wconf 83' lang='lat' dir='ltr'><strong>ad</strong></span> <span class='ocrx_word' id='word_1_8' title='bbox 572 469 1010 550; x_wconf 55' lang='lat' dir='ltr'><strong>accepieudum</strong></span> <span class='ocrx_word' id='word_1_9' title='bbox 1047 469 1260 550; x_wconf 62' lang='lat' dir='ltr'><strong>ignem</strong></span> <span class='ocrx_word' id='word_1_10' title='bbox 1299 468 1378 530; x_wconf 77' lang='lat' dir='ltr'><strong>de</strong></span> <span class='ocrx_word' id='word_1_11' title='bbox 1408 469 1559 550; x_wconf 81' lang='lat' dir='ltr'><strong>foco</strong></span> <span class='ocrx_word' id='word_1_12' title='bbox 1574 509 1593 546; x_wconf 62' lang='lat'><em>9</em></span> <span class='ocrx_word' id='word_1_13' title='bbox 1650 475 1768 532; x_wconf 79' lang='lat' dir='ltr'><strong>aut</strong></span> <span class='ocrx_word' id='word_1_14' title='bbox 1806 469 1899 532; x_wconf 83' lang='lat' dir='ltr'><strong>ad</strong></span> <span class='ocrx_word' id='word_1_15' title='bbox 1936 469 2363 536; x_wconf 52' lang='lat' dir='ltr'><strong>hauriendum</strong></span> 
     </span>
     <span class='ocr_line' id='line_1_3' title="bbox 249 569 2362 652; baseline 0 -20"><span class='ocrx_word' id='word_1_16' title='bbox 249 591 452 652; x_wconf 72' lang='lat' dir='ltr'><strong>aquas</strong></span> <span class='ocrx_word' id='word_1_17' title='bbox 485 589 520 629; x_wconf 87' lang='lat' dir='ltr'><strong>e</strong></span> <span class='ocrx_word' id='word_1_18' title='bbox 549 571 793 650; x_wconf 80' lang='lat' dir='ltr'><strong>sovea“</strong></span> <span class='ocrx_word' id='word_1_19' title='bbox 838 569 1060 630; x_wconf 88' lang='lat' dir='ltr'>XXX:</span> <span class='ocrx_word' id='word_1_20' title='bbox 1105 573 1216 630; x_wconf 89' lang='grc'><strong>10.</strong></span> <span class='ocrx_word' id='word_1_21' title='bbox 1261 574 1369 631; x_wconf 95' lang='grc'><strong>11.</strong></span> <span class='ocrx_word' id='word_1_22' title='bbox 1408 574 1525 645; x_wconf 86' lang='lat'><strong>143</strong></span> <span class='ocrx_word' id='word_1_23' title='bbox 1578 571 1737 648; x_wconf 88' lang='lat' dir='ltr'><strong>quod</strong></span> <span class='ocrx_word' id='word_1_24' title='bbox 1770 589 1837 630; x_wconf 89' lang='lat' dir='ltr'><strong>se</strong></span> <span class='ocrx_word' id='word_1_25' title='bbox 1873 588 2121 649; x_wconf 86' lang='lat' dir='ltr'><strong>prorsus</strong></span> <span class='ocrx_word' id='word_1_26' title='bbox 2158 573 2362 651; x_wconf 88' lang='lat' dir='ltr'><strong>depri-</strong></span> 
     </span>
     <span class='ocr_line' id='line_1_4' title="bbox 247 669 2363 750; baseline 0.001 -19"><span class='ocrx_word' id='word_1_27' title='bbox 247 673 525 733; x_wconf 82' lang='lat' dir='ltr'><strong>vaverint</strong></span> <span class='ocrx_word' id='word_1_28' title='bbox 573 673 762 745; x_wconf 81' lang='lat' dir='ltr'><strong>veris,</strong></span> <span class='ocrx_word' id='word_1_29' title='bbox 829 677 890 730; x_wconf 86' lang='lat' dir='ltr'><strong>et</strong></span> <span class='ocrx_word' id='word_1_30' title='bbox 945 673 1346 731; x_wconf 81' lang='lat' dir='ltr'><strong>immerserint</strong></span> <span class='ocrx_word' id='word_1_31' title='bbox 1387 669 1582 741; x_wconf 77' lang='lat' dir='ltr'><strong>falsiS,</strong></span> <span class='ocrx_word' id='word_1_32' title='bbox 1640 670 1995 732; x_wconf 80' lang='lat' dir='ltr'><strong>describitur</strong></span> <span class='ocrx_word' id='word_1_33' title='bbox 2042 690 2155 750; x_wconf 93' lang='lat' dir='ltr'><strong>per</strong></span> <span class='ocrx_word' id='word_1_34' title='bbox 2202 673 2363 750; x_wconf 85' lang='lat' dir='ltr'><strong>quod</strong></span> 
     </span>
     <span class='ocr_line' id='line_1_5' title="bbox 251 770 2358 841; baseline 0.002 -11"><span class='ocrx_word' id='word_1_35' title='bbox 251 771 520 832; x_wconf 87' lang='lat' dir='ltr'><strong>dicerent</strong></span> <span class='ocrx_word' id='word_1_36' title='bbox 566 770 907 831; x_wconf 86' lang='lat' dir='ltr'><strong>videntibus</strong></span> <span class='ocrx_word' id='word_1_37' title='bbox 955 788 1032 831; x_wconf 90' lang='lat' dir='ltr'><strong>ne</strong></span> <span class='ocrx_word' id='word_1_38' title='bbox 1081 770 1370 841; x_wconf 81' lang='lat' dir='ltr'><strong>videatis,</strong></span> <span class='ocrx_word' id='word_1_39' title='bbox 1430 776 1491 830; x_wconf 89' lang='lat' dir='ltr'><strong>et</strong></span> <span class='ocrx_word' id='word_1_40' title='bbox 1539 771 1827 832; x_wconf 82' lang='lat' dir='ltr'><strong>visionem</strong></span> <span class='ocrx_word' id='word_1_41' title='bbox 1874 771 2231 833; x_wconf 82' lang='lat' dir='ltr'><strong>habentibus</strong></span> <span class='ocrx_word' id='word_1_42' title='bbox 2280 791 2358 834; x_wconf 87' lang='lat' dir='ltr'><strong>ne</strong></span> 
     </span>
     <span class='ocr_line' id='line_1_6' title="bbox 249 869 2359 946; baseline 0 -15"><span class='ocrx_word' id='word_1_43' title='bbox 249 871 506 932; x_wconf 81' lang='lat' dir='ltr'><strong>videatis</strong></span> <span class='ocrx_word' id='word_1_44' title='bbox 553 871 724 930; x_wconf 89' lang='lat' dir='ltr'><strong>nobis</strong></span> <span class='ocrx_word' id='word_1_45' title='bbox 769 877 966 939; x_wconf 85' lang='lat' dir='ltr'><strong>recta,</strong></span> <span class='ocrx_word' id='word_1_46' title='bbox 1023 871 1335 946; x_wconf 86' lang='lat' dir='ltr'><strong>loquimini</strong></span> <span class='ocrx_word' id='word_1_47' title='bbox 1378 869 1725 944; x_wconf 74' lang='lat' dir='ltr'><strong>blanditias,</strong></span> <span class='ocrx_word' id='word_1_48' title='bbox 1786 872 1987 931; x_wconf 87' lang='lat' dir='ltr'><strong>videte</strong></span> <span class='ocrx_word' id='word_1_49' title='bbox 2028 873 2359 943; x_wconf 81' lang='lat' dir='ltr'><strong>illusiones,</strong></span> 
     </span>
     <span class='ocr_line' id='line_1_7' title="bbox 251 971 2359 1048; baseline 0 -18"><span class='ocrx_word' id='word_1_50' title='bbox 251 971 516 1032; x_wconf 82' lang='lat' dir='ltr'><strong>recedite</strong></span> <span class='ocrx_word' id='word_1_51' title='bbox 558 989 597 1031; x_wconf 85' lang='lat' dir='ltr'><strong>a</strong></span> <span class='ocrx_word' id='word_1_52' title='bbox 632 974 760 1048; x_wconf 84' lang='lat' dir='ltr'><strong>via3</strong></span> <span class='ocrx_word' id='word_1_53' title='bbox 814 971 974 1047; x_wconf 90' lang='lat' dir='ltr'><strong>quod</strong></span> <span class='ocrx_word' id='word_1_54' title='bbox 1007 974 1092 1030; x_wconf 83' lang='lat' dir='ltr'><strong>ita</strong></span> <span class='ocrx_word' id='word_1_55' title='bbox 1127 972 1295 1032; x_wconf 85' lang='lat' dir='ltr'><strong>falsis</strong></span> <span class='ocrx_word' id='word_1_56' title='bbox 1348 988 1416 1031; x_wconf 91' lang='lat' dir='ltr'><strong>se</strong></span> <span class='ocrx_word' id='word_1_57' title='bbox 1462 972 1887 1046; x_wconf 86' lang='lat' dir='ltr'><strong>immerserint,</strong></span> <span class='ocrx_word' id='word_1_58' title='bbox 1944 977 2011 1030; x_wconf 87' lang='lat' dir='ltr'><strong>ut</strong></span> <span class='ocrx_word' id='word_1_59' title='bbox 2048 971 2193 1031; x_wconf 86' lang='lat' dir='ltr'><strong>nihil</strong></span> <span class='ocrx_word' id='word_1_60' title='bbox 2229 977 2359 1032; x_wconf 87' lang='lat' dir='ltr'><strong>veri</strong></span> 
     </span>
     <span class='ocr_line' id='line_1_8' title="bbox 247 1071 2359 1148; baseline 0 -17"><span class='ocrx_word' id='word_1_61' title='bbox 247 1075 603 1141; x_wconf 84' lang='lat' dir='ltr'><strong>interesset,</strong></span> <span class='ocrx_word' id='word_1_62' title='bbox 650 1071 1006 1130; x_wconf 85' lang='lat' dir='ltr'><strong>describitur</strong></span> <span class='ocrx_word' id='word_1_63' title='bbox 1039 1089 1150 1148; x_wconf 90' lang='lat' dir='ltr'><strong>per</strong></span> <span class='ocrx_word' id='word_1_64' title='bbox 1192 1073 1517 1132; x_wconf 86' lang='lat' dir='ltr'><strong>fracturam</strong></span> <span class='ocrx_word' id='word_1_65' title='bbox 1552 1073 1701 1130; x_wconf 82' lang='lat' dir='ltr'><strong>utris</strong></span> <span class='ocrx_word' id='word_1_66' title='bbox 1749 1071 2094 1148; x_wconf 86' lang='lat' dir='ltr'><strong>figulorum,</strong></span> <span class='ocrx_word' id='word_1_67' title='bbox 2140 1079 2208 1131; x_wconf 90' lang='lat' dir='ltr'><strong>ut</strong></span> <span class='ocrx_word' id='word_1_68' title='bbox 2240 1091 2359 1131; x_wconf 92' lang='lat' dir='ltr'><strong>non</strong></span> 
     </span>
     <span class='ocr_line' id='line_1_9' title="bbox 244 1155 2353 1248; baseline 0 -18"><span class='ocrx_word' id='word_1_69' title='bbox 244 1174 623 1232; x_wconf 82' lang='lat' dir='ltr'><strong>inveniretur</strong></span> <span class='ocrx_word' id='word_1_70' title='bbox 657 1175 720 1231; x_wconf 90' lang='lat' dir='ltr'><strong>in</strong></span> <span class='ocrx_word' id='word_1_71' title='bbox 756 1172 1086 1246; x_wconf 82' lang='lat' dir='ltr'><strong>fragmento</strong></span> <span class='ocrx_word' id='word_1_72' title='bbox 1117 1155 1274 1230; x_wconf 70' lang='lat' dir='ltr'><strong>testa</strong></span> <span class='ocrx_word' id='word_1_73' title='bbox 1312 1173 1390 1230; x_wconf 91' lang='lat' dir='ltr'><strong>ad</strong></span> <span class='ocrx_word' id='word_1_74' title='bbox 1426 1171 1839 1246; x_wconf 83' lang='lat' dir='ltr'><strong>accipiendum</strong></span> <span class='ocrx_word' id='word_1_75' title='bbox 1878 1173 2073 1248; x_wconf 84' lang='lat' dir='ltr'><strong>ignem</strong></span> <span class='ocrx_word' id='word_1_76' title='bbox 2102 1173 2175 1232; x_wconf 90' lang='lat' dir='ltr'><strong>de</strong></span> <span class='ocrx_word' id='word_1_77' title='bbox 2204 1173 2353 1248; x_wconf 78' lang='lat' dir='ltr'><strong>foco,</strong></span> 
     </span>
     <span class='ocr_line' id='line_1_10' title="bbox 247 1271 2357 1350; baseline -0 -19"><span class='ocrx_word' id='word_1_78' title='bbox 247 1279 354 1331; x_wconf 81' lang='lat' dir='ltr'><strong>aut</strong></span> <span class='ocrx_word' id='word_1_79' title='bbox 390 1271 470 1329; x_wconf 83' lang='lat' dir='ltr'><strong>ad</strong></span> <span class='ocrx_word' id='word_1_80' title='bbox 502 1271 896 1331; x_wconf 85' lang='lat' dir='ltr'><strong>hauriendum</strong></span> <span class='ocrx_word' id='word_1_81' title='bbox 935 1288 1126 1347; x_wconf 85' lang='lat' dir='ltr'><strong>aquas</strong></span> <span class='ocrx_word' id='word_1_82' title='bbox 1156 1289 1188 1331; x_wconf 90' lang='lat' dir='ltr'><strong>e</strong></span> <span class='ocrx_word' id='word_1_83' title='bbox 1215 1273 1423 1346; x_wconf 77' lang='lat' dir='ltr'><strong>fovea,</strong></span> <span class='ocrx_word' id='word_1_84' title='bbox 1475 1289 1587 1348; x_wconf 90' lang='lat' dir='ltr'><strong>per</strong></span> <span class='ocrx_word' id='word_1_85' title='bbox 1614 1289 1767 1346; x_wconf 86' lang='lat' dir='ltr'><strong>quae</strong></span> <span class='ocrx_word' id='word_1_86' title='bbox 1804 1271 2171 1348; x_wconf 82' lang='lat' dir='ltr'><strong>significatur</strong></span> <span class='ocrx_word' id='word_1_87' title='bbox 2197 1273 2357 1350; x_wconf 87' lang='lat' dir='ltr'><strong>quod</strong></span> 
     </span>
     <span class='ocr_line' id='line_1_11' title="bbox 241 1366 2358 1450; baseline -0.001 -18"><span class='ocrx_word' id='word_1_88' title='bbox 241 1389 362 1432; x_wconf 86' lang='lat' dir='ltr'><strong>non</strong></span> <span class='ocrx_word' id='word_1_89' title='bbox 403 1366 760 1448; x_wconf 82' lang='lat' dir='ltr'><strong>superesset</strong></span> <span class='ocrx_word' id='word_1_90' title='bbox 799 1378 1030 1430; x_wconf 86' lang='lat' dir='ltr'><strong>tantum</strong></span> <span class='ocrx_word' id='word_1_91' title='bbox 1063 1375 1223 1447; x_wconf 86' lang='lat' dir='ltr'><strong>veri,</strong></span> <span class='ocrx_word' id='word_1_92' title='bbox 1274 1378 1342 1430; x_wconf 90' lang='lat' dir='ltr'><strong>ut</strong></span> <span class='ocrx_word' id='word_1_93' title='bbox 1377 1373 1769 1450; x_wconf 86' lang='lat' dir='ltr'><strong>appercipere</strong></span> <span class='ocrx_word' id='word_1_94' title='bbox 1813 1379 2065 1448; x_wconf 85' lang='lat' dir='ltr'><strong>possent</strong></span> <span class='ocrx_word' id='word_1_95' title='bbox 2115 1372 2358 1448; x_wconf 81' lang='lat' dir='ltr'><strong>aliquod</strong></span> 
     </span>
     <span class='ocr_line' id='line_1_12' title="bbox 240 1471 2355 1548; baseline -0 -17"><span class='ocrx_word' id='word_1_96' title='bbox 240 1472 468 1531; x_wconf 89' lang='lat' dir='ltr'><strong>bonum</strong></span> <span class='ocrx_word' id='word_1_97' title='bbox 511 1478 570 1531; x_wconf 87' lang='lat' dir='ltr'><strong>et</strong></span> <span class='ocrx_word' id='word_1_98' title='bbox 613 1489 826 1530; x_wconf 85' lang='lat' dir='ltr'><strong>verum</strong></span> <span class='ocrx_word' id='word_1_99' title='bbox 873 1488 948 1530; x_wconf 85' lang='lat' dir='ltr'><strong>ex</strong></span> <span class='ocrx_word' id='word_1_100' title='bbox 992 1471 1221 1547; x_wconf 91' lang='lat' dir='ltr'><strong>Verbo,</strong></span> <span class='ocrx_word' id='word_1_101' title='bbox 1277 1474 1431 1548; x_wconf 88' lang='lat' dir='ltr'><strong>ignis</strong></span> <span class='ocrx_word' id='word_1_102' title='bbox 1481 1473 1635 1532; x_wconf 86' lang='lat' dir='ltr'><strong>enim</strong></span> <span class='ocrx_word' id='word_1_103' title='bbox 1689 1473 1984 1548; x_wconf 85' lang='lat' dir='ltr'><strong>significat</strong></span> <span class='ocrx_word' id='word_1_104' title='bbox 2020 1471 2242 1531; x_wconf 89' lang='lat' dir='ltr'><strong>bonum</strong></span> <span class='ocrx_word' id='word_1_105' title='bbox 2296 1479 2355 1533; x_wconf 87' lang='lat' dir='ltr'><strong>et</strong></span> 
     </span>
     <span class='ocr_line' id='line_1_13' title="bbox 239 1571 2352 1650; baseline 0 -20"><span class='ocrx_word' id='word_1_106' title='bbox 239 1589 442 1648; x_wconf 83' lang='lat' dir='ltr'><strong>aquae</strong></span> <span class='ocrx_word' id='word_1_107' title='bbox 474 1589 731 1650; x_wconf 52' lang='lat' dir='ltr'><strong>rerum,</strong></span> <span class='ocrx_word' id='word_1_108' title='bbox 794 1573 962 1631; x_wconf 83' lang='lat' dir='ltr'><strong>focus</strong></span> <span class='ocrx_word' id='word_1_109' title='bbox 1005 1571 1272 1633; x_wconf 88' lang='lat' dir='ltr'><strong>Verbum</strong></span> <span class='ocrx_word' id='word_1_110' title='bbox 1323 1573 1525 1648; x_wconf 84' lang='lat' dir='ltr'><strong>quoad</strong></span> <span class='ocrx_word' id='word_1_111' title='bbox 1583 1572 1833 1643; x_wconf 89' lang='lat' dir='ltr'><strong>bonum,</strong></span> <span class='ocrx_word' id='word_1_112' title='bbox 1886 1573 2065 1631; x_wconf 82' lang='lat' dir='ltr'><strong>fovea</strong></span> <span class='ocrx_word' id='word_1_113' title='bbox 2110 1578 2170 1632; x_wconf 87' lang='lat' dir='ltr'><strong>et</strong></span> <span class='ocrx_word' id='word_1_114' title='bbox 2220 1573 2352 1630; x_wconf 84' lang='lat' dir='ltr'><strong>fons</strong></span> 
     </span>
     <span class='ocr_line' id='line_1_14' title="bbox 239 1670 2353 1748; baseline 0 -17"><span class='ocrx_word' id='word_1_115' title='bbox 239 1673 514 1732; x_wconf 85' lang='lat' dir='ltr'><strong>Verbum</strong></span> <span class='ocrx_word' id='word_1_116' title='bbox 559 1673 760 1748; x_wconf 84' lang='lat' dir='ltr'><strong>quoad</strong></span> <span class='ocrx_word' id='word_1_117' title='bbox 801 1689 1026 1730; x_wconf 84' lang='lat' dir='ltr'><strong>verum.</strong></span> <span class='ocrx_word' id='word_1_118' title='bbox 1100 1673 1283 1748; x_wconf 88' lang='lat' dir='ltr'><strong>Apud</strong></span> <span class='ocrx_word' id='word_1_119' title='bbox 1317 1672 1361 1731; x_wconf 87' lang='lat' dir='ltr'>J</span> <span class='ocrx_word' id='word_1_120' title='bbox 1365 1675 1645 1733; x_wconf 82' lang='lat' dir='ltr'><strong>eremiam</strong></span> <span class='ocrx_word' id='word_1_121' title='bbox 1700 1670 2023 1746; x_wconf 80' lang='lat' dir='ltr'><strong>„Factum</strong></span> <span class='ocrx_word' id='word_1_122' title='bbox 2054 1677 2151 1732; x_wconf 73' lang='lat' dir='ltr'><strong>eet</strong></span> <span class='ocrx_word' id='word_1_123' title='bbox 2200 1670 2353 1732; x_wconf 70' lang='lat' dir='ltr'><strong>Ver-</strong></span> 
     </span>
     <span class='ocr_line' id='line_1_15' title="bbox 237 1768 2348 1852; baseline -0.001 -20"><span class='ocrx_word' id='word_1_124' title='bbox 237 1772 388 1832; x_wconf 84' lang='lat' dir='ltr'><strong>bum</strong></span> <span class='ocrx_word' id='word_1_125' title='bbox 437 1771 528 1832; x_wconf 84' lang='lat' dir='ltr'><strong>ad</strong></span> <span class='ocrx_word' id='word_1_126' title='bbox 573 1769 957 1843; x_wconf 77' lang='lat' dir='ltr'><strong>Jeremiam,·</strong></span> <span class='ocrx_word' id='word_1_127' title='bbox 999 1791 1192 1852; x_wconf 58' lang='lat' dir='ltr'><strong>surge</strong></span> <span class='ocrx_word' id='word_1_128' title='bbox 1229 1777 1290 1832; x_wconf 74' lang='lat' dir='ltr'><strong>et</strong></span> <span class='ocrx_word' id='word_1_129' title='bbox 1327 1771 1627 1833; x_wconf 71' lang='lat' dir='ltr'><strong>descende</strong></span> <span class='ocrx_word' id='word_1_130' title='bbox 1661 1771 1917 1834; x_wconf 88' lang='lat' dir='ltr'><strong>domum</strong></span> <span class='ocrx_word' id='word_1_131' title='bbox 1956 1768 2195 1852; x_wconf 71' lang='lat' dir='ltr'><strong>fiyuli:</strong></span> <span class='ocrx_word' id='word_1_132' title='bbox 2238 1772 2348 1832; x_wconf 80' lang='lat' dir='ltr'><strong>de-</strong></span> 
     </span>
     <span class='ocr_line' id='line_1_16' title="bbox 233 1869 2355 1952; baseline 0 -20"><span class='ocrx_word' id='word_1_133' title='bbox 233 1871 459 1933; x_wconf 66' lang='lat' dir='ltr'><strong>scendi</strong></span> <span class='ocrx_word' id='word_1_134' title='bbox 490 1872 706 1950; x_wconf 75' lang='lat' dir='ltr'><strong>itaque</strong></span> <span class='ocrx_word' id='word_1_135' title='bbox 737 1870 995 1934; x_wconf 85' lang='lat' dir='ltr'><strong>domum</strong></span> <span class='ocrx_word' id='word_1_136' title='bbox 1017 1869 1246 1952; x_wconf 62' lang='lat' dir='ltr'><strong>fiqub‘,</strong></span> <span class='ocrx_word' id='word_1_137' title='bbox 1288 1891 1431 1934; x_wconf 80' lang='lat' dir='ltr'><strong>oum</strong></span> <span class='ocrx_word' id='word_1_138' title='bbox 1468 1892 1596 1933; x_wconf 81' lang='lat' dir='ltr'><strong>ecce</strong></span> <span class='ocrx_word' id='word_1_139' title='bbox 1628 1869 1741 1932; x_wconf 75' lang='lat' dir='ltr'><strong>ille</strong></span> <span class='ocrx_word' id='word_1_140' title='bbox 1760 1873 1927 1952; x_wconf 76' lang='lat' dir='ltr'><strong>fecit</strong></span> <span class='ocrx_word' id='word_1_141' title='bbox 1966 1891 2123 1950; x_wconf 68' lang='lat' dir='ltr'><strong>opu-s</strong></span> <span class='ocrx_word' id='word_1_142' title='bbox 2162 1890 2355 1950; x_wconf 72' lang='lat' dir='ltr'><strong>super</strong></span> 
     </span>
     <span class='ocr_line' id='line_1_17' title="bbox 237 1970 2349 2052; baseline 0 -21"><span class='ocrx_word' id='word_1_143' title='bbox 237 1970 494 2046; x_wconf 76' lang='lat' dir='ltr'><strong>tabula,</strong></span> <span class='ocrx_word' id='word_1_144' title='bbox 531 1971 646 2032; x_wconf 70' lang='lat' dir='ltr'><strong>sed</strong></span> <span class='ocrx_word' id='word_1_145' title='bbox 681 1977 1047 2052; x_wconf 76' lang='lat' dir='ltr'><strong>corruptum</strong></span> <span class='ocrx_word' id='word_1_146' title='bbox 1083 1977 1179 2032; x_wconf 77' lang='lat' dir='ltr'><strong>est</strong></span> <span class='ocrx_word' id='word_1_147' title='bbox 1219 1991 1336 2032; x_wconf 76' lang='lat' dir='ltr'><strong>vas</strong></span> <span class='ocrx_word' id='word_1_148' title='bbox 1368 1973 1537 2051; x_wconf 76' lang='lat' dir='ltr'><strong>quod</strong></span> <span class='ocrx_word' id='word_1_149' title='bbox 1576 1970 1689 2033; x_wconf 75' lang='lat' dir='ltr'><strong>ille</strong></span> <span class='ocrx_word' id='word_1_150' title='bbox 1712 1973 2009 2052; x_wconf 70' lang='lat' dir='ltr'><strong>faciens:</strong></span> <span class='ocrx_word' id='word_1_151' title='bbox 2050 1977 2109 2032; x_wconf 76' lang='lat' dir='ltr'><strong>et</strong></span> <span class='ocrx_word' id='word_1_152' title='bbox 2140 1990 2349 2034; x_wconf 77' lang='lat' dir='ltr'><strong>rever·</strong></span> 
     </span>
     <span class='ocr_line' id='line_1_18' title="bbox 235 2069 2351 2153; baseline -0.002 -17"><span class='ocrx_word' id='word_1_153' title='bbox 235 2091 356 2137; x_wconf 67' lang='lat' dir='ltr'><strong>eus</strong></span> <span class='ocrx_word' id='word_1_154' title='bbox 409 2078 505 2133; x_wconf 74' lang='lat' dir='ltr'><strong>est</strong></span> <span class='ocrx_word' id='word_1_155' title='bbox 554 2079 616 2132; x_wconf 77' lang='lat' dir='ltr'><strong>et</strong></span> <span class='ocrx_word' id='word_1_156' title='bbox 653 2072 821 2153; x_wconf 75' lang='lat' dir='ltr'><strong>fecit</strong></span> <span class='ocrx_word' id='word_1_157' title='bbox 865 2069 1039 2133; x_wconf 72' lang='lat' dir='ltr'><strong>illud</strong></span> <span class='ocrx_word' id='word_1_158' title='bbox 1091 2091 1207 2133; x_wconf 70' lang='lat' dir='ltr'><strong>vae</strong></span> <span class='ocrx_word' id='word_1_159' title='bbox 1259 2070 1476 2147; x_wconf 78' lang='lat' dir='ltr'><strong>aliud,</strong></span> <span class='ocrx_word' id='word_1_160' title='bbox 1536 2071 2066 2152; x_wconf 75' lang='lat' dir='ltr'><strong>quemadmodum</strong></span> <span class='ocrx_word' id='word_1_161' title='bbox 2113 2078 2351 2133; x_wconf 80' lang='lat' dir='ltr'><strong>rectum</strong></span> 
     </span>
     <span class='ocr_line' id='line_1_19' title="bbox 232 2169 2350 2253; baseline -0.001 -19"><span class='ocrx_word' id='word_1_162' title='bbox 232 2173 371 2248; x_wconf 74' lang='lat' dir='ltr'><strong>fuit</strong></span> <span class='ocrx_word' id='word_1_163' title='bbox 423 2173 496 2234; x_wconf 76' lang='lat' dir='ltr'><strong>iu</strong></span> <span class='ocrx_word' id='word_1_164' title='bbox 545 2170 750 2233; x_wconf 72' lang='lat' dir='ltr'><strong>oculi-s·</strong></span> <span class='ocrx_word' id='word_1_165' title='bbox 797 2169 1002 2252; x_wconf 61' lang='lat' dir='ltr'><strong>figuli</strong></span> <span class='ocrx_word' id='word_1_166' title='bbox 1042 2174 1310 2253; x_wconf 54' lang='lat' dir='ltr'><strong>sacer-st</strong></span> <span class='ocrx_word' id='word_1_167' title='bbox 1374 2172 1621 2233; x_wconf 84' lang='lat' dir='ltr'>XVIII:</span> <span class='ocrx_word' id='word_1_168' title='bbox 1690 2178 1715 2232; x_wconf 89' lang='lat'>1</span> <span class='ocrx_word' id='word_1_169' title='bbox 1780 2173 1857 2232; x_wconf 80' lang='lat' dir='ltr'><strong>ad</strong></span> <span class='ocrx_word' id='word_1_170' title='bbox 1912 2177 1985 2246; x_wconf 82' lang='lat'><strong>43</strong></span> <span class='ocrx_word' id='word_1_171' title='bbox 2042 2190 2152 2248; x_wconf 91' lang='lat' dir='ltr'><strong>per</strong></span> <span class='ocrx_word' id='word_1_172' title='bbox 2199 2173 2350 2232; x_wconf 84' lang='lat' dir='ltr'><strong>haec</strong></span> 
     </span>
     <span class='ocr_line' id='line_1_20' title="bbox 237 2272 2353 2350; baseline -0.001 -18"><span class='ocrx_word' id='word_1_173' title='bbox 237 2276 420 2332; x_wconf 85' lang='lat' dir='ltr'><strong>etiam</strong></span> <span class='ocrx_word' id='word_1_174' title='bbox 473 2273 855 2350; x_wconf 85' lang='lat' dir='ltr'><strong>intelligitur,</strong></span> <span class='ocrx_word' id='word_1_175' title='bbox 915 2272 1071 2349; x_wconf 89' lang='lat' dir='ltr'><strong>quod</strong></span> <span class='ocrx_word' id='word_1_176' title='bbox 1129 2273 1290 2350; x_wconf 88' lang='lat' dir='ltr'><strong>apud</strong></span> <span class='ocrx_word' id='word_1_177' title='bbox 1333 2273 1587 2333; x_wconf 88' lang='lat' dir='ltr'><strong>Gentem</strong></span> <span class='ocrx_word' id='word_1_178' title='bbox 1642 2272 1963 2332; x_wconf 86' lang='lat' dir='ltr'><strong>Judaicam</strong></span> <span class='ocrx_word' id='word_1_179' title='bbox 2011 2289 2129 2331; x_wconf 86' lang='lat' dir='ltr'><strong>non</strong></span> <span class='ocrx_word' id='word_1_180' title='bbox 2189 2280 2353 2333; x_wconf 81' lang='lat' dir='ltr'><strong>esset</strong></span> 
     </span>
     <span class='ocr_line' id='line_1_21' title="bbox 231 2371 2347 2450; baseline -0.003 -18"><span class='ocrx_word' id='word_1_181' title='bbox 231 2375 358 2432; x_wconf 83' lang='lat' dir='ltr'><strong>nisi</strong></span> <span class='ocrx_word' id='word_1_182' title='bbox 394 2391 570 2450; x_wconf 86' lang='lat' dir='ltr'><strong>quam</strong></span> <span class='ocrx_word' id='word_1_183' title='bbox 615 2373 834 2432; x_wconf 84' lang='lat' dir='ltr'><strong>falsum</strong></span> <span class='ocrx_word' id='word_1_184' title='bbox 846 2393 862 2448; x_wconf 85' lang='lat'>3</span> <span class='ocrx_word' id='word_1_185' title='bbox 909 2389 1018 2432; x_wconf 85' lang='lat' dir='ltr'><strong>vas</strong></span> <span class='ocrx_word' id='word_1_186' title='bbox 1057 2380 1404 2448; x_wconf 87' lang='lat' dir='ltr'><strong>corruptum</strong></span> <span class='ocrx_word' id='word_1_187' title='bbox 1448 2375 1512 2431; x_wconf 89' lang='lat' dir='ltr'><strong>in</strong></span> <span class='ocrx_word' id='word_1_188' title='bbox 1552 2373 1727 2433; x_wconf 88' lang='lat' dir='ltr'><strong>domo</strong></span> <span class='ocrx_word' id='word_1_189' title='bbox 1774 2371 1942 2448; x_wconf 86' lang='lat' dir='ltr'><strong>figuli</strong></span> <span class='ocrx_word' id='word_1_190' title='bbox 1986 2377 2079 2430; x_wconf 89' lang='lat' dir='ltr'><strong>est</strong></span> <span class='ocrx_word' id='word_1_191' title='bbox 2121 2372 2186 2432; x_wconf 87' lang='lat' dir='ltr'><strong>id</strong></span> <span class='ocrx_word' id='word_1_192' title='bbox 2230 2371 2347 2430; x_wconf 54' lang='lat' dir='ltr'><strong>fal,-</strong></span> 
     </span>
     <span class='ocr_line' id='line_1_22' title="bbox 243 2472 2349 2550; baseline 0 -20"><span class='ocrx_word' id='word_1_193' title='bbox 243 2489 410 2540; x_wconf 81' lang='lat' dir='ltr'><strong>sum;</strong></span> <span class='ocrx_word' id='word_1_194' title='bbox 468 2473 674 2532; x_wconf 85' lang='lat' dir='ltr'><strong>domus</strong></span> <span class='ocrx_word' id='word_1_195' title='bbox 723 2473 890 2550; x_wconf 85' lang='lat' dir='ltr'><strong>figuli</strong></span> <span class='ocrx_word' id='word_1_196' title='bbox 938 2479 1031 2532; x_wconf 88' lang='lat' dir='ltr'><strong>est</strong></span> <span class='ocrx_word' id='word_1_197' title='bbox 1077 2473 1181 2531; x_wconf 90' lang='lat' dir='ltr'><strong>ubi</strong></span> <span class='ocrx_word' id='word_1_198' title='bbox 1223 2473 1338 2547; x_wconf 87' lang='lat' dir='ltr'><strong>illi3</strong></span> <span class='ocrx_word' id='word_1_199' title='bbox 1402 2473 1559 2548; x_wconf 89' lang='lat' dir='ltr'><strong>quod</strong></span> <span class='ocrx_word' id='word_1_200' title='bbox 1598 2472 1717 2532; x_wconf 87' lang='lat' dir='ltr'><strong>illis</strong></span> <span class='ocrx_word' id='word_1_201' title='bbox 1759 2473 2095 2531; x_wconf 83' lang='lat' dir='ltr'><strong>auferretur</strong></span> <span class='ocrx_word' id='word_1_202' title='bbox 2139 2488 2349 2530; x_wconf 87' lang='lat' dir='ltr'><strong>verum</strong></span> 
     </span>
     <span class='ocr_line' id='line_1_23' title="bbox 241 2570 2347 2648; baseline -0.001 -18"><span class='ocrx_word' id='word_1_203' title='bbox 241 2572 590 2642; x_wconf 80' lang='lat' dir='ltr'><strong>Ecclesiae,</strong></span> <span class='ocrx_word' id='word_1_204' title='bbox 649 2580 708 2631; x_wconf 88' lang='lat' dir='ltr'><strong>et</strong></span> <span class='ocrx_word' id='word_1_205' title='bbox 763 2574 1004 2632; x_wconf 87' lang='lat' dir='ltr'><strong>daretur</strong></span> <span class='ocrx_word' id='word_1_206' title='bbox 1061 2573 1221 2647; x_wconf 77' lang='lat' dir='ltr'><strong>aliiS,</strong></span> <span class='ocrx_word' id='word_1_207' title='bbox 1281 2573 1633 2648; x_wconf 79' lang='lat' dir='ltr'><strong>intelligitur</strong></span> <span class='ocrx_word' id='word_1_208' title='bbox 1684 2591 1795 2648; x_wconf 89' lang='lat' dir='ltr'><strong>per</strong></span> <span class='ocrx_word' id='word_1_209' title='bbox 1847 2570 2007 2647; x_wconf 86' lang='lat' dir='ltr'><strong>quod</strong></span> <span class='ocrx_word' id='word_1_210' title='bbox 2064 2577 2347 2630; x_wconf 84' lang='lat' dir='ltr'><strong>reversus</strong></span> 
     </span>
     <span class='ocr_line' id='line_1_24' title="bbox 233 2670 2347 2749; baseline -0.001 -19"><span class='ocrx_word' id='word_1_211' title='bbox 233 2671 460 2748; x_wconf 83' lang='lat' dir='ltr'><strong>figulus</strong></span> <span class='ocrx_word' id='word_1_212' title='bbox 512 2673 718 2732; x_wconf 81' lang='lat' dir='ltr'><strong>fecerit</strong></span> <span class='ocrx_word' id='word_1_213' title='bbox 765 2674 916 2732; x_wconf 86' lang='lat' dir='ltr'><strong>illud</strong></span> <span class='ocrx_word' id='word_1_214' title='bbox 947 2691 1056 2731; x_wconf 85' lang='lat' dir='ltr'><strong>vas</strong></span> <span class='ocrx_word' id='word_1_215' title='bbox 1099 2672 1264 2734; x_wconf 84' lang='lat' dir='ltr'><strong>aliud</strong></span> <span class='ocrx_word' id='word_1_216' title='bbox 1303 2671 1807 2749; x_wconf 87' lang='lat' dir='ltr'><strong>quemadmodum</strong></span> <span class='ocrx_word' id='word_1_217' title='bbox 1858 2677 2088 2730; x_wconf 86' lang='lat' dir='ltr'><strong>rectum</strong></span> <span class='ocrx_word' id='word_1_218' title='bbox 2133 2670 2241 2728; x_wconf 87' lang='lat' dir='ltr'><strong>fuit</strong></span> <span class='ocrx_word' id='word_1_219' title='bbox 2286 2673 2347 2728; x_wconf 87' lang='lat' dir='ltr'><strong>iu</strong></span> 
     </span>
     <span class='ocr_line' id='line_1_25' title="bbox 233 2758 2348 2850; baseline -0.003 -18"><span class='ocrx_word' id='word_1_220' title='bbox 233 2772 426 2832; x_wconf 88' lang='lat' dir='ltr'><strong>oculis</strong></span> <span class='ocrx_word' id='word_1_221' title='bbox 484 2775 634 2850; x_wconf 76' lang='lat' dir='ltr'><strong>ejuS.</strong></span> <span class='ocrx_word' id='word_1_222' title='bbox 727 2774 906 2850; x_wconf 89' lang='lat' dir='ltr'><strong>Apud</strong></span> <span class='ocrx_word' id='word_1_223' title='bbox 954 2758 1232 2832; x_wconf 84' lang='lat' dir='ltr'><strong>Eundem</strong></span> <span class='ocrx_word' id='word_1_224' title='bbox 1283 2772 1545 2848; x_wconf 73' lang='lat' dir='ltr'><strong>„Dixit</strong></span> <span class='ocrx_word' id='word_1_225' title='bbox 1595 2770 1905 2845; x_wconf 73' lang='lat' dir='ltr'><strong>Jehovah,</strong></span> <span class='ocrx_word' id='word_1_226' title='bbox 1966 2768 2167 2830; x_wconf 74' lang='lat' dir='ltr'><strong>eundo</strong></span> <span class='ocrx_word' id='word_1_227' title='bbox 2216 2787 2348 2828; x_wconf 78' lang='lat' dir='ltr'><strong>eme</strong></span> 
     </span>
     <span class='ocr_line' id='line_1_26' title="bbox 231 2867 2349 2952; baseline -0.001 -20"><span class='ocrx_word' id='word_1_228' title='bbox 231 2869 536 2952; x_wconf 73' lang='lat' dir='ltr'><strong>layemam</strong></span> <span class='ocrx_word' id='word_1_229' title='bbox 561 2870 765 2952; x_wconf 71' lang='lat' dir='ltr'><strong>fiyuli</strong></span> <span class='ocrx_word' id='word_1_230' title='bbox 795 2878 992 2932; x_wconf 69' lang='lat' dir='ltr'><strong>testae</strong></span> <span class='ocrx_word' id='word_1_231' title='bbox 1019 2871 1098 2932; x_wconf 86' lang='lat' dir='ltr'><strong>de</strong></span> <span class='ocrx_word' id='word_1_232' title='bbox 1123 2873 1474 2934; x_wconf 65' lang='lat' dir='ltr'><strong>senioribus</strong></span> <span class='ocrx_word' id='word_1_233' title='bbox 1496 2871 1757 2952; x_wconf 77' lang='lat' dir='ltr'><strong>populi,</strong></span> <span class='ocrx_word' id='word_1_234' title='bbox 1802 2876 1863 2931; x_wconf 75' lang='lat' dir='ltr'><strong>et</strong></span> <span class='ocrx_word' id='word_1_235' title='bbox 1888 2871 1966 2932; x_wconf 82' lang='lat' dir='ltr'><strong>de</strong></span> <span class='ocrx_word' id='word_1_236' title='bbox 1996 2867 2349 2932; x_wconf 72' lang='lat' dir='ltr'><strong>senioribus</strong></span> 
     </span>
     <span class='ocr_line' id='line_1_27' title="bbox 231 2963 2547 3054; baseline 0 -23"><span class='ocrx_word' id='word_1_237' title='bbox 231 2971 654 3046; x_wconf 71' lang='lat' dir='ltr'><strong>sacerdotum,</strong></span> <span class='ocrx_word' id='word_1_238' title='bbox 693 2978 753 3032; x_wconf 71' lang='lat' dir='ltr'><strong>et</strong></span> <span class='ocrx_word' id='word_1_239' title='bbox 787 2973 898 3033; x_wconf 77' lang='lat' dir='ltr'><strong>eoei</strong></span> <span class='ocrx_word' id='word_1_240' title='bbox 930 2971 1020 3032; x_wconf 80' lang='lat' dir='ltr'><strong>ad</strong></span> <span class='ocrx_word' id='word_1_241' title='bbox 1056 2970 1286 3033; x_wconf 74' lang='lat' dir='ltr'><strong>vallem</strong></span> <span class='ocrx_word' id='word_1_242' title='bbox 1311 2970 1453 3054; x_wconf 74' lang='lat' dir='ltr'><strong>filii</strong></span> <span class='ocrx_word' id='word_1_243' title='bbox 1476 2971 1829 3034; x_wconf 69' lang='lat' dir='ltr'><strong>Hiunomis</strong></span> <span class='ocrx_word' id='word_1_244' title='bbox 1842 2991 1871 3044; x_wconf 89' lang='lat'><em>;</em></span> <span class='ocrx_word' id='word_1_245' title='bbox 1908 2978 2057 3033; x_wconf 75' lang='lat' dir='ltr'><strong>tuno</strong></span> <span class='ocrx_word' id='word_1_246' title='bbox 2070 2963 2349 3052; x_wconf 60' lang='lat' dir='ltr'><strong>franges</strong></span> <span class='ocrx_word' id='word_1_247' title='bbox 2388 2977 2547 3040; x_wconf 78' lang='lat'>[167]</span> 
     </span>
     <span class='ocr_line' id='line_1_28' title="bbox 229 3069 2349 3152; baseline 0 -20"><span class='ocrx_word' id='word_1_248' title='bbox 229 3069 532 3152; x_wconf 76' lang='lat' dir='ltr'><strong>layenam</strong></span> <span class='ocrx_word' id='word_1_249' title='bbox 571 3091 784 3132; x_wconf 75' lang='lat' dir='ltr'><strong>coram</strong></span> <span class='ocrx_word' id='word_1_250' title='bbox 829 3069 1034 3133; x_wconf 73' lang='lat' dir='ltr'><strong>oculis</strong></span> <span class='ocrx_word' id='word_1_251' title='bbox 1083 3073 1371 3134; x_wconf 77' lang='lat' dir='ltr'><strong>euntium</strong></span> <span class='ocrx_word' id='word_1_252' title='bbox 1428 3078 1655 3148; x_wconf 75' lang='lat' dir='ltr'><strong>tecum,</strong></span> <span class='ocrx_word' id='word_1_253' title='bbox 1714 3078 1774 3132; x_wconf 80' lang='lat' dir='ltr'><strong>et</strong></span> <span class='ocrx_word' id='word_1_254' title='bbox 1814 3071 1987 3134; x_wconf 73' lang='lat' dir='ltr'><strong>dices</strong></span> <span class='ocrx_word' id='word_1_255' title='bbox 2026 3073 2349 3152; x_wconf 70' lang='lat' dir='ltr'><strong>srauyam</strong></span> 
     </span>
     <span class='ocr_line' id='line_1_29' title="bbox 218 3170 2343 3254; baseline 0 -22"><span class='ocrx_word' id='word_1_256' title='bbox 218 3170 538 3250; x_wconf 76' lang='lat' dir='ltr'><strong>populum</strong></span> <span class='ocrx_word' id='word_1_257' title='bbox 589 3171 786 3242; x_wconf 78' lang='lat' dir='ltr'><strong>huuc,</strong></span> <span class='ocrx_word' id='word_1_258' title='bbox 843 3178 904 3231; x_wconf 76' lang='lat' dir='ltr'><strong>et</strong></span> <span class='ocrx_word' id='word_1_259' title='bbox 949 3173 1162 3232; x_wconf 80' lang='lat' dir='ltr'><strong>urbem</strong></span> <span class='ocrx_word' id='word_1_260' title='bbox 1205 3172 1395 3247; x_wconf 73' lang='lat' dir='ltr'><strong>hanc,</strong></span> <span class='ocrx_word' id='word_1_261' title='bbox 1453 3173 1621 3233; x_wconf 76' lang='lat' dir='ltr'><strong>sieut</strong></span> <span class='ocrx_word' id='word_1_262' title='bbox 1656 3173 1923 3254; x_wconf 71' lang='lat' dir='ltr'><strong>frauyit</strong></span> <span class='ocrx_word' id='word_1_263' title='bbox 1966 3191 2083 3233; x_wconf 76' lang='lat' dir='ltr'><strong>vas</strong></span> <span class='ocrx_word' id='word_1_264' title='bbox 2120 3170 2343 3253; x_wconf 73' lang='lat' dir='ltr'><strong>flyuli,</strong></span> 
     </span>
     <span class='ocr_line' id='line_1_30' title="bbox 231 3271 2345 3353; baseline 0 -22"><span class='ocrx_word' id='word_1_265' title='bbox 231 3271 402 3350; x_wconf 77' lang='lat' dir='ltr'><strong>quod</strong></span> <span class='ocrx_word' id='word_1_266' title='bbox 439 3291 564 3332; x_wconf 75' lang='lat' dir='ltr'><strong>non</strong></span> <span class='ocrx_word' id='word_1_267' title='bbox 579 3277 789 3350; x_wconf 71' lang='lat' dir='ltr'><strong>potest</strong></span> <span class='ocrx_word' id='word_1_268' title='bbox 815 3273 1109 3350; x_wconf 76' lang='lat' dir='ltr'><strong>reparari</strong></span> <span class='ocrx_word' id='word_1_269' title='bbox 1150 3271 1433 3351; x_wconf 73' lang='lat' dir='ltr'><strong>amplius</strong></span> <span class='ocrx_word' id='word_1_270' title='bbox 1442 3292 1469 3343; x_wconf 86' lang='lat'><strong>,·</strong></span> <span class='ocrx_word' id='word_1_271' title='bbox 1509 3278 1569 3332; x_wconf 77' lang='lat' dir='ltr'><strong>et</strong></span> <span class='ocrx_word' id='word_1_272' title='bbox 1602 3272 1674 3334; x_wconf 80' lang='lat' dir='ltr'><strong>in</strong></span> <span class='ocrx_word' id='word_1_273' title='bbox 1718 3272 1999 3353; x_wconf 77' lang='lat' dir='ltr'><strong>Topheth,</strong></span> <span class='ocrx_word' id='word_1_274' title='bbox 2032 3271 2345 3352; x_wconf 70' lang='lat' dir='ltr'><strong>sepelient,</strong></span> 
     </span>
     <span class='ocr_line' id='line_1_31' title="bbox 231 3369 2342 3454; baseline -0 -26"><span class='ocrx_word' id='word_1_275' title='bbox 231 3388 318 3430; x_wconf 70' lang='lat' dir='ltr'><strong>ex</strong></span> <span class='ocrx_word' id='word_1_276' title='bbox 365 3389 432 3431; x_wconf 83' lang='lat' dir='ltr'><strong>eo</strong></span> <span class='ocrx_word' id='word_1_277' title='bbox 468 3370 637 3450; x_wconf 77' lang='lat' dir='ltr'><strong>quod</strong></span> <span class='ocrx_word' id='word_1_278' title='bbox 681 3389 805 3432; x_wconf 76' lang='lat' dir='ltr'><strong>uon</strong></span> <span class='ocrx_word' id='word_1_279' title='bbox 841 3369 1016 3432; x_wconf 77' lang='lat' dir='ltr'><strong>locus</strong></span> <span class='ocrx_word' id='word_1_280' title='bbox 1053 3369 1338 3451; x_wconf 75' lang='lat' dir='ltr'><strong>amplius</strong></span> <span class='ocrx_word' id='word_1_281' title='bbox 1378 3370 1471 3432; x_wconf 81' lang='lat' dir='ltr'><strong>ad</strong></span> <span class='ocrx_word' id='word_1_282' title='bbox 1514 3369 1983 3454; x_wconf 73' lang='lat' dir='ltr'><strong>sepeliendum“</strong></span> <span class='ocrx_word' id='word_1_283' title='bbox 2039 3372 2226 3432; x_wconf 87' lang='lat' dir='ltr'>XIX:</span> <span class='ocrx_word' id='word_1_284' title='bbox 2283 3375 2342 3428; x_wconf 89' lang='lat'><strong>1..</strong></span> 
     </span>
     <span class='ocr_line' id='line_1_32' title="bbox 231 3469 2347 3549; baseline -0 -20"><span class='ocrx_word' id='word_1_285' title='bbox 231 3474 295 3530; x_wconf 82' lang='lat'><strong>2.</strong></span> <span class='ocrx_word' id='word_1_286' title='bbox 342 3472 452 3529; x_wconf 91' lang='grc'><strong>10.</strong></span> <span class='ocrx_word' id='word_1_287' title='bbox 499 3474 623 3546; x_wconf 82' lang='lat'><strong>113</strong></span> <span class='ocrx_word' id='word_1_288' title='bbox 674 3472 894 3548; x_wconf 84' lang='lat' dir='ltr'><strong>lagena</strong></span> <span class='ocrx_word' id='word_1_289' title='bbox 931 3489 1042 3532; x_wconf 89' lang='lat' dir='ltr'><strong>seu</strong></span> <span class='ocrx_word' id='word_1_290' title='bbox 1077 3489 1188 3530; x_wconf 83' lang='lat' dir='ltr'><strong>vas</strong></span> <span class='ocrx_word' id='word_1_291' title='bbox 1223 3473 1394 3549; x_wconf 83' lang='lat' dir='ltr'><strong>figuli</strong></span> <span class='ocrx_word' id='word_1_292' title='bbox 1428 3479 1618 3532; x_wconf 86' lang='lat' dir='ltr'><strong>testae</strong></span> <span class='ocrx_word' id='word_1_293' title='bbox 1657 3473 1731 3531; x_wconf 87' lang='lat' dir='ltr'><strong>de</strong></span> <span class='ocrx_word' id='word_1_294' title='bbox 1768 3471 2100 3532; x_wconf 85' lang='lat' dir='ltr'><strong>senioribus</strong></span> <span class='ocrx_word' id='word_1_295' title='bbox 2135 3469 2347 3544; x_wconf 86' lang='lat' dir='ltr'><strong>populi</strong></span> 
     </span>
     <span class='ocr_line' id='line_1_33' title="bbox 227 3570 2343 3647; baseline -0.001 -18"><span class='ocrx_word' id='word_1_296' title='bbox 227 3577 290 3629; x_wconf 92' lang='lat' dir='ltr'><strong>et</strong></span> <span class='ocrx_word' id='word_1_297' title='bbox 341 3570 756 3647; x_wconf 81' lang='lat' dir='ltr'><strong>sacerdotum,</strong></span> <span class='ocrx_word' id='word_1_298' title='bbox 814 3577 910 3632; x_wconf 88' lang='lat' dir='ltr'><strong>est</strong></span> <span class='ocrx_word' id='word_1_299' title='bbox 955 3589 1191 3647; x_wconf 91' lang='lat' dir='ltr'><strong>quoque</strong></span> <span class='ocrx_word' id='word_1_300' title='bbox 1240 3571 1337 3630; x_wconf 89' lang='lat' dir='ltr'><strong>hic</strong></span> <span class='ocrx_word' id='word_1_301' title='bbox 1392 3572 1609 3631; x_wconf 85' lang='lat' dir='ltr'><strong>falsum</strong></span> <span class='ocrx_word' id='word_1_302' title='bbox 1656 3575 1716 3630; x_wconf 91' lang='lat' dir='ltr'><strong>in</strong></span> <span class='ocrx_word' id='word_1_303' title='bbox 1766 3588 1883 3646; x_wconf 89' lang='lat' dir='ltr'><strong>quo</strong></span> <span class='ocrx_word' id='word_1_304' title='bbox 1926 3573 2095 3629; x_wconf 85' lang='lat' dir='ltr'><strong>erant</strong></span> <span class='ocrx_word' id='word_1_305' title='bbox 2136 3583 2343 3626; x_wconf 89' lang='lat' dir='ltr'><strong>omnes</strong></span> 
     </span>
     <span class='ocr_line' id='line_1_34' title="bbox 225 3670 2361 3749; baseline -0.003 -19"><span class='ocrx_word' id='word_1_306' title='bbox 225 3687 302 3730; x_wconf 82' lang='lat' dir='ltr'><strong>ex</strong></span> <span class='ocrx_word' id='word_1_307' title='bbox 349 3670 460 3730; x_wconf 80' lang='lat' dir='ltr'><strong>illa</strong></span> <span class='ocrx_word' id='word_1_308' title='bbox 502 3680 680 3746; x_wconf 88' lang='lat' dir='ltr'><strong>gente</strong></span> <span class='ocrx_word' id='word_1_309' title='bbox 692 3690 709 3748; x_wconf 85' lang='lat'>3</span> <span class='ocrx_word' id='word_1_310' title='bbox 769 3671 928 3749; x_wconf 89' lang='lat' dir='ltr'><strong>quod</strong></span> <span class='ocrx_word' id='word_1_311' title='bbox 962 3671 1026 3728; x_wconf 91' lang='lat' dir='ltr'><strong>id</strong></span> <span class='ocrx_word' id='word_1_312' title='bbox 1063 3673 1280 3730; x_wconf 85' lang='lat' dir='ltr'><strong>salsum</strong></span> <span class='ocrx_word' id='word_1_313' title='bbox 1321 3679 1488 3731; x_wconf 82' lang='lat' dir='ltr'><strong>esset</strong></span> <span class='ocrx_word' id='word_1_314' title='bbox 1530 3677 1758 3728; x_wconf 78' lang='lat' dir='ltr'><strong>tantum</strong></span> <span class='ocrx_word' id='word_1_315' title='bbox 1802 3677 1867 3727; x_wconf 86' lang='lat' dir='ltr'><strong>ut</strong></span> <span class='ocrx_word' id='word_1_316' title='bbox 1900 3685 2019 3726; x_wconf 86' lang='lat' dir='ltr'><strong>non</strong></span> <span class='ocrx_word' id='word_1_317' title='bbox 2051 3684 2163 3743; x_wconf 89' lang='lat' dir='ltr'><strong>per</strong></span> <span class='ocrx_word' id='word_1_318' title='bbox 2198 3683 2361 3724; x_wconf 59' lang='lat' dir='ltr'><strong>vera&lt;</strong></span> 
     </span>
     <span class='ocr_line' id='line_1_35' title="bbox 221 3765 2342 3854; baseline -0.002 -26"><span class='ocrx_word' id='word_1_319' title='bbox 221 3777 440 3846; x_wconf 89' lang='lat' dir='ltr'><strong>posset</strong></span> <span class='ocrx_word' id='word_1_320' title='bbox 473 3771 758 3848; x_wconf 83' lang='lat' dir='ltr'><strong>dispergi,</strong></span> <span class='ocrx_word' id='word_1_321' title='bbox 796 3771 1154 3831; x_wconf 87' lang='lat' dir='ltr'><strong>describitur</strong></span> <span class='ocrx_word' id='word_1_322' title='bbox 1191 3789 1303 3848; x_wconf 86' lang='lat' dir='ltr'><strong>per</strong></span> <span class='ocrx_word' id='word_1_323' title='bbox 1324 3769 1500 3854; x_wconf 89' lang='lat' dir='ltr'><strong>-quod</strong></span> <span class='ocrx_word' id='word_1_324' title='bbox 1525 3770 1773 3845; x_wconf 86' lang='lat' dir='ltr'><strong>fregerit</strong></span> <span class='ocrx_word' id='word_1_325' title='bbox 1804 3784 1912 3825; x_wconf 88' lang='lat' dir='ltr'><strong>vas</strong></span> <span class='ocrx_word' id='word_1_326' title='bbox 1956 3765 2105 3826; x_wconf 90' lang='lat' dir='ltr'><strong>illud</strong></span> <span class='ocrx_word' id='word_1_327' title='bbox 2142 3781 2342 3824; x_wconf 85' lang='lat' dir='ltr'><strong>coram</strong></span> 
     </span>
     <span class='ocr_line' id='line_1_36' title="bbox 222 3862 2339 3947; baseline -0.004 -18"><span class='ocrx_word' id='word_1_328' title='bbox 222 3869 421 3930; x_wconf 89' lang='lat' dir='ltr'><strong>oculis</strong></span> <span class='ocrx_word' id='word_1_329' title='bbox 459 3873 727 3931; x_wconf 88' lang='lat' dir='ltr'><strong>euntium</strong></span> <span class='ocrx_word' id='word_1_330' title='bbox 761 3889 1002 3941; x_wconf 86' lang='lat' dir='ltr'><strong>secum,</strong></span> <span class='ocrx_word' id='word_1_331' title='bbox 1049 3879 1116 3930; x_wconf 87' lang='lat' dir='ltr'><strong>ut</strong></span> <span class='ocrx_word' id='word_1_332' title='bbox 1148 3890 1268 3930; x_wconf 89' lang='lat' dir='ltr'><strong>non</strong></span> <span class='ocrx_word' id='word_1_333' title='bbox 1315 3875 1526 3947; x_wconf 87' lang='lat' dir='ltr'><strong>posset</strong></span> <span class='ocrx_word' id='word_1_334' title='bbox 1564 3870 1865 3944; x_wconf 68' lang='lat' dir='ltr'><strong>reparari,</strong></span> <span class='ocrx_word' id='word_1_335' title='bbox 1916 3866 2077 3943; x_wconf 91' lang='lat' dir='ltr'><strong>quod</strong></span> <span class='ocrx_word' id='word_1_336' title='bbox 2112 3862 2339 3941; x_wconf 81' lang='lat' dir='ltr'><strong>sepeli-</strong></span> 
     </span>
     <span class='ocr_line' id='line_1_37' title="bbox 221 3964 2346 4050; baseline -0 -23"><span class='ocrx_word' id='word_1_337' title='bbox 221 3976 360 4028; x_wconf 86' lang='lat' dir='ltr'><strong>rent</strong></span> <span class='ocrx_word' id='word_1_338' title='bbox 397 3971 458 4028; x_wconf 90' lang='lat' dir='ltr'><strong>in</strong></span> <span class='ocrx_word' id='word_1_339' title='bbox 498 3971 811 4047; x_wconf 88' lang='lat' dir='ltr'><strong>Topheth,</strong></span> <span class='ocrx_word' id='word_1_340' title='bbox 866 3972 1006 4048; x_wconf 84' lang='lat' dir='ltr'><strong>quia</strong></span> <span class='ocrx_word' id='word_1_341' title='bbox 1041 3971 1184 4030; x_wconf 83' lang='lat' dir='ltr'><strong>alibi</strong></span> <span class='ocrx_word' id='word_1_342' title='bbox 1219 3989 1334 4030; x_wconf 87' lang='lat' dir='ltr'><strong>non</strong></span> <span class='ocrx_word' id='word_1_343' title='bbox 1369 3970 1538 4029; x_wconf 89' lang='lat' dir='ltr'><strong>locus</strong></span> <span class='ocrx_word' id='word_1_344' title='bbox 1577 3967 1834 4044; x_wconf 84' lang='lat' dir='ltr'><strong>amplius</strong></span> <span class='ocrx_word' id='word_1_345' title='bbox 1845 4013 1864 4044; x_wconf 93' lang='lat'><strong>,</strong></span> <span class='ocrx_word' id='word_1_346' title='bbox 1913 3967 2206 4050; x_wconf 76' lang='lat' dir='ltr'><strong>significat</strong></span> <span class='ocrx_word' id='word_1_347' title='bbox 2240 3964 2346 4026; x_wconf 89' lang='lat' dir='ltr'><strong>ubi</strong></span> 
     </span>
     <span class='ocr_line' id='line_1_38' title="bbox 223 4067 2345 4147; baseline 0.001 -20"><span class='ocrx_word' id='word_1_348' title='bbox 223 4072 429 4128; x_wconf 84' lang='lat' dir='ltr'><strong>omnia</strong></span> <span class='ocrx_word' id='word_1_349' title='bbox 476 4087 626 4129; x_wconf 83' lang='lat' dir='ltr'><strong>vera</strong></span> <span class='ocrx_word' id='word_1_350' title='bbox 667 4077 728 4130; x_wconf 88' lang='lat' dir='ltr'><strong>et</strong></span> <span class='ocrx_word' id='word_1_351' title='bbox 772 4072 932 4130; x_wconf 85' lang='lat' dir='ltr'><strong>bona</strong></span> <span class='ocrx_word' id='word_1_352' title='bbox 973 4077 1284 4133; x_wconf 82' lang='lat' dir='ltr'><strong>consumta</strong></span> <span class='ocrx_word' id='word_1_353' title='bbox 1327 4075 1485 4129; x_wconf 87' lang='lat' dir='ltr'><strong>sunt.</strong></span> <span class='ocrx_word' id='word_1_354' title='bbox 1558 4069 1744 4145; x_wconf 88' lang='lat' dir='ltr'><strong>Apud</strong></span> <span class='ocrx_word' id='word_1_355' title='bbox 1779 4067 2017 4128; x_wconf 88' lang='lat' dir='ltr'><strong>Nahum</strong></span> <span class='ocrx_word' id='word_1_356' title='bbox 2070 4067 2345 4147; x_wconf 68' lang='lat' dir='ltr'><strong>„Aquas</strong></span> 
     </span>
     <span class='ocr_line' id='line_1_39' title="bbox 223 4167 2345 4252; baseline -0 -24"><span class='ocrx_word' id='word_1_357' title='bbox 223 4167 465 4230; x_wconf 71' lang='lat' dir='ltr'><strong>obsidii</strong></span> <span class='ocrx_word' id='word_1_358' title='bbox 525 4168 721 4232; x_wconf 76' lang='lat' dir='ltr'><strong>hauri</strong></span> <span class='ocrx_word' id='word_1_359' title='bbox 781 4171 900 4234; x_wconf 74' lang='lat' dir='ltr'><strong>tihi</strong></span> <span class='ocrx_word' id='word_1_360' title='bbox 915 4217 930 4248; x_wconf 93' lang='lat'><strong>,</strong></span> <span class='ocrx_word' id='word_1_361' title='bbox 1004 4173 1308 4252; x_wconf 78' lang='lat' dir='ltr'><strong>confirma</strong></span> <span class='ocrx_word' id='word_1_362' title='bbox 1360 4168 1749 4231; x_wconf 76' lang='lat' dir='ltr'><strong>munimenta</strong></span> <span class='ocrx_word' id='word_1_363' title='bbox 1818 4175 1931 4238; x_wconf 73' lang='lat' dir='ltr'><strong>tua</strong></span> <span class='ocrx_word' id='word_1_364' title='bbox 1947 4215 1966 4246; x_wconf 89' lang='lat'><strong>,</strong></span> <span class='ocrx_word' id='word_1_365' title='bbox 2037 4170 2213 4230; x_wconf 75' lang='lat' dir='ltr'><strong>iutra</strong></span> <span class='ocrx_word' id='word_1_366' title='bbox 2276 4168 2345 4228; x_wconf 72' lang='lat' dir='ltr'><strong>in</strong></span> 
     </span>
    </p>
   </div>
  </div>
 </body>
</html>
