2700 4792
335 365 592 424 CAPUT
635 365 1002 434 QUARTUM.
1696 371 1878 426 vulis
1896 392 1909 424 ε
1952 381 2043 432 10.
2201 383 2311 436 505

135 527 397 590 Divini
420 524 574 586 Boni
599 525 678 585 ab
697 524 948 604 Angelis
969 525 1136 587 Coeli
1165 533 1225 586 et
1249 526 1326 587 ab
1351 527 1692 589 hominibus
1717 529 2049 608 Ecclesiae3
2086 533 2147 591 in
2177 547 2313 593 mox
2408 589 2412 594 .

135 625 594 708 praecedente
621 632 828 686 autem
839 624 1041 687 Versu
1069 628 1268 705 agitur
1291 625 1367 687 de
1394 626 1651 688 Domino
1680 630 1841 706 quod
1865 631 1943 690 ab
1967 630 2113 709 Ipso
2139 632 2311 692 Divi-

137 747 318 790 num
349 725 590 786 Verum
625 732 686 786 et
718 725 1004 786 Divinum
1028 727 1265 788 Bonum
1301 728 1622 805 procedat,
1658 728 1772 789 hoe
1808 731 2182 808 significatur
2204 751 2315 810 per

139 827 348 908 quod
371 826 672 887 Animalia
697 826 971 888 dederint
995 828 1246 906 gloriam
1273 833 1334 888 et
1358 826 1650 888 honorem
1684 835 1744 889 et
1768 833 2096 907 gratiarum
2125 835 2314 894 aetio·-
2359 831 2517 895 [333]

140 947 316 991 nem
345 925 601 988 Sedenti
620 943 808 1005 super
823 927 1084 1004 Throno,
1109 934 1169 988 et
1180 927 1426 988 Viventi
1448 931 1511 988 in
1528 929 1777 990 eaeenla
1794 929 2188 1006 saeculorum,
2220 935 2317 992 vi-

143 1031 410 1091 deatur
425 1044 614 1105 supra
636 1045 696 1087 n:
721 1031 758 1086 2
774 1029 810 1088 8
825 1029 860 1088 8
889 1027 935 1105 [.
955 1032 992 1088 2
1009 1030 1044 1088 8
1057 1017 1147 1117 9];
1175 1045 1247 1088 ac
1265 1027 1432 1103 illud,
1466 1046 1681 1107 nempe
1709 1033 1975 1109 receptio
1995 1038 2055 1093 et
2073 1033 2315 1109 agnitio,

145 1129 562 1207 significatur
585 1145 698 1206 per
725 1127 888 1204 quod
915 1127 1196 1190 Seniores
1225 1129 1592 1206 prociderint
1618 1147 1816 1192 eoram
1844 1131 2106 1192 Sedente
2132 1149 2318 1210 snper

148 1229 469 1304 Throno,
515 1236 581 1289 ‘et
615 1228 992 1288 adoraverint
1025 1228 1348 1290 viventem
1381 1232 1444 1289 in
1478 1231 1725 1291 saecula
1758 1232 2135 1293 saeculorum
2151 1253 2168 1309 ς
2205 1249 2318 1310 per

149 1327 507 1408 procidere
543 1331 698 1388 enim
735 1329 1102 1406 significatur
1131 1328 1496 1406 humiliatio,
1550 1335 1815 1410 receptio
1853 1340 1915 1392 et
1950 1335 2199 1410 agnitio,
2258 1343 2318 1392 et

27 1467 34 1472 ·
151 1447 292 1507 per
327 1429 542 1506 viginti
578 1435 638 1488 et
663 1441 920 1512 quatuor
946 1428 1228 1491 seniores
1263 1429 1673 1522 significantur
1697 1449 1901 1494 omnes
1938 1434 2041 1511 qui
2075 1435 2135 1493 in
2171 1449 2315 1494 vero

161 1547 254 1590 ex
297 1529 466 1590 bono
517 1536 658 1588 sunt
703 1538 825 1588 tam
871 1532 936 1589 in
970 1527 1170 1591 coelis
1225 1517 1405 1607 quam
1454 1534 1515 1591 in
1568 1534 1761 1593 terris.
1843 1533 2161 1594 Sciendum
2202 1543 2313 1609 est,

161 1628 356 1708 quod
389 1631 661 1706 receptio
711 1629 916 1690 Divini
950 1628 1097 1691 Veri
1148 1648 1220 1692 ac
1254 1631 1456 1692 Divini
1492 1632 1679 1707 Boni,
1737 1640 1798 1693 et
1858 1635 2082 1710 agnitio
2136 1633 2316 1694 eorde

161 1729 359 1808 quod
395 1747 433 1789 a
454 1729 713 1789 Domino
750 1733 950 1790 omnia
983 1729 1152 1792 Coeli
1189 1738 1248 1792 et
1273 1732 1583 1794 Ecclesiae
1621 1735 1742 1794 sint
1782 1751 1853 1794 ac
1890 1736 2017 1793 vita
2052 1742 2319 1804 aeterna,

165 1829 388 1891 solum
423 1830 599 1890 detur
633 1830 794 1907 apud
829 1831 968 1892 illos
1025 1835 1127 1910 qui
1171 1835 1232 1893 in
1269 1850 1415 1893 vero
1453 1851 1528 1892 ex
1563 1832 1717 1895 bono
1753 1843 1925 1910 sunt,
1980 1853 2167 1896 causa
2203 1845 2314 1909 est,

173 1933 337 2007 quia
369 1931 458 1990 illi
491 1929 606 1990 soli
642 1933 700 1990 in
736 1949 936 1992 amore
975 1940 1037 1993 et
1069 1933 1188 1994 fide
1223 1940 1383 2008 eunt,
1424 1941 1485 1993 et
1520 1937 1623 2010 qui
1655 1937 1716 1996 in
1749 1934 1843 1994 his
1882 1943 2019 1995 sunt
2055 1935 2143 1996 illi
2172 1953 2317 1995 con-

165 2033 380 2109 juncti
412 2040 554 2091 sunt
585 2031 848 2093 Domino
888 2033 1090 2110 quoad
1127 2035 1386 2092 animam
1424 2040 1485 2092 et
1522 2035 1718 2110 quoad
1756 2053 1885 2107 cor,
1938 2037 2001 2094 in
2032 2035 2184 2095 haee
2220 2038 2315 2095 in-

178 2131 326 2192 fluit
357 2131 684 2206 DominuS,
740 2140 802 2191 et
833 2149 952 2191 non
1002 2135 1064 2192 in
1097 2131 1204 2192 illa
1239 2149 1395 2210 quae
1431 2133 1607 2193 modo
1650 2141 1790 2194 sunt
1824 2153 1902 2193 ex
1936 2137 2222 2194 memoria
2258 2145 2321 2194 et

177 2229 332 2294 inde
365 2232 636 2309 loquela3
692 2233 975 2291 memoria
1009 2234 1164 2292 enim
1205 2238 1298 2292 eet
1347 2233 1522 2292 modo
1558 2234 1837 2294 introitus
1888 2232 1966 2294 ad
1999 2234 2315 2307 hominem,

191 2336 262 2389 et
298 2334 449 2392 sicut
481 2334 694 2394 atrium
729 2349 841 2409 per
875 2333 1038 2411 quod
1071 2336 1350 2404 intratur,
1403 2340 1497 2394 est
1530 2336 1685 2393 sieut
1720 2335 2087 2395 ventriculus
2123 2339 2309 2394 rumi-

189 2433 467 2492 natorius
501 2431 659 2512 apud
697 2449 842 2493 aves
881 2442 941 2494 et
965 2433 1219 2509 bestias,
1262 2436 1361 2494 eui
1398 2435 1575 2492 etiam
1606 2436 1888 2494 memoria
1922 2435 2083 2513 apud
2119 2435 2314 2494 homi-

184 2547 332 2594 nem
368 2533 826 2612 correspondet3
879 2537 940 2594 in
974 2534 1212 2596 homine
1250 2541 1395 2596 sunt
1448 2551 1601 2611 quae
1648 2537 1710 2594 in
1744 2535 1876 2613 ejus
1914 2534 2219 2595 voluntate
2258 2543 2319 2594 et

181 2631 330 2695 inde
367 2634 704 2706 intellectu,
762 2651 870 2694 seu
911 2635 1075 2712 quod
1108 2634 1294 2712 idem,
1349 2635 1514 2714 quod
1558 2637 1621 2696 in
1670 2635 1799 2713 ejus
1836 2651 2038 2695 amore
2076 2642 2136 2694 et
2180 2635 2317 2694 inde

183 2733 342 2796 fide:
381 2737 509 2795 sive
540 2735 771 2796 dicatur
808 2736 881 2796 de
917 2737 1154 2798 homine
1192 2736 1350 2814 quod
1387 2737 1467 2795 sit
1498 2739 1561 2796 in
1594 2736 1751 2796 bono
1788 2744 1851 2796 et
1882 2752 2045 2807 vero,
2081 2737 2213 2797 sive
2256 2739 2316 2794 in

185 2853 398 2896 amore
434 2843 495 2894 et
521 2834 670 2911 tide,
709 2838 865 2899 idem
904 2843 1021 2913 est,
1062 2839 1340 2917 quoniam
1379 2853 1550 2897 omne
1586 2836 1806 2896 bonum
1846 2842 1939 2896 est
1973 2837 2214 2911 ameria,
2256 2843 2317 2896 et

185 2953 372 2998 omne
408 2953 616 2997 verum
654 2944 751 2998 est
785 2937 942 2998 fidei.

349 3041 386 3097 2
401 3039 440 3097 9
457 3041 484 3096 l
499 3083 513 3096 .
567 3037 642 3097 Et
667 3037 998 3098 adorabant
1023 3039 1340 3098 viventem
1369 3040 1430 3097 in
1456 3035 1704 3098 saecula
1728 3037 2129 3111 saeculorum,
2158 3039 2317 3115 quod

181 3139 488 3218 significet
519 3137 986 3199 humiliationem
1027 3146 1088 3198 et
1147 3145 1290 3200 tune
1354 3141 1719 3216 agnitionem
1782 3139 1945 3215 quod
1990 3156 2029 3198 a
2061 3139 2319 3199 Domino

183 3243 322 3301 vita
357 3245 631 3315 aeterna,
687 3243 926 3298 constat
977 3255 1050 3298 ex
1097 3239 1531 3316 significatione
1586 3238 1901 3316 procidere
1946 3244 2009 3299 et
2044 3239 2317 3306 adorare,

183 3339 358 3419 quod
391 3341 472 3398 sit
502 3337 835 3399 humiliatio
872 3345 934 3398 et
969 3346 1108 3399 tune
1145 3341 1371 3414 agnitio
1410 3338 1624 3414 eorde3
1682 3346 1743 3396 et
1780 3356 1853 3398 ex
1887 3339 2320 3414 significatione

183 3439 472 3500 Viventis
506 3441 568 3499 in
603 3439 850 3500 saecula
884 3438 1283 3514 saeculorum,
1323 3439 1485 3516 quod
1515 3441 1597 3498 sit
1639 3438 1801 3515 quod
1833 3455 1871 3499 a
1902 3438 2161 3499 Domino
2194 3439 2321 3497 vita
2428 3433 2439 3444 ⁹

183 3543 458 3614 aeterna,
497 3539 572 3599 de
600 3556 719 3616 qna
752 3557 888 3600 mox
917 3555 1103 3616 supra
1131 3556 1202 3597 n:
1236 3540 1400 3596 289.
1457 3538 1809 3599 Humiliatio
1838 3546 1899 3599 et
1927 3545 2067 3597 tune
2096 3538 2319 3614 agnitio

187 3638 376 3702 eorde
413 3640 646 3714 dieitur,
685 3657 901 3717 nempe
933 3639 1092 3717 quod
1119 3656 1157 3697 a
1179 3635 1439 3698 Domino
1472 3639 1555 3698 sit
1590 3656 1763 3698 omne
1798 3639 2017 3699 bonum
2057 3645 2117 3698 et
2143 3653 2317 3696 omne

183 3757 422 3818 verum,
461 3746 522 3802 et
555 3738 694 3800 inde
731 3741 919 3800 omnis
955 3737 1374 3814 intelligentia,
1430 3740 1729 3815 sapientia
1766 3745 1827 3799 et
1860 3737 2144 3814 felicitae,
2198 3753 2316 3797 non

187 3841 370 3900 datur
405 3838 566 3918 apud
603 3839 861 3918 aliquem
895 3841 1012 3898 nisi
1046 3837 1187 3898 dum
1220 3839 1282 3896 in
1313 3835 1725 3898 humiliatione
1764 3845 1873 3914 est,
1912 3855 2049 3899 nam
2086 3847 2217 3899 eum
2256 3839 2317 3896 in

186 3939 599 4002 humiliatione
627 3946 755 4014 est,
789 3952 932 3999 tunc
968 3943 1232 3999 remotus
1271 3943 1369 3998 est
1403 3955 1441 3998 a
1464 3954 1576 3998 suo
1603 3941 1877 4016 proprio,
1918 3946 1981 4000 et
2013 3939 2317 4018 proprium

190 4039 447 4100 hominis
483 4058 600 4101 non
628 4041 948 4120 quiequam
977 4038 1121 4100 boni
1155 4044 1218 4099 et
1245 4039 1375 4100 veri
1412 4057 1449 4098 a
1472 4037 1731 4099 Domino
1757 4041 1973 4117 recipit
2000 4047 2063 4100 et
2091 4055 2317 4117 agnos-

191 4141 300 4216 eit,
357 4149 450 4202 est
499 4145 656 4202 enim
713 4142 1019 4219 proprium
1064 4139 1320 4201 hominis
1370 4157 1487 4200 non
1536 4139 1652 4199 nisi
1701 4156 1878 4214 quam
1933 4139 2195 4214 malum,
2260 4146 2319 4200 et

194 4240 415 4302 malum
451 4243 646 4321 rejicit
681 4261 852 4305 omne
887 4241 1107 4304 bonum
1143 4249 1205 4304 et
1241 4259 1415 4304 omne
1452 4257 1661 4301 verum
1690 4235 1857 4300 Coeli
1895 4247 1957 4300 et
1982 4239 2335 4326 Ecclesiae&

553 4541 584 4614 1
