2700 4792
357 375 598 432 CAPUT
639 373 982 438 TERTIUM.
1700 380 1914 445 VERS:
1959 391 2050 468 η.
2206 395 2315 446 373

199 541 380 600 etiam
418 537 626 614 plures
663 555 740 598 ex
773 537 964 598 doctis
999 537 1332 612 Ecclesiae,
1375 539 1479 614 qui
1510 533 1871 618 interrogati
1894 547 2035 601 sunt
2080 541 2155 604 de
2190 543 2315 604 Rc-

201 641 608 716 generatione,
641 653 782 698 num
809 641 1004 698 sciant
1027 638 1170 714 quid
1197 641 1290 712 sit,
1320 638 1759 716 responderunt
1783 641 1943 716 quod
1964 644 2159 702 sciant
2180 661 2317 704 esse

197 740 601 816 Baptismum,
642 741 920 814 quoniam
955 722 1250 798 Dominus
1287 739 1449 807 dicit,
1485 741 1645 816 quod
1678 743 1789 802 nisi
1828 744 1963 818 quis
1996 751 2319 819 generatur

193 859 300 917 per
337 857 563 916 aquam
601 845 662 898 et
698 841 976 915 spiritum
1011 857 1130 898 non
1171 841 1367 915 possit
1400 839 1633 916 ingredi
1666 843 1727 899 in
1762 841 2041 918 Regnum
2069 842 2217 922 Dei3
2256 850 2319 904 at

199 958 334 999 cum
375 946 686 1024 ostensum
735 945 830 998 est
875 939 996 998 illis
1051 940 1212 1014 quod
1244 939 1591 1015 Baptismus
1641 958 1759 1000 non
1797 943 1876 1002 sit
1920 934 2315 1018 regeneratio,

196 1041 302 1100 sed
341 1040 506 1117 quod
541 1057 656 1116 per
691 1057 906 1116 aquam
943 1047 1006 1099 et
1037 1041 1310 1116 spiritum
1344 1040 1755 1117 intelligantur
1779 1059 1927 1100 vera
1960 1048 2019 1100 et
2052 1045 2179 1102 vita
2210 1060 2313 1103 se·-

195 1141 458 1202 cundum
494 1139 629 1215 illa,
683 1146 744 1200 et
780 1141 941 1216 quod
978 1157 1158 1200 nemo
1191 1142 1415 1200 intrare
1449 1143 1645 1218 possit
1680 1143 1741 1200 in
1776 1141 2025 1202 Coelum
2061 1145 2177 1202 nisi
2212 1161 2311 1203 re-

199 1247 528 1318 generatus
557 1243 638 1299 sit
670 1258 780 1324 per
807 1241 928 1316 illa,
967 1248 1108 1300 tunc
1134 1247 1517 1300 recesserunt
1538 1242 1776 1301 fatendo
1804 1259 1972 1300 suam
1999 1243 2311 1303 inscitiam.

193 1341 528 1402 Praeterea
563 1357 699 1400 cum
733 1343 1090 1418 interrogati
1123 1347 1266 1399 sunt
1301 1340 1375 1400 de
1411 1341 1686 1418 Angelis,
1729 1342 1803 1401 de
1842 1341 2053 1416 Coele,
2096 1342 2169 1402 de
2204 1343 2310 1402 In-
2380 1399 2387 1406 .

193 1443 396 1515 ferne,
439 1441 516 1500 de
553 1444 680 1500 vita
715 1441 970 1500 hominis
1005 1448 1146 1518 post
1180 1447 1459 1512 mortem,
1496 1447 1555 1500 et
1590 1440 1665 1500 de
1700 1441 1972 1518 pluribus
2008 1442 2161 1514 aliis,
2196 1460 2314 1502 non

197 1545 516 1602 sciverunt
575 1541 830 1624 aliquid,
893 1549 954 1602 et
987 1548 1157 1600 erant
1191 1544 1389 1600 omnia
1446 1545 1603 1600 sicut
1660 1543 1851 1620 caligo
1910 1545 1972 1600 in
2016 1543 2311 1602 mentibus

197 1661 438 1717 eorum,
481 1659 668 1720 quare
704 1641 852 1700 sassi
881 1649 1036 1716 sunt,
1077 1641 1237 1717 quod
1273 1641 1513 1717 quidem
1552 1643 1913 1702 crediderint
1956 1659 2022 1700 se
2061 1645 2312 1708 scivisse

197 1744 425 1815 omnia,
489 1742 600 1802 sed
645 1758 804 1800 nunc
863 1745 1056 1802 sciant
1105 1741 1266 1818 quod
1301 1743 1407 1800 vix
1452 1745 1645 1802 sciant
1692 1743 1951 1820 aliquid3
2007 1761 2117 1819 per
2152 1746 2310 1804 scire

197 1843 450 1920 aliquid,
505 1845 568 1901 in
603 1842 901 1918 spirituali
932 1842 1156 1901 mundo
1192 1841 1547 1918 intelligitur
1584 1845 1739 1904 scire
1776 1845 2003 1920 aliquid
2036 1847 2194 1919 veri,
2252 1851 2315 1904 at

197 1947 350 2002 scire
387 1941 548 2002 falsa
593 1959 712 2000 non
766 1949 860 2002 est
895 1945 1080 2017 scire,
1135 1944 1275 2018 quia
1309 1961 1437 2001 non.
1466 1950 1560 2002 est
1594 1941 1929 2022 intelligere
1968 1951 2028 2006 et
2060 1961 2310 2021 sapere:

197 2043 335 2102 dein
369 2043 494 2102 illis
533 2043 757 2102 dictum
795 2049 902 2117 est,
943 2043 1103 2119 quod
1137 2042 1288 2101 illud
1321 2043 1688 2121 intelligatur
1724 2063 1835 2120 per
1860 2046 2101 2104 Domini
2126 2045 2314 2106 verba

197 2187 232 2217 „
259 2143 456 2220 Quod
499 2141 684 2206 dicas
745 2141 912 2222 quod
949 2141 1128 2202 dives
1167 2142 1296 2202 sim
1345 2149 1408 2202 et
1461 2140 1908 2224 locupletatus,
1964 2150 2025 2206 et
2067 2149 2139 2206 tu
2187 2163 2313 2204 mm

196 2243 323 2304 scis
359 2242 533 2322 quod
587 2248 660 2303 tu
701 2243 798 2302 sis
842 2261 1256 2306 aerumnosus
1328 2248 1391 2302 et
1435 2241 1823 2304 miserabilis
1857 2249 1917 2304 et
1944 2263 2211 2324 pauper,
2254 2251 2315 2304 et

193 2363 416 2405 caecus
459 2349 520 2404 et
563 2342 849 2404 nudus.“
932 2342 1106 2419 Quod
1146 2341 1314 2402 dives
1356 2345 1416 2400 in
1451 2341 1655 2402 Verbo
1692 2343 1986 2420 significet
2018 2345 2156 2405 illos
2210 2348 2313 2422 qui

193 2447 258 2502 in
295 2447 458 2503 veris
506 2450 675 2519 sunt,
733 2450 827 2504 est
875 2446 1014 2520 quia
1067 2442 1312 2502 divitiae
1362 2441 1707 2520 spirituales
1767 2461 1887 2502 non
1946 2444 2102 2504 aliae
2149 2421 2309 2515 sunt:

197 2544 338 2602 inde
377 2547 548 2602 etiam
581 2547 642 2604 in
669 2544 874 2604 Verbo
913 2561 1024 2620 per
1061 2544 1294 2602 divitias
1331 2543 1739 2620 significantur
1776 2545 2141 2620 cognitiones
2178 2547 2309 2604 veri

201 2650 265 2702 et
313 2643 482 2724 boni,-
515 2663 582 2703 ac
618 2663 731 2722 per
765 2645 980 2704 divites
1015 2644 1100 2702 illi
1149 2647 1250 2720 qui
1285 2647 1344 2702 in
1380 2643 1777 2718 intelligentia
1820 2661 1931 2720 per
1962 2641 2099 2701 illas
2135 2649 2304 2719 sunt3

195 2751 264 2802 ut
297 2751 580 2804 constare
617 2752 818 2820 potest
854 2763 926 2804 ex
961 2744 1349 2821 sequentibus
1384 2743 1479 2804 his
1511 2743 1662 2805 locis
1674 2764 1689 2818 3
1729 2744 1890 2820 apud
1926 2743 2306 2805 Ezechielem

193 2888 229 2918 „
248 2844 330 2906 In
369 2844 697 2923 sapientia
735 2849 849 2904 tua
888 2850 949 2903 et
983 2843 1054 2904 in
1095 2841 1523 2922 intelligentia
1558 2848 1674 2904 tua
1703 2844 1953 2924 feceras
1988 2842 2109 2902 tibi
2141 2861 2301 2922 opes,

191 2963 424 3006 aurum
479 2949 540 3003 et
577 2949 912 3024 amentum
962 2943 1033 3004 in
1080 2943 1402 3004 thesauris
1448 2944 1581 3004 tuis
1592 2963 1620 3015 ;
1660 2964 1781 3024 per
1832 2941 2307 3006 multitudinem

187 3044 544 3124 sapientiae
569 3050 716 3105 tuae
741 3041 1198 3123 multiplicasti
1223 3043 1342 3104 tibi
1368 3063 1513 3124 opes
1524 3046 1562 3078 ‘⁶‘
1597 3045 1909 3107 XXVIII:
1950 3049 2013 3104 4.
2049 3047 2083 3105 5
2100 3066 2115 3120 3
2153 3045 2303 3104 haec

189 3145 343 3204 dicta
387 3153 532 3204 sunt
581 3145 660 3203 ad
693 3148 1024 3223 principem
1070 3144 1248 3221 Tyri,
1297 3162 1409 3219 per
1448 3163 1625 3220 quem
1672 3148 1732 3203 in
1780 3163 1966 3204 sensu
2008 3147 2307 3221 spirituali
2356 3134 2363 3141 ’

185 3246 598 3321 intelliguntur
631 3246 718 3304 illi
755 3248 854 3322 qui
888 3248 947 3304 in
985 3244 1418 3320 cognitionibus
1444 3247 1571 3304 veri
1598 3253 1771 3321 suut3
1810 3264 1921 3323 per
1949 3263 2095 3322 opes
2133 3249 2304 3322 ipsae

185 3344 321 3404 illae
377 3347 750 3422 cognitiones
797 3348 860 3406 in
905 3362 1128 3422 genere
1141 3364 1158 3420 3
1203 3361 1316 3421 per
1367 3362 1581 3404 aurum
1630 3347 1691 3404 in
1744 3346 2042 3406 thesauris
2096 3349 2303 3422 cogni-

188 3447 376 3504 tiones
445 3445 584 3504 boni
609 3490 626 3520 ,
721 3451 782 3504 et
850 3463 962 3520 per
1039 3453 1348 3522 argentum
1424 3447 1487 3504 in
1561 3445 1863 3504 thesauris
1936 3447 2302 3521 cognitiones

185 3548 337 3620 veri3
395 3545 560 3620 quod
603 3563 714 3622 per
759 3545 866 3604 illa
899 3545 1306 3622 significentur
1341 3527 1706 3622 cognitiones
1755 3551 1923 3620 patet
1968 3543 2302 3612 manifeste,

183 3662 319 3706 nam
355 3645 576 3704 dicitur
607 3649 669 3704 in
704 3648 1000 3722 sapientia
1033 3652 1139 3704 tua
1175 3653 1234 3705 et
1265 3647 1327 3704 in
1362 3645 1753 3719 intelligentia
1788 3651 1892 3702 tua
1926 3642 2155 3700 feceras
2193 3641 2301 3700 tibi

183 3762 362 3822 opeS,
423 3751 484 3804 et
530 3763 642 3822 per
685 3745 1123 3804 multitudinem
1172 3747 1503 3821 sapientiae
1550 3749 1691 3800 tuae
1741 3740 2147 3817 multiplicasti
2194 3741 2303 3800 tibi

183 3862 362 3922 opes;
417 3846 577 3922 quod
610 3863 722 3922 per
755 3848 1088 3922 principem
1117 3845 1263 3922 Tyri
1296 3843 1703 3919 intelligantur
1737 3842 1825 3899 illi
1861 3844 1961 3918 qui
1995 3843 2055 3898 in
2092 3843 2298 3916 cogni-

181 3946 444 4005 tionibus
477 3948 608 4004 veri
641 3951 813 4021 sunt,
855 3952 950 4004 est
985 3948 1126 4022 quia
1162 3945 1457 4021 Princeps
1493 3941 1785 4023 significat
1818 3943 2101 4017 primaria
2134 3956 2295 4014 vera,

180 4027 513 4104 112'1482.
557 4048 771 4106 2089.
815 4047 1036 4121 5044;
1077 4051 1136 4104 et
1164 4044 1363 4120 Tyrus
1392 4045 1764 4120 cognitiones
1792 4045 1937 4116 veri,
1976 4060 2048 4101 n:
2089 4043 2297 4100 1201:

183 4147 342 4222 quod
387 4163 501 4222 pcr
547 4146 863 4206 thesauros
927 4145 1331 4222 significentur
1392 4146 1811 4222 possessiones
1876 4145 2293 4220 cognitionum,

179 4247 452 4308 videatur
489 4265 560 4305 n:
607 4250 818 4306 1694.
861 4229 1073 4308 4508.
1118 4248 1250 4305 102
1267 4249 1386 4322 27⁴3
1425 4251 1486 4306 et
1522 4244 1682 4322 quod
1717 4261 1825 4322 per
1862 4261 2073 4304 aurum
2108 4244 2297 4320 signi·-
