2700 4792
423 357 536 410 280
584 343 590 349 ⁶
865 343 1357 400 APOCALYPSIS
1400 343 1840 404 EXPLICATA.
1920 343 1971 414 §.
2016 352 2146 417 193.

425 504 660 583 quando
697 521 832 562 cum
867 503 1001 562 aliis
1035 503 1318 579 loquitur,
1368 503 1658 578 imprimis
1697 502 1935 578 quando
1971 502 2305 578 praedicat,
2338 509 2523 578 potest

423 609 584 678 sicut
647 621 726 664 ex*
769 603 902 664 zelo
949 620 1058 680 pro
1104 603 1326 662 Divino
1389 619 1459 661 ac
1505 620 1615 680 pro
1661 602 1897 662 Divinis
1948 601 2135 662 Veris
2180 602 2369 678 loqui,
2416 607 2527 661 imo

425 707 502 765 iis
537 704 702 764 horis
752 703 1027 763 similiter
1063 704 1363 780 cogitare3
1417 701 1527 760 sed
1570 703 1667 762 hic
1702 709 1897 762 status
1929 710 2035 763 est
2083 708 2279 761 status
2314 703 2523 778 cogita-

429 807 608 865 tionis
665 803 799 881 ejus
848 821 921 862 ex
959 804 1246 862 memoria
1294 805 1592 880 corporis,
1650 805 1751 882 qui
1798 803 1963 880 quod
2010 809 2333 879 separatus
2378 805 2450 860 sit
2494 819 2525 858 a

229 903 390 966 [188]
430 911 595 966 statu
643 905 1020 980 cogitationis
1087 921 1163 962 ex
1209 903 1456 980 spiritu,
1509 908 1677 980 patet
1696 947 1712 972 .
1764 887 1903 962 nam
1958 903 2084 962 sibi
2144 902 2259 962 soli
2304 901 2526 961 relictus
2622 965 2624 970 .

425 1009 632 1067 contra
676 1002 784 1062 illa
816 1006 1070 1081 cogitat3
1124 1002 1220 1064 hic
1257 1009 1453 1062 status
1504 1013 1598 1073 est
1644 1007 1763 1079 qui.
1797 1011 2004 1063 manet
2056 1003 2359 1062 hominem
2407 1007 2527 1077 post

425 1112 677 1166 mortem
695 1148 711 1178 ,
765 1104 868 1164 ille
929 1111 1132 1163 autem
1183 1121 1303 1162 non
1354 1109 1587 1178 manet,
1644 1105 1785 1180 quia
1832 1111 1925 1166 est
1980 1105 2260 1180 corporis
2312 1102 2433 1179 ejus
2474 1109 2525 1158 et

424 1223 546 1271 non
591 1201 838 1282 spiritus
893 1205 1024 1281 ejus
1035 1224 1052 1280 ;
1109 1209 1476 1281 quapropter
1536 1221 1671 1264 cum
1720 1205 1773 1263 is
1828 1204 1897 1264 fit
1942 1205 2234 1280 spiritua,
2286 1199 2437 1278 quod
2472 1199 2527 1256 fit

425 1323 561 1366 cum
617 1305 893 1378 moi-Itur,
951 1321 1156 1364 omnes
1211 1305 1579 1381 cognitiones
1600 1349 1616 1378 ‚
1674 1321 1825 1380 quas
1872 1303 1988 1364 sibi
2054 1303 2420 1379 comparavit
2462 1315 2523 1356 ex

422 1405 628 1466 Verbo
646 1448 666 1475 ‚
717 1422 872 1482 quae
928 1421 1046 1464 non
1082 1403 1441 1464 concordant
1489 1421 1624 1463 eum
1658 1405 1785 1463 vita
1820 1407 2043 1464 amoris
2094 1405 2347 1481 spiritus
2393 1399 2520 1476 ejus,

425 1507 622 1584 rejicit
657 1523 695 1563 a
729 1519 832 1564 se:
889 1504 1063 1564 aliter
1095 1521 1240 1564 vero
1289 1505 1357 1563 fit
1403 1521 1537 1564 cum
1570 1504 1716 1579 inis,
1772 1508 1876 1581 qui
1922 1522 2063 1564 eum
2101 1503 2253 1562 Solle
2296 1501 2405 1560 sibi
2435 1517 2518 1556 re-

423 1606 550 1666 licti
595 1612 766 1679 sunt,
821 1606 1084 1681 cogitant
1113 1605 1280 1680 juste
1333 1604 1411 1663 de
1454 1605 1677 1664 Divino
1688 1649 1706 1680 ,
1762 1605 1839 1664 de
1872 1603 2085 1663 Verbo
2143 1604 2339 1678 deque
2383 1601 2521 1657 veris

421 1705 733 1766 Ecclesiae
770 1705 937 1779 inde,
993 1711 1054 1764 et
1104 1704 1210 1762 illa
1261 1711 1463 1762 amant
1516 1721 1706 1781 usque
1758 1705 1837 1764 ad
1870 1705 2091 1778 vitam,
2150 1702 2267 1762 hoc
2302 1706 2420 1767 est,
2464 1703 2518 1754 ut

421 1805 613 1864 velint
662 1807 864 1864 vivere
925 1804 1252 1864 secundum
1305 1804 1437 1879 illa3
1500 1804 1712 1863 horum
1760 1806 2161 1881 cogitationes
2220 1805 2282 1862 in
2332 1799 2517 1876 spiritu

425 1923 610 1964 unum
659 1893 900 1963 'faciunt
960 1923 1095 1963 eum
1143 1903 1383 1964 illorum
1429 1905 1889 1981 cogitationibus
1944 1923 2019 1964 ex
2074 1904 2361 1963 memoria
2400 1915 2513 1956 cor-

422 2007 619 2084 poriS,
674 2007 760 2062 ita
814 2021 996 2064 unum
1047 2021 1182 2064 cum
1235 2004 1669 2082 cognitionibus
1706 2007 1834 2065 veri
1882 2012 1945 2064 et
1988 2005 2168 2078 boni,
2224 2017 2375 2078 quae
2416 1997 2515 2054 illis
2623 2079 2624 2082 Ἴ

423 2123 502 2165 ex
521 2103 756 2179 Verb03
807 2111 868 2164 et
905 2111 1190 2181 quantum
1225 2123 1408 2164 unum
1444 2105 1686 2180 faciunt,
1724 2112 1957 2164 tantum
1990 2105 2365 2182 cognitiones
2396 2096 2513 2154 illae

421 2207 609 2264 vitam
645 2204 1018 2282 spiritualem
1059 2209 1516 2279 nanciscuntur,
1571 2223 1711 2264 nam
1747 2205 2062 2265 elevantur
2096 2223 2137 2262 a
2170 2201 2415 2262 Domino
2448 2193 2511 2252 ab
2623 2251 2624 2254 ,

418 2305 683 2365 Externo
718 2321 828 2365 seu
863 2304 1119 2364 naturali
1151 2303 1391 2366 homine
1440 2307 1502 2364 in
1533 2305 1844 2366 Internum
1878 2321 1987 2366 seu
2022 2301 2416 2382 spiritual-em,
2458 2302 2507 2352 et

418 2407 646 2466 faciunt
689 2405 869 2484 hujus
919 2406 1132 2479 vitam,
1201 2408 1288 2465 ita
1341 2406 1523 2483 hujus
1583 2405 1952 2466 intellectum
2012 2413 2075 2464 et
2136 2403 2504 2466 voluntatem,-

417 2523 566 2566 vera
597 2506 682 2566 ibi
728 2513 866 2565 sunt
919 2523 1074 2582 quae
1111 2511 1348 2581 vivunt,
1406 2508 1548 2582 quia
1582 2506 2001 2582 sunt'Divina‚
2060 2511 2124 2565 et
2172 2503 2309 2563 inde
2350 2499 2499 2556 homo

416 2607 501 2668 ibi
555 2607 800 2667 ex'illis.
879 2605 1055 2683 Quod
1100 2623 1200 2666 res
1248 2608 1336 2666 ita
1381 2623 1449 2666 se
1498 2605 1746 2682 habeat,
1804 2623 1877 2665 ex
1924 2605 2117 2666 multa
2166 2596 2501 2680 experientia

419 2707 564 2771 mihi
599 2709 752 2768 scire
786 2707 994 2766 datum
1030 2713 1150 2782 est,
1195 2725 1373 2783 quam
1412 2723 1645 2765 omnem
1680 2708 1734 2766 si
1768 2706 2164 2780 adducerem,
2203 2701 2497 2778 impleren-

417 2814 518 2868 tur
560 2807 972 2881 membranae,
1039 2813 1104 2864 ut
1149 2808 1390 2882 dicitur,
1458 2807 1683 2883 aliquid
1736 2807 2011 2869 videatur
2069 2810 2133 2866 in
2196 2803 2386 2880 Opere
2436 2793 2499 2852 de

418 2906 622 2966 Conna
669 2925 748 2964 ιιι·
794 2906 1070 2967 Inmane
1105 2926 1174 2967 n:
1215 2911 1353 2967 491
1398 2907 1477 2965 ad
1514 2909 1677 2967 498.
1719 2909 1857 2966 499
1900 2907 1977 2966 ad
2018 2909 2196 2982 5113
2252 2909 2311 2964 et
2341 2909 2499 2973 supr?⁸

415 3024 485 3064 n:
531 3010 559 3064 1
583 3008 691 3065 14.
763 3007 856 3064 Ex
889 3006 984 3064 his
1021 3024 1176 3067 nunc
1213 3013 1491 3067 constare
1526 3013 1731 3085 potest
1752 3048 1771 3078 ‚
1822 3008 1965 3082 quid
2012 3009 2073 3066 in
2122 3021 2307 3066 sensu
2341 2995 2493 3074 spiri·

411 3104 561 3164 tuali
622 3105 970 3183 intelligitur
1028 3126 1140 3184 per
1203 3107 1499 3181 „Veniam
1562 3125 1746 3184 super
1800 3113 1859 3166 te
1920 3109 2078 3167 sicut
2134 3107 2302 3178 fur‚“
2362 3091 2495 3174 (1¹1⁰d

410 3222 628 3282 nempe
662 3213 800 3281 post
835 3213 1086 3274 mortem
1123 3210 1447 3286 eripientur
1484 3225 1689 3268 omnes
1736 3209 2105 3284 cognitiones
2142 3203 2489 3279 comparatae

409 3319 496 3381 ex,
518 3304 722 3365 Verbo
740 3351 757 3382 ,
815 3325 969 3391 quae
1015 3323 1138 3368 *non
1183 3308 1560 3384 spiritualem
1596 3311 1780 3367 vitam
1828 3307 2087 3385 adeptae
2140 3310 2308 3367 sunt:
2354 3296 2489 3356 idem

407 3409 589 3466 etiam
623 3406 972 3486 intelligitur
1017 3426 1130 3486 per
1161 3409 1312 3468 haec
1359 3409 1419 3465 in
1454 3407 1825 3485 Apocalypsi
1893 3407 2108 3482 „Eece
2141 3403 2313 3468 venio
2360 3402 2483 3458 tan·

317 3496 322 3500 ”
403 3525 596 3586 quam
633 3508 786 3588 fur,
857 3509 1084 3569 beatus
1131 3509 1244 3588 qui
1292 3505 1532 3587 viyz'lat
1586 3513 1649 3568 et
1702 3512 1915 3568 servat
1979 3507 2369 3574 vestimenta,
2424 3507 2487 3552 M

401 3605 616 3670 nudus
644 3604 964 3669 ambulet“
1009 3607 1196 3668 XVI:
1247 3613 1274 3667 1
1296 3610 1365 3684 53
1420 3615 1701 3684 tanquam
1747 3609 1845 3667 fur
1880 3607 2117 3684 dicitur,
2176 3608 2309 3686 quia
2350 3591 2479 3656 mala

403 3715 464 3766 et
496 3707 636 3767 inde
691 3707 847 3766 falsa
901 3709 961 3764 in
1009 3709 1268 3767 naturali
1321 3709 1561 3768 homine
1612 3709 1891 3768 auferunt
1940 3715 2000 3766 et
2034 3709 2276 3785 ejiciunt
2306 3693 2481 3774 cogni‘

399 3809 593 3869 tiones
631 3811 760 3873 veri
815 3815 875 3868 et
909 3806 1051 3868 boni
1087 3825 1241 3884 quae
1279 3826 1356 3868 ex
1389 3807 1593 3868 Verbo
1628 3807 1740 3882 ibi,
1783 3825 1920 3866 nam
1960 3827 2121 3892 quae
2158 3824 2270 3867 non
2302 3809 2474 3860 aman-

394 3911 521 3981 tur,
587 3909 934 3985 ejiciuntur:
1011 3915 1104 3968 est
1157 3908 1319 3984 apud
1366 3909 1667 3967 hominem
1718 3907 1817 3966 vel
1862 3923 2029 3967 amor
2078 3908 2219 3968 mali
2268 3909 2323 3964 et
2361 3890 2472 3956 inde

395 4004 564 4078 falsi,
619 4007 718 4064 vel
771 4015 865 4068 est
912 4026 1077 4069 amor
1127 4007 1266 4068 boni
1313 4015 1375 4068 et
1422 4007 1560 4068 inde
1606 4009 1761 4083 veri3
1815 4007 1938 4066 bini
1986 4007 2073 4067 illi
2122 4017 2339 4068 amores
2380 3987 2469 4052 sibi

397 4105 665 4178 oppositi
699 4112 865 4176 sunt,
903 4126 1085 4182 quare
1124 4111 1225 4184 qui
1260 4110 1321 4167 in
1358 4125 1475 4168 uno
1514 4115 1605 4168 est
1640 4125 1759 4168 non
1792 4114 1997 4184 potest
2035 4126 2173 4170 esse
2202 4111 2259 4166 in
2292 4101 2465 4161 altero,

397 4215 538 4258 nam
577 4217 749 4260 nemo
783 4210 985 4278 potest
1031 4209 1258 4268 servire
1306 4206 1537 4268 duobus
1588 4207 1867 4284 dominis,
1928 4211 2070 4286 quin
2118 4224 2292 4270 unum
2338 4191 2461 4256 amet
