2700 4792
331 362 575 420 CAPUT
627 364 1040 424 SECUNDUM.
1656 367 1865 426 VEB&
1912 381 2001 433 10·
2184 385 2291 438 150

157 528 222 584 in
287 522 830 599 coi-respondentia
843 566 864 592 ‚
933 539 1092 605 quae
1153 523 1359 599 qualia
1422 532 1563 584 sunt
1614 525 1889 588 videatur
1952 531 2131 592 etiam
2204 531 2291 592 ibi

159 644 232 684 n:
291 624 444 683 485
479 623 556 682 ad
591 625 756 682 490.
821 623 992 704 Haec
1030 624 1322 700 conjectio
1354 627 1416 684 in
1452 625 1785 686 custodiam
1821 645 1859 687 a
1892 629 2129 690 diabolo
2172 632 2285 692 de-

157 724 462 784 scribitur
495 725 558 781 in
592 723 795 782 Verbo
830 741 942 799 per
977 723 1140 800 quod
1173 724 1399 784 Judaei
1434 733 1495 785 et
1528 727 1673 786 mali
1704 734 2133 807 persequuturi
2166 735 2289 793 sint

159 824 530 900 Discipulos
581 823 849 892 Domini,
907 823 1044 882 illos
1089 824 1326 900 probris
1376 825 1646 887 affecturi
1696 835 1757 887 et
1800 832 2085 905 occisuri,
2146 849 2287 892 nam

157 943 275 1002 per
329 923 672 999 discipulos
717 924 958 983 Domini
1017 924 1427 1000 intelliguntur
1474 943 1681 986 omnes
1734 929 1834 1004 qui
1882 931 1943 988 in
1983 928 2161 990 Veris
2210 949 2287 992 ex

157 1026 320 1084 bono
361 1030 526 1098 sunt,
565 1024 652 1082 ita
691 1025 792 1101 qui
833 1027 896 1083 in
932 1023 1110 1084 Veris
1149 1042 1224 1084 ex
1259 1025 1535 1094 Domino;
1574 1035 1633 1086 et
1666 1044 1799 1088 cum
1836 1028 1924 1088 illi
1958 1047 2069 1106 per
2096 1030 2279 1091 disci-

157 1126 346 1203 pulos
399 1125 648 1183 Domini
681 1123 1126 1200 intelliguntur,
1181 1126 1359 1182 etiam
1402 1128 1461 1184 in
1504 1143 1689 1188 sensu
1730 1127 2033 1189 abstracto
2072 1148 2109 1188 a
2141 1149 2284 1208 per.

162 1227 332 1286 sonis
349 1267 366 1299 ‚
429 1225 536 1301 qui
571 1239 786 1284 sensus
835 1233 930 1284 est
975 1226 1108 1300 ipse
1155 1240 1375 1284 sensus
1422 1228 1750 1304 spiritualis
1792 1228 2013 1299 Verbi,
2060 1231 2279 1292 intelli-

163 1333 392 1404 guntur
430 1327 572 1402 ipsa
595 1342 740 1384 vera
769 1333 829 1384 et
853 1326 1012 1385 bona
1039 1341 1194 1399 quae
1223 1342 1300 1382 ex
1327 1326 1583 1387 Domino
1608 1345 1719 1404 per
1753 1327 2023 1388 Verbum
2046 1329 2279 1407 Ipsius;

165 1427 326 1508 quod
381 1443 500 1502 per
559 1425 872 1486 duodecim
931 1425 1276 1501 Discipulos
1331 1426 1573 1486 Domini
1620 1428 2025 1505 intelligantur
2084 1434 2283 1490 omnia

169 1525 314 1584 fidei
344 1533 410 1586 et
452 1527 672 1586 amoris
710 1527 772 1584 in
811 1524 1160 1601 complexu,
1213 1529 1300 1584 ita
1339 1529 1537 1586 omnia
1572 1545 1718 1587 vera
1760 1537 1823 1588 et
1860 1528 2019 1588 bona
2060 1531 2276 1592 Eccle-

175 1628 324 1696 siae,
361 1626 642 1685 videatur
684 1645 754 1686 n:
815 1627 1028 1685 2129.
1068 1626 1281 1686 3354.
1327 1627 1541 1686 3488.
1585 1630 1796 1688 3858.
1842 1631 2066 1706 63973
2122 1631 2283 1708 quod
2342 1639 2351 1644 “

169 1724 444 1786 Verbum
477 1728 542 1784 in
569 1725 752 1787 Coelo
788 1725 1152 1802 intelligatur
1187 1727 1489 1787 abstracte
1524 1745 1561 1786 a
1606 1731 1913 1805 personia,
1966 1748 2151 1808 supra
2196 1749 2273 1790 n:

173 1827 280 1886 99.
327 1829 497 1886 100.
581 1827 702 1904 Qui
735 1829 927 1901 novit,
997 1827 1157 1901 quod
1195 1845 1308 1904 per
1349 1826 1699 1904 Discipulos
1752 1831 1993 1890 Domini
2050 1831 2275 1892 intelli-

166 1934 384 2003 gantur
424 1944 630 1987 omnes
659 1929 762 2004 qui
792 1929 854 1986 in
879 1928 1040 1986 veris
1073 1943 1148 1986 ex
1171 1927 1332 1988 bono
1358 1945 1399 1986 a
1424 1929 1679 1988 Domino
1708 1939 1865 2001 sunt,
1902 1938 1964 1990 et
1996 1933 2057 1990 in
2092 1947 2277 1992 sensu

164 2027 474 2086 abstracto
510 2030 644 2105 ipsa
679 2045 826 2086 vera
865 2043 940 2086 ex
974 2025 1161 2102 bone,
1219 2035 1282 2088 et
1315 2029 1477 2106 quod
1510 2045 1622 2106 per
1660 2030 2087 2108 conjectionem
2132 2031 2271 2091 illo-

163 2144 294 2185 rum
331 2130 396 2186 in
427 2127 756 2188 custodiam
786 2144 820 2185 a
849 2123 1084 2186 diabolo
1122 2128 1491 2206 intelligatur
1520 2137 1767 2189 conatus
1800 2130 2039 2190 illorum
2075 2134 2177 2210 qui
2210 2135 2273 2194 in

163 2227 342 2287 salsis
383 2245 458 2288 ex
497 2229 652 2288 malo
693 2233 838 2287 sunt
877 2227 1229 2303 deprivandi
1271 2229 1408 2288 illos
1458 2233 1647 2306 veria,
1705 2247 1775 2290 ac
1824 2233 1889 2310 in
1930 2248 2116 2291 seusu
2156 2232 2269 2291 ab-

165 2334 394 2388 stracto
441 2346 479 2387 a
512 2330 784 2406 personis
823 2327 1085 2386 detentio
1131 2335 1190 2389 et
1224 2330 1549 2406 captivatio
1594 2347 1869 2390 verorum
1908 2349 1947 2390 a
1980 2332 2168 2407 taleis,
2206 2339 2273 2391 ut

161 2443 388 2503 supra,
438 2428 526 2486 illi
571 2429 902 2505 intelligere
943 2435 1200 2503 possunt
1239 2430 1381 2506 quid
1414 2432 1490 2488 in·
1517 2436 1771 2506 utroque
1811 2447 1995 2490 sensu
2039 2432 2268 2508 signifi·

168 2533 356 2586 catur
395 2530 456 2585 in
491 2529 868 2603 sequentibus
911 2528 1006 2587 his
1055 2529 1204 2588 locis
1257 2527 1603 2612 „Injioient
1652 2529 1722 2590 in
1767 2547 1878 2590 voa
1922 2547 2153 2591 manus
2204 2535 2267 2591 et

157 2631 622 2706 per-sequaciter
653 2645 756 2688 vos
766 2673 782 2703 ‚
830 2627 1152 2688 tradentes
1185 2647 1296 2690 voe
1331 2629 1402 2690 in
1436 2646 1809 2710 eynayoyae
1842 2633 1903 2688 et
1936 2628 2270 2690 custodiae

32 2711 34 2716 ’
153 2731 430 2806 pmpter
471 2725 714 2788 Nomen
745 2731 996 2788 meum“
1049 2731 1206 2789 Luc:
1245 2729 1438 2790 XXI:
1487 2733 1610 2807 123
1666 2730 1826 2809 quod
1858 2735 2109 2808 propter
2139 2729 2269 2788 No-

163 2844 303 2886 men
336 2827 578 2888 Domini
611 2829 906 2906 significet
952 2837 1200 2908 propter
1243 2830 1403 2890 bona
1448 2833 1667 2890 amoris
1712 2838 1773 2890 et
1820 2847 1967 2890 vera
2012 2824 2153 2890 fidei
2188 2829 2269 2890 ab

169 2925 344 3000 Ipso,
390 2929 666 2989 videatur
705 2945 892 3006 supra
939 2947 1011 2989 nt
1073 2934 1102 2989 1
1122 2933 1231 2990 02.
1321 2929 1557 3006 „Tunc
1599 2929 1855 2992 trudent
1888 2949 1999 2990 voe
2034 2929 2105 2991 in
2138 2931 2265 2992 tri-

173 3022 574 3104 bulationem,
639 3034 701 3088 et
749 3029 1029 3090 occident
1073 3049 1184 3091 vos
1198 3075 1218 3101 ,
1275 3036 1336 3091 et
1372 3030 1557 3091 eritis
1593 3031 1740 3092 odio
1774 3029 1981 3092 habiti
2002 3037 2268 3113 propter·

172 3123 410 3188 Nomen
451 3129 706 3192 meum“
759 3129 980 3190 Matth:
1031 3130 1276 3192 XXIV:
1340 3135 1398 3190 9.
1452 3134 1558 3190 11.
1650 3131 1991 3206 „Tra-dent
2035 3151 2145 3193 voe
2195 3133 2267 3194 in

33 3285 40 3290 .
168 3220 484 3304 Synedria
543 3234 605 3290 et
653 3229 725 3290 in
776 3227 1192 3310 Synaqoyas‚
1267 3237 1328 3291 et
1368 3227 1798 3311 flayellabunt
1850 3251 1961 3293 voe
2000 3239 2267 3314 propter

163 3321 310 3384 Me“
354 3329 576 3388 Matth:
613 3329 710 3388 X:
757 3334 867 3390 17.
914 3333 1022 3390 18.
1075 3332 1274 3392 Marc:
1315 3331 1501 3391 XIII:
1558 3336 1616 3391 9.
1706 3330 1920 3407 „Ecce
1952 3333 2137 3394 mitto
2172 3331 2301 3412 ad,

162 3443 266 3486 voe
313 3427 708 3508 Prophetas,
749 3434 810 3489 et
843 3428 1176 3509 Sapientes
1211 3437 1270 3492 et
1305 3431 1565 3493 Scribas
1580 3424 1608 3506 ,⁰
1640 3439 1699 3494 et
1726 3451 1807 3494 ex
1840 3430 1983 3493 illia
2016 3431 2261 3493 occide-

161 3525 242 3584 tis
273 3534 334 3588 et
369 3529 784 3610 orucifiyetio,
821 3535 881 3590 et
915 3548 994 3592 ex
1029 3529 1172 3592 illie
1193 3529 1625 3612 flayellabitie
1659 3534 1731 3594 in
1756 3530 2129 3612 Synayoyia
2156 3547 2259 3590 ve·-

160 3627 324 3702 8tn'8,
344 3633 430 3688 ‘et
463 3630 930 3709 persequemini
957 3632 1034 3694 ab
1057 3634 1208 3693 urbe
1234 3633 1304 3694 in
1329 3653 1375 3694 u
1552 3636 1588 3668 “
1628 3632 1837 3694 Matth:
1862 3629 2102 3690 XXIII:
2148 3630 2183 3688 3
2197 3633 2257 3688 4.

160 3725 422 3798 „Homo
465 3727 966 3810 Paterfamilias
1017 3729 1349 3811 plantavit
1386 3733 1634 3794 vineam
1649 3776 1666 3807 ,
1724 3736 1784 3790 et
1818 3726 2049 3789 locavit
2074 3727 2261 3807 ayri-

159 3823 302 3886 colie
314 3849 342 3900 ;
404 3847 548 3890 oum
580 3830 1112 3912 appropinquavit
1147 3839 1394 3913 tempus
1426 3833 1783 3912 fructuum,
1828 3826 2011 3888 misit
2046 3845 2261 3890 servo-9

156 3943 296 3986 euos
329 3927 430 3990 ad
471 3927 828 4010 ayricola-s,
898 3938 971 3994 ut
1005 3934 1310 4013 acciperet
1344 3934 1611 4013 fructus
1652 3929 1788 4011 ejus
1802 3974 1817 4004 ,
1879 3926 1992 3988 sed
2026 3947 2259 4010 appre-

159 4021 489 4091 hendentes·
531 4028 856 4110 aym‘colae
896 4052 1126 4110 cervos,
1165 4053 1364 4095 unum
1398 4029 1755 4092 ceciderunt
1800 4027 2036 4111 virqia,
2096 4027 2261 4092 alte-

157 4143 290 4188 rum
337 4129 730 4202 oeciderunt,
793 4130 1002 4195 alium
1048 4131 1431 4212 lapidarunt
1447 4152 1468 4191 .·
1566 4129 1801 4192 iterum
1852 4130 2037 4194 misit
2082 4127 2260 4194 alico

163 4240 392 4303 eet-vos,
453 4229 570 4290 ced
605 4232 898 4313 fecerunt
941 4232 1032 4295 iio
1067 4229 1391 4294 similiter.
1471 4229 1761 4292 Tandem
1796 4231 1982 4294 misit
2020 4230 2109 4292 ad
2154 4249 2263 4292 eoo
