<?xml version="1.0" encoding="UTF-8"?>
<!DOCTYPE html PUBLIC "-//W3C//DTD XHTML 1.0 Transitional//EN"
    "http://www.w3.org/TR/xhtml1/DTD/xhtml1-transitional.dtd">
<html xmlns="http://www.w3.org/1999/xhtml" xml:lang="en" lang="en">
 <head>
  <title>
</title>
<meta http-equiv="Content-Type" content="text/html;charset=utf-8" />
  <meta name='ocr-system' content='tesseract 3.04.00' />
  <meta name='ocr-capabilities' content='ocr_page ocr_carea ocr_par ocr_line ocrx_word'/>
</head>
<body>
  <div class='ocr_page' id='page_1' title='image "./apocalypsisexpl01unkngoog_0235.png"; bbox 0 0 2700 4792; ppageno 0'>
   <div class='ocr_carea' id='block_1_1' title="bbox 329 329 2333 399">
    <p class='ocr_par' dir='ltr' id='par_1_1' title="bbox 329 329 2333 399">
     <span class='ocr_line' id='line_1_1' title="bbox 329 329 2333 399; baseline 0.005 -11"><span class='ocrx_word' id='word_1_1' title='bbox 329 331 569 388; x_wconf 83' lang='lat' dir='ltr'>CAPUT</span> <span class='ocrx_word' id='word_1_2' title='bbox 625 329 1032 390; x_wconf 75' lang='lat' dir='ltr'><strong>SECUNDUM.</strong></span> <span class='ocrx_word' id='word_1_3' title='bbox 1633 331 1642 336; x_wconf 81' lang='grc'><em>“</em></span> <span class='ocrx_word' id='word_1_4' title='bbox 1718 331 1929 394; x_wconf 75' lang='lat' dir='ltr'>VERSx</span> <span class='ocrx_word' id='word_1_5' title='bbox 1972 341 2067 395; x_wconf 73' lang='lat'>24.</span> <span class='ocrx_word' id='word_1_6' title='bbox 2224 345 2333 399; x_wconf 78' lang='lat'>‘231</span> 
     </span>
    </p>
   </div>
   <div class='ocr_carea' id='block_1_2' title="bbox 197 487 2334 4278">
    <p class='ocr_par' dir='ltr' id='par_1_2' title="bbox 197 487 2334 1771">
     <span class='ocr_line' id='line_1_2' title="bbox 209 487 2334 566; baseline 0 -14"><span class='ocrx_word' id='word_1_7' title='bbox 209 511 348 552; x_wconf 88' lang='lat' dir='ltr'>nem</span> <span class='ocrx_word' id='word_1_8' title='bbox 403 493 668 552; x_wconf 87' lang='lat' dir='ltr'>omnium</span> <span class='ocrx_word' id='word_1_9' title='bbox 715 488 914 564; x_wconf 84' lang='lat' dir='ltr'>Coeli,</span> <span class='ocrx_word' id='word_1_10' title='bbox 987 493 1050 548; x_wconf 90' lang='lat' dir='ltr'>et</span> <span class='ocrx_word' id='word_1_11' title='bbox 1089 487 1421 548; x_wconf 80' lang='lat' dir='ltr'><strong>Externum</strong></span> <span class='ocrx_word' id='word_1_12' title='bbox 1478 489 1555 548; x_wconf 83' lang='lat' dir='ltr'>ad</span> <span class='ocrx_word' id='word_1_13' title='bbox 1609 492 2012 566; x_wconf 79' lang='lat' dir='ltr'>receptionem</span> <span class='ocrx_word' id='word_1_14' title='bbox 2074 495 2334 552; x_wconf 87' lang='lat' dir='ltr'>omnium</span> 
     </span>
     <span class='ocr_line' id='line_1_3' title="bbox 206 587 2329 670; baseline 0 -18"><span class='ocrx_word' id='word_1_15' title='bbox 206 593 448 668; x_wconf 88' lang='lat' dir='ltr'>mundi,</span> <span class='ocrx_word' id='word_1_16' title='bbox 504 588 880 668; x_wconf 83' lang='lat' dir='ltr'>quapropter¹</span> <span class='ocrx_word' id='word_1_17' title='bbox 921 587 1166 647; x_wconf 87' lang='lat' dir='ltr'>beatum</span> <span class='ocrx_word' id='word_1_18' title='bbox 1213 588 1479 648; x_wconf 87' lang='lat' dir='ltr'>coeleste</span> <span class='ocrx_word' id='word_1_19' title='bbox 1532 591 1707 648; x_wconf 87' lang='lat' dir='ltr'>datur</span> <span class='ocrx_word' id='word_1_20' title='bbox 1740 593 1915 651; x_wconf 89' lang='lat' dir='ltr'>unice</span> <span class='ocrx_word' id='word_1_21' title='bbox 1964 593 2129 668; x_wconf 87' lang='lat' dir='ltr'>apud</span> <span class='ocrx_word' id='word_1_22' title='bbox 2172 593 2329 670; x_wconf 89' lang='lat' dir='ltr'>illos,</span> 
     </span>
     <span class='ocr_line' id='line_1_4' title="bbox 207 690 2333 770; baseline 0 -18"><span class='ocrx_word' id='word_1_23' title='bbox 207 693 380 770; x_wconf 88' lang='lat' dir='ltr'>apud</span> <span class='ocrx_word' id='word_1_24' title='bbox 417 707 570 768; x_wconf 90' lang='lat' dir='ltr'>quos</span> <span class='ocrx_word' id='word_1_25' title='bbox 615 691 926 750; x_wconf 84' lang='lat' dir='ltr'><strong>Internum</strong></span> <span class='ocrx_word' id='word_1_26' title='bbox 963 695 1238 764; x_wconf 86' lang='lat' dir='ltr'>apertum</span> <span class='ocrx_word' id='word_1_27' title='bbox 1279 695 1401 763; x_wconf 87' lang='lat' dir='ltr'>est,</span> <span class='ocrx_word' id='word_1_28' title='bbox 1452 696 1518 748; x_wconf 79' lang='lat' dir='ltr'>et·</span> <span class='ocrx_word' id='word_1_29' title='bbox 1545 690 1863 749; x_wconf 84' lang='lat' dir='ltr'>formatum</span> <span class='ocrx_word' id='word_1_30' title='bbox 1904 691 1979 752; x_wconf 84' lang='lat' dir='ltr'>ad</span> <span class='ocrx_word' id='word_1_31' title='bbox 2012 694 2333 769; x_wconf 79' lang='lat' dir='ltr'>imaginem</span> 
     </span>
     <span class='ocr_line' id='line_1_5' title="bbox 209 788 2329 868; baseline -0 -15"><span class='ocrx_word' id='word_1_32' title='bbox 209 792 406 868; x_wconf 82' lang='lat' dir='ltr'>Coeli,</span> <span class='ocrx_word' id='word_1_33' title='bbox 458 809 579 850; x_wconf 90' lang='lat' dir='ltr'>non</span> <span class='ocrx_word' id='word_1_34' title='bbox 614 797 814 850; x_wconf 86' lang='lat' dir='ltr'>autem</span> <span class='ocrx_word' id='word_1_35' title='bbox 851 789 1015 866; x_wconf 85' lang='lat' dir='ltr'>apud</span> <span class='ocrx_word' id='word_1_36' title='bbox 1045 788 1182 848; x_wconf 88' lang='lat' dir='ltr'>illos</span> <span class='ocrx_word' id='word_1_37' title='bbox 1217 788 1381 864; x_wconf 81' lang='lat' dir='ltr'>apud</span> <span class='ocrx_word' id='word_1_38' title='bbox 1413 805 1562 865; x_wconf 87' lang='lat' dir='ltr'>quos</span> <span class='ocrx_word' id='word_1_39' title='bbox 1588 788 1895 849; x_wconf 82' lang='lat' dir='ltr'><strong>Internum</strong></span> <span class='ocrx_word' id='word_1_40' title='bbox 1916 791 2187 852; x_wconf 88' lang='lat' dir='ltr'>clausum</span> <span class='ocrx_word' id='word_1_41' title='bbox 2216 799 2329 868; x_wconf 89' lang='lat' dir='ltr'>est,</span> 
     </span>
     <span class='ocr_line' id='line_1_6' title="bbox 203 888 2331 974; baseline 0 -22"><span class='ocrx_word' id='word_1_42' title='bbox 203 892 428 952; x_wconf 86' lang='lat' dir='ltr'>horum</span> <span class='ocrx_word' id='word_1_43' title='bbox 464 890 710 950; x_wconf 86' lang='lat' dir='ltr'>beatum</span> <span class='ocrx_word' id='word_1_44' title='bbox 761 895 856 949; x_wconf 83' lang='lat' dir='ltr'>est</span> <span class='ocrx_word' id='word_1_45' title='bbox 881 888 1214 966; x_wconf 85' lang='lat' dir='ltr'>jucundum</span> <span class='ocrx_word' id='word_1_46' title='bbox 1257 889 1534 963; x_wconf 78' lang='lat' dir='ltr'>honoris,</span> <span class='ocrx_word' id='word_1_47' title='bbox 1584 889 1811 965; x_wconf 84' lang='lat' dir='ltr'>gloriae</span> <span class='ocrx_word' id='word_1_48' title='bbox 1850 897 1909 950; x_wconf 92' lang='lat' dir='ltr'>et</span> <span class='ocrx_word' id='word_1_49' title='bbox 1945 891 2126 966; x_wconf 88' lang='lat' dir='ltr'>lucri,</span> <span class='ocrx_word' id='word_1_50' title='bbox 2172 893 2331 974; x_wconf 89' lang='lat' dir='ltr'>quod</span> 
     </span>
     <span class='ocr_line' id='line_1_7' title="bbox 197 988 2331 1070; baseline -0.001 -17"><span class='ocrx_word' id='word_1_51' title='bbox 197 991 540 1070; x_wconf 82' lang='lat' dir='ltr'>jucundum</span> <span class='ocrx_word' id='word_1_52' title='bbox 583 990 810 1050; x_wconf 87' lang='lat' dir='ltr'>homini</span> <span class='ocrx_word' id='word_1_53' title='bbox 858 995 952 1049; x_wconf 85' lang='lat' dir='ltr'>est</span> <span class='ocrx_word' id='word_1_54' title='bbox 1001 988 1286 1064; x_wconf 88' lang='lat' dir='ltr'>quamdiu</span> <span class='ocrx_word' id='word_1_55' title='bbox 1334 989 1483 1049; x_wconf 79' lang='lat' dir='ltr'>vivit</span> <span class='ocrx_word' id='word_1_56' title='bbox 1522 991 1583 1046; x_wconf 89' lang='lat' dir='ltr'>in</span> <span class='ocrx_word' id='word_1_57' title='bbox 1630 989 1883 1060; x_wconf 88' lang='lat' dir='ltr'>mundo,</span> <span class='ocrx_word' id='word_1_58' title='bbox 1947 990 2057 1049; x_wconf 88' lang='lat' dir='ltr'>sed</span> <span class='ocrx_word' id='word_1_59' title='bbox 2094 991 2156 1049; x_wconf 88' lang='lat' dir='ltr'>id</span> <span class='ocrx_word' id='word_1_60' title='bbox 2190 999 2331 1067; x_wconf 87' lang='lat' dir='ltr'>post</span> 
     </span>
     <span class='ocr_line' id='line_1_8' title="bbox 207 1088 2327 1166; baseline -0.001 -13"><span class='ocrx_word' id='word_1_61' title='bbox 207 1098 496 1166; x_wconf 87' lang='lat' dir='ltr'>mortem,</span> <span class='ocrx_word' id='word_1_62' title='bbox 565 1108 701 1151; x_wconf 90' lang='lat' dir='ltr'>cum</span> <span class='ocrx_word' id='word_1_63' title='bbox 755 1090 932 1148; x_wconf 90' lang='lat' dir='ltr'>homo</span> <span class='ocrx_word' id='word_1_64' title='bbox 981 1088 1050 1148; x_wconf 91' lang='lat' dir='ltr'>fit</span> <span class='ocrx_word' id='word_1_65' title='bbox 1099 1091 1378 1164; x_wconf 86' lang='lat' dir='ltr'>spiritus,</span> <span class='ocrx_word' id='word_1_66' title='bbox 1433 1091 1685 1146; x_wconf 85' lang='lat' dir='ltr'>vertitur</span> <span class='ocrx_word' id='word_1_67' title='bbox 1720 1091 1782 1147; x_wconf 89' lang='lat' dir='ltr'>in</span> <span class='ocrx_word' id='word_1_68' title='bbox 1833 1090 2327 1166; x_wconf 76' lang='lat' dir='ltr'>correspondenS,</span> 
     </span>
     <span class='ocr_line' id='line_1_9' title="bbox 209 1187 2327 1270; baseline -0 -18"><span class='ocrx_word' id='word_1_69' title='bbox 209 1192 378 1270; x_wconf 85' lang='lat' dir='ltr'>quod</span> <span class='ocrx_word' id='word_1_70' title='bbox 426 1197 520 1251; x_wconf 91' lang='lat' dir='ltr'>est</span> <span class='ocrx_word' id='word_1_71' title='bbox 567 1197 787 1250; x_wconf 89' lang='lat' dir='ltr'>tetrum</span> <span class='ocrx_word' id='word_1_72' title='bbox 837 1195 900 1248; x_wconf 89' lang='lat' dir='ltr'>et</span> <span class='ocrx_word' id='word_1_73' title='bbox 948 1189 1170 1262; x_wconf 85' lang='lat' dir='ltr'>dirum,</span> <span class='ocrx_word' id='word_1_74' title='bbox 1227 1188 1505 1246; x_wconf 83' lang='lat' dir='ltr'>videatur</span> <span class='ocrx_word' id='word_1_75' title='bbox 1545 1191 1607 1246; x_wconf 91' lang='lat' dir='ltr'>in</span> <span class='ocrx_word' id='word_1_76' title='bbox 1646 1187 1847 1264; x_wconf 82' lang='lat' dir='ltr'>Opere</span> <span class='ocrx_word' id='word_1_77' title='bbox 1896 1190 1969 1248; x_wconf 88' lang='lat' dir='ltr'>de</span> <span class='ocrx_word' id='word_1_78' title='bbox 2010 1189 2211 1250; x_wconf 60' lang='lat' dir='ltr'>Conco</span> <span class='ocrx_word' id='word_1_79' title='bbox 2250 1211 2327 1251; x_wconf 77' lang='grc'><strong>111·</strong></span> 
     </span>
     <span class='ocr_line' id='line_1_10' title="bbox 204 1288 2326 1365; baseline -0.001 -13"><span class='ocrx_word' id='word_1_80' title='bbox 204 1293 500 1352; x_wconf 60' lang='grc' dir='ltr'><strong>111111111Νο</strong></span> <span class='ocrx_word' id='word_1_81' title='bbox 547 1309 618 1350; x_wconf 88' lang='lat' dir='ltr'>n:</span> <span class='ocrx_word' id='word_1_82' title='bbox 653 1293 792 1352; x_wconf 82' lang='lat'>485</span> <span class='ocrx_word' id='word_1_83' title='bbox 827 1289 906 1348; x_wconf 81' lang='lat' dir='ltr'>ad</span> <span class='ocrx_word' id='word_1_84' title='bbox 943 1289 1118 1364; x_wconf 78' lang='lat'>4903</span> <span class='ocrx_word' id='word_1_85' title='bbox 1167 1294 1228 1348; x_wconf 88' lang='lat' dir='ltr'>et</span> <span class='ocrx_word' id='word_1_86' title='bbox 1265 1289 1425 1363; x_wconf 84' lang='lat' dir='ltr'>quod</span> <span class='ocrx_word' id='word_1_87' title='bbox 1451 1288 1695 1347; x_wconf 88' lang='lat' dir='ltr'>beatum</span> <span class='ocrx_word' id='word_1_88' title='bbox 1736 1288 1917 1364; x_wconf 88' lang='lat' dir='ltr'>Coeli,</span> <span class='ocrx_word' id='word_1_89' title='bbox 1958 1291 2119 1365; x_wconf 91' lang='lat' dir='ltr'>quod</span> <span class='ocrx_word' id='word_1_90' title='bbox 2156 1291 2326 1350; x_wconf 84' lang='lat' dir='ltr'>Gau-</span> 
     </span>
     <span class='ocr_line' id='line_1_11' title="bbox 203 1378 2329 1476; baseline -0 -25"><span class='ocrx_word' id='word_1_91' title='bbox 203 1393 374 1451; x_wconf 85' lang='lat' dir='ltr'>dium</span> <span class='ocrx_word' id='word_1_92' title='bbox 405 1391 684 1452; x_wconf 88' lang='lat' dir='ltr'>Coeleste</span> <span class='ocrx_word' id='word_1_93' title='bbox 721 1396 986 1464; x_wconf 83' lang='lat' dir='ltr'>vocatur,</span> <span class='ocrx_word' id='word_1_94' title='bbox 1021 1391 1112 1447; x_wconf 20' lang='lat' dir='ltr'>*sit</span> <span class='ocrx_word' id='word_1_95' title='bbox 1151 1387 1346 1448; x_wconf 90' lang='lat' dir='ltr'>solum</span> <span class='ocrx_word' id='word_1_96' title='bbox 1374 1389 1493 1446; x_wconf 90' lang='lat' dir='ltr'>illis</span> <span class='ocrx_word' id='word_1_97' title='bbox 1533 1391 1635 1465; x_wconf 90' lang='lat' dir='ltr'>qui</span> <span class='ocrx_word' id='word_1_98' title='bbox 1662 1378 1769 1476; x_wconf 87' lang='lat' dir='ltr'>[in]</span> <span class='ocrx_word' id='word_1_99' title='bbox 1805 1388 2047 1449; x_wconf 84' lang='lat' dir='ltr'>Interno</span> <span class='ocrx_word' id='word_1_100' title='bbox 2088 1396 2228 1452; x_wconf 89' lang='lat' dir='ltr'>sunt</span> <span class='ocrx_word' id='word_1_101' title='bbox 2268 1397 2329 1452; x_wconf 93' lang='lat' dir='ltr'>et</span> 
     </span>
     <span class='ocr_line' id='line_1_12' title="bbox 201 1487 2329 1567; baseline -0.001 -15"><span class='ocrx_word' id='word_1_102' title='bbox 201 1493 350 1552; x_wconf 86' lang='lat' dir='ltr'>inde</span> <span class='ocrx_word' id='word_1_103' title='bbox 384 1495 448 1550; x_wconf 90' lang='lat' dir='ltr'>in</span> <span class='ocrx_word' id='word_1_104' title='bbox 487 1492 782 1566; x_wconf 82' lang='lat' dir='ltr'>Externo‚</span> <span class='ocrx_word' id='word_1_105' title='bbox 851 1493 912 1548; x_wconf 85' lang='lat' dir='ltr'>in</span> <span class='ocrx_word' id='word_1_106' title='bbox 949 1489 1163 1550; x_wconf 87' lang='lat' dir='ltr'>eodem</span> <span class='ocrx_word' id='word_1_107' title='bbox 1199 1487 1400 1564; x_wconf 87' lang='lat' dir='ltr'>Opere</span> <span class='ocrx_word' id='word_1_108' title='bbox 1448 1506 1519 1546; x_wconf 86' lang='lat' dir='ltr'>n:</span> <span class='ocrx_word' id='word_1_109' title='bbox 1564 1491 1700 1548; x_wconf 85' lang='lat'>395</span> <span class='ocrx_word' id='word_1_110' title='bbox 1745 1489 1822 1547; x_wconf 83' lang='lat' dir='ltr'>ad</span> <span class='ocrx_word' id='word_1_111' title='bbox 1860 1493 2032 1550; x_wconf 86' lang='lat'>414:</span> <span class='ocrx_word' id='word_1_112' title='bbox 2090 1497 2151 1550; x_wconf 89' lang='lat' dir='ltr'>et</span> <span class='ocrx_word' id='word_1_113' title='bbox 2184 1491 2329 1567; x_wconf 86' lang='lat' dir='ltr'>quid</span> 
     </span>
     <span class='ocr_line' id='line_1_13' title="bbox 204 1587 2325 1666; baseline -0.001 -15"><span class='ocrx_word' id='word_1_114' title='bbox 204 1592 521 1652; x_wconf 83' lang='lat' dir='ltr'>Internum</span> <span class='ocrx_word' id='word_1_115' title='bbox 551 1598 612 1651; x_wconf 91' lang='lat' dir='ltr'>et</span> <span class='ocrx_word' id='word_1_116' title='bbox 637 1592 985 1666; x_wconf 85' lang='lat' dir='ltr'>Externum,</span> <span class='ocrx_word' id='word_1_117' title='bbox 1015 1591 1076 1648; x_wconf 90' lang='lat' dir='ltr'>in</span> <span class='ocrx_word' id='word_1_118' title='bbox 1110 1590 1436 1651; x_wconf 67' lang='lat' dir='ltr'>Docrnnu</span> <span class='ocrx_word' id='word_1_119' title='bbox 1469 1587 1525 1646; x_wconf 90' lang='lat' dir='ltr'>N</span> <span class='ocrx_word' id='word_1_120' title='bbox 1529 1607 1683 1648; x_wconf 58' lang='lat' dir='ltr'>evan</span> <span class='ocrx_word' id='word_1_121' title='bbox 1718 1589 2207 1652; x_wconf 70' lang='lat' dir='ltr'>Hmnosommu</span> <span class='ocrx_word' id='word_1_122' title='bbox 2256 1610 2325 1650; x_wconf 78' lang='lat' dir='ltr'>n:</span> 
     </span>
     <span class='ocr_line' id='line_1_14' title="bbox 209 1693 1684 1771; baseline -0.001 -19"><span class='ocrx_word' id='word_1_123' title='bbox 209 1694 300 1752; x_wconf 79' lang='lat'>36</span> <span class='ocrx_word' id='word_1_124' title='bbox 343 1693 422 1750; x_wconf 85' lang='lat' dir='ltr'>ad</span> <span class='ocrx_word' id='word_1_125' title='bbox 465 1693 574 1752; x_wconf 87' lang='lat'>53.</span> <span class='ocrx_word' id='word_1_126' title='bbox 771 1765 778 1771; x_wconf 22' lang='grc' dir='ltr'>ι</span> <span class='ocrx_word' id='word_1_127' title='bbox 1670 1696 1684 1704; x_wconf 82' lang='lat'>‘</span> 
     </span>
    </p>

    <p class='ocr_par' dir='ltr' id='par_1_3' title="bbox 205 1790 2329 2380">
     <span class='ocr_line' id='line_1_15' title="bbox 378 1790 2329 1870; baseline 0 -20"><span class='ocrx_word' id='word_1_128' title='bbox 378 1794 536 1854; x_wconf 86' lang='grc'><strong>169.</strong></span> <span class='ocrx_word' id='word_1_129' title='bbox 595 1790 785 1851; x_wconf 83' lang='lat' dir='ltr'><strong>Vobis</strong></span> <span class='ocrx_word' id='word_1_130' title='bbox 825 1794 1027 1850; x_wconf 81' lang='lat' dir='ltr'>autem</span> <span class='ocrx_word' id='word_1_131' title='bbox 1064 1790 1226 1864; x_wconf 90' lang='lat' dir='ltr'>dico,</span> <span class='ocrx_word' id='word_1_132' title='bbox 1288 1795 1348 1849; x_wconf 88' lang='lat' dir='ltr'>et</span> <span class='ocrx_word' id='word_1_133' title='bbox 1385 1790 1634 1870; x_wconf 76' lang='lat' dir='ltr'>reliquis</span> <span class='ocrx_word' id='word_1_134' title='bbox 1669 1791 1731 1848; x_wconf 90' lang='lat' dir='ltr'>in</span> <span class='ocrx_word' id='word_1_135' title='bbox 1768 1790 2101 1867; x_wconf 86' lang='lat' dir='ltr'>Thyatiris,</span> <span class='ocrx_word' id='word_1_136' title='bbox 2169 1792 2329 1866; x_wconf 88' lang='lat' dir='ltr'>quod</span> 
     </span>
     <span class='ocr_line' id='line_1_16' title="bbox 213 1889 2328 1969; baseline 0 -19"><span class='ocrx_word' id='word_1_137' title='bbox 213 1891 516 1968; x_wconf 84' lang='lat' dir='ltr'>significet</span> <span class='ocrx_word' id='word_1_138' title='bbox 551 1891 825 1951; x_wconf 86' lang='lat' dir='ltr'>omnibus</span> <span class='ocrx_word' id='word_1_139' title='bbox 857 1896 917 1950; x_wconf 91' lang='lat' dir='ltr'>et</span> <span class='ocrx_word' id='word_1_140' title='bbox 949 1891 1209 1967; x_wconf 83' lang='lat' dir='ltr'>singulis</span> <span class='ocrx_word' id='word_1_141' title='bbox 1241 1890 1406 1967; x_wconf 90' lang='lat' dir='ltr'>apud</span> <span class='ocrx_word' id='word_1_142' title='bbox 1440 1906 1589 1966; x_wconf 84' lang='lat' dir='ltr'>quos</span> <span class='ocrx_word' id='word_1_143' title='bbox 1613 1889 1919 1950; x_wconf 85' lang='lat' dir='ltr'>Internum</span> <span class='ocrx_word' id='word_1_144' title='bbox 1947 1892 2328 1969; x_wconf 88' lang='lat' dir='ltr'>conjunctum</span> 
     </span>
     <span class='ocr_line' id='line_1_17' title="bbox 217 1990 2329 2067; baseline -0 -16"><span class='ocrx_word' id='word_1_145' title='bbox 217 1999 319 2051; x_wconf 89' lang='lat' dir='ltr'>est</span> <span class='ocrx_word' id='word_1_146' title='bbox 350 1993 645 2062; x_wconf 82' lang='lat' dir='ltr'>Extern0‚</span> <span class='ocrx_word' id='word_1_147' title='bbox 701 1997 936 2052; x_wconf 86' lang='lat' dir='ltr'>constat</span> <span class='ocrx_word' id='word_1_148' title='bbox 985 2008 1059 2050; x_wconf 85' lang='lat' dir='ltr'>ex</span> <span class='ocrx_word' id='word_1_149' title='bbox 1103 1991 1259 2065; x_wconf 77' lang='lat' dir='ltr'>illie,</span> <span class='ocrx_word' id='word_1_150' title='bbox 1321 2007 1475 2067; x_wconf 84' lang='lat' dir='ltr'>quae</span> <span class='ocrx_word' id='word_1_151' title='bbox 1523 2007 1711 2067; x_wconf 88' lang='lat' dir='ltr'>supra</span> <span class='ocrx_word' id='word_1_152' title='bbox 1758 2009 1829 2049; x_wconf 88' lang='lat' dir='ltr'>n:</span> <span class='ocrx_word' id='word_1_153' title='bbox 1877 1995 1904 2048; x_wconf 92' lang='lat'>1</span> <span class='ocrx_word' id='word_1_154' title='bbox 1927 1992 2013 2050; x_wconf 85' lang='lat'>50</span> <span class='ocrx_word' id='word_1_155' title='bbox 2061 1990 2221 2051; x_wconf 87' lang='lat' dir='ltr'>dicta</span> <span class='ocrx_word' id='word_1_156' title='bbox 2267 1997 2329 2050; x_wconf 88' lang='lat' dir='ltr'>et</span> 
     </span>
     <span class='ocr_line' id='line_1_18' title="bbox 209 2089 2326 2169; baseline -0 -17"><span class='ocrx_word' id='word_1_157' title='bbox 209 2099 460 2152; x_wconf 87' lang='lat' dir='ltr'>ostensa</span> <span class='ocrx_word' id='word_1_158' title='bbox 495 2099 664 2169; x_wconf 87' lang='lat' dir='ltr'>sunt,</span> <span class='ocrx_word' id='word_1_159' title='bbox 734 2091 893 2169; x_wconf 89' lang='lat' dir='ltr'>quod</span> <span class='ocrx_word' id='word_1_160' title='bbox 927 2109 1144 2169; x_wconf 80' lang='lat' dir='ltr'>nempe</span> <span class='ocrx_word' id='word_1_161' title='bbox 1188 2093 1249 2150; x_wconf 90' lang='lat' dir='ltr'>in</span> <span class='ocrx_word' id='word_1_162' title='bbox 1289 2093 1529 2167; x_wconf 89' lang='lat' dir='ltr'>scriptis</span> <span class='ocrx_word' id='word_1_163' title='bbox 1568 2089 1645 2148; x_wconf 85' lang='lat' dir='ltr'>ad</span> <span class='ocrx_word' id='word_1_164' title='bbox 1681 2090 1981 2167; x_wconf 86' lang='lat' dir='ltr'>Angelum</span> <span class='ocrx_word' id='word_1_165' title='bbox 2014 2091 2326 2151; x_wconf 83' lang='lat' dir='ltr'>Ecclesiae</span> 
     </span>
     <span class='ocr_line' id='line_1_19' title="bbox 205 2191 2325 2271; baseline -0 -19"><span class='ocrx_word' id='word_1_166' title='bbox 205 2196 272 2252; x_wconf 94' lang='lat' dir='ltr'>in</span> <span class='ocrx_word' id='word_1_167' title='bbox 319 2193 622 2271; x_wconf 86' lang='lat' dir='ltr'>Thyatiris</span> <span class='ocrx_word' id='word_1_168' title='bbox 667 2191 1081 2252; x_wconf 81' lang='lat' dir='ltr'>describantur</span> <span class='ocrx_word' id='word_1_169' title='bbox 1117 2191 1205 2250; x_wconf 87' lang='lat' dir='ltr'>illi</span> <span class='ocrx_word' id='word_1_170' title='bbox 1258 2194 1361 2268; x_wconf 89' lang='lat' dir='ltr'>qui</span> <span class='ocrx_word' id='word_1_171' title='bbox 1398 2193 1459 2250; x_wconf 91' lang='lat' dir='ltr'>in</span> <span class='ocrx_word' id='word_1_172' title='bbox 1506 2191 1749 2250; x_wconf 85' lang='lat' dir='ltr'>Interno</span> <span class='ocrx_word' id='word_1_173' title='bbox 1797 2199 1935 2249; x_wconf 89' lang='lat' dir='ltr'>sunt</span> <span class='ocrx_word' id='word_1_174' title='bbox 1974 2198 2037 2250; x_wconf 88' lang='lat' dir='ltr'>et</span> <span class='ocrx_word' id='word_1_175' title='bbox 2078 2191 2216 2250; x_wconf 87' lang='lat' dir='ltr'>inde</span> <span class='ocrx_word' id='word_1_176' title='bbox 2266 2193 2325 2251; x_wconf 75' lang='grc'>111</span> 
     </span>
     <span class='ocr_line' id='line_1_20' title="bbox 209 2291 2221 2380; baseline -0.001 -28"><span class='ocrx_word' id='word_1_177' title='bbox 209 2291 508 2369; x_wconf 82' lang='lat' dir='ltr'>Externo,</span> <span class='ocrx_word' id='word_1_178' title='bbox 557 2296 642 2352; x_wconf 88' lang='lat' dir='ltr'>ita</span> <span class='ocrx_word' id='word_1_179' title='bbox 679 2292 841 2369; x_wconf 89' lang='lat' dir='ltr'>apud</span> <span class='ocrx_word' id='word_1_180' title='bbox 875 2308 1026 2369; x_wconf 87' lang='lat' dir='ltr'>quos</span> <span class='ocrx_word' id='word_1_181' title='bbox 1061 2291 1369 2352; x_wconf 88' lang='lat' dir='ltr'>Internum</span> <span class='ocrx_word' id='word_1_182' title='bbox 1401 2291 1777 2380; x_wconf 84' lang='lat' dir='ltr'>conjunctum</span> <span class='ocrx_word' id='word_1_183' title='bbox 1814 2298 1907 2350; x_wconf 87' lang='lat' dir='ltr'>est</span> <span class='ocrx_word' id='word_1_184' title='bbox 1938 2291 2221 2365; x_wconf 83' lang='lat' dir='ltr'>Externo,</span> 
     </span>
    </p>

    <p class='ocr_par' dir='ltr' id='par_1_4' title="bbox 211 2390 2327 3372">
     <span class='ocr_line' id='line_1_21' title="bbox 377 2390 2322 2476; baseline -0.002 -23"><span class='ocrx_word' id='word_1_185' title='bbox 377 2397 405 2452; x_wconf 87' lang='lat'><strong>1</strong></span> <span class='ocrx_word' id='word_1_186' title='bbox 427 2396 534 2453; x_wconf 81' lang='grc'>70.</span> <span class='ocrx_word' id='word_1_187' title='bbox 587 2393 944 2476; x_wconf 83' lang='lat' dir='ltr'>Quicunque</span> <span class='ocrx_word' id='word_1_188' title='bbox 981 2408 1100 2451; x_wconf 85' lang='lat' dir='ltr'>non</span> <span class='ocrx_word' id='word_1_189' title='bbox 1139 2391 1325 2451; x_wconf 87' lang='lat' dir='ltr'>habet</span> <span class='ocrx_word' id='word_1_190' title='bbox 1358 2391 1685 2452; x_wconf 80' lang='lat' dir='ltr'>doctrinam</span> <span class='ocrx_word' id='word_1_191' title='bbox 1720 2390 1895 2460; x_wconf 88' lang='lat' dir='ltr'>hanc,</span> <span class='ocrx_word' id='word_1_192' title='bbox 1934 2390 2093 2467; x_wconf 88' lang='lat' dir='ltr'>quod</span> <span class='ocrx_word' id='word_1_193' title='bbox 2131 2393 2322 2467; x_wconf 85' lang='lat' dir='ltr'>signi-</span> 
     </span>
     <span class='ocr_line' id='line_1_22' title="bbox 213 2490 2325 2570; baseline -0 -18"><span class='ocrx_word' id='word_1_194' title='bbox 213 2494 361 2552; x_wconf 83' lang='lat' dir='ltr'>ficet</span> <span class='ocrx_word' id='word_1_195' title='bbox 409 2494 564 2568; x_wconf 85' lang='lat' dir='ltr'>apud</span> <span class='ocrx_word' id='word_1_196' title='bbox 609 2509 761 2570; x_wconf 88' lang='lat' dir='ltr'>quos</span> <span class='ocrx_word' id='word_1_197' title='bbox 814 2492 1143 2569; x_wconf 86' lang='lat' dir='ltr'>jucundum</span> <span class='ocrx_word' id='word_1_198' title='bbox 1193 2491 1556 2566; x_wconf 81' lang='lat' dir='ltr'>Externum,</span> <span class='ocrx_word' id='word_1_199' title='bbox 1634 2490 1794 2566; x_wconf 89' lang='lat' dir='ltr'>quod</span> <span class='ocrx_word' id='word_1_200' title='bbox 1854 2496 1949 2550; x_wconf 87' lang='lat' dir='ltr'>est</span> <span class='ocrx_word' id='word_1_201' title='bbox 1992 2490 2325 2567; x_wconf 83' lang='lat' dir='ltr'>jucundum</span> 
     </span>
     <span class='ocr_line' id='line_1_23' title="bbox 225 2588 2325 2667; baseline -0 -17"><span class='ocrx_word' id='word_1_202' title='bbox 225 2593 446 2650; x_wconf 85' lang='lat' dir='ltr'>amoris</span> <span class='ocrx_word' id='word_1_203' title='bbox 481 2596 572 2650; x_wconf 88' lang='lat' dir='ltr'>sui</span> <span class='ocrx_word' id='word_1_204' title='bbox 607 2601 664 2651; x_wconf 88' lang='lat' dir='ltr'>et</span> <span class='ocrx_word' id='word_1_205' title='bbox 703 2593 930 2664; x_wconf 88' lang='lat' dir='ltr'>mundi,</span> <span class='ocrx_word' id='word_1_206' title='bbox 973 2610 1093 2650; x_wconf 91' lang='lat' dir='ltr'>non</span> <span class='ocrx_word' id='word_1_207' title='bbox 1129 2593 1481 2666; x_wconf 85' lang='lat' dir='ltr'>dominatur,</span> <span class='ocrx_word' id='word_1_208' title='bbox 1530 2597 1765 2650; x_wconf 87' lang='lat' dir='ltr'>constat</span> <span class='ocrx_word' id='word_1_209' title='bbox 1792 2608 1867 2650; x_wconf 84' lang='lat' dir='ltr'>ex</span> <span class='ocrx_word' id='word_1_210' title='bbox 1894 2588 2325 2667; x_wconf 87' lang='lat' dir='ltr'>significatione</span> 
     </span>
     <span class='ocr_line' id='line_1_24' title="bbox 215 2688 2326 2768; baseline -0.001 -18"><span class='ocrx_word' id='word_1_211' title='bbox 215 2691 522 2752; x_wconf 86' lang='lat' dir='ltr'>doctrinae</span> <span class='ocrx_word' id='word_1_212' title='bbox 554 2693 742 2767; x_wconf 75' lang='lat' dir='ltr'>illiue,</span> <span class='ocrx_word' id='word_1_213' title='bbox 793 2711 970 2768; x_wconf 87' lang='lat' dir='ltr'>quam</span> <span class='ocrx_word' id='word_1_214' title='bbox 1007 2692 1260 2752; x_wconf 87' lang='lat' dir='ltr'>Jesabel</span> <span class='ocrx_word' id='word_1_215' title='bbox 1297 2693 1501 2751; x_wconf 87' lang='lat' dir='ltr'>dicens</span> <span class='ocrx_word' id='word_1_216' title='bbox 1544 2708 1609 2752; x_wconf 88' lang='lat' dir='ltr'>se</span> <span class='ocrx_word' id='word_1_217' title='bbox 1644 2690 2088 2768; x_wconf 82' lang='lat' dir='ltr'>prophetissam</span> <span class='ocrx_word' id='word_1_218' title='bbox 2124 2688 2326 2748; x_wconf 88' lang='lat' dir='ltr'>docuit</span> 
     </span>
     <span class='ocr_line' id='line_1_25' title="bbox 213 2780 2321 2871; baseline -0.003 -19"><span class='ocrx_word' id='word_1_219' title='bbox 213 2799 276 2852; x_wconf 90' lang='lat' dir='ltr'>et</span> <span class='ocrx_word' id='word_1_220' title='bbox 311 2811 426 2869; x_wconf 86' lang='lat' dir='ltr'>per</span> <span class='ocrx_word' id='word_1_221' title='bbox 462 2812 640 2870; x_wconf 84' lang='lat' dir='ltr'>quam</span> <span class='ocrx_word' id='word_1_222' title='bbox 679 2793 937 2867; x_wconf 82' lang='lat' dir='ltr'>seduxit,</span> <span class='ocrx_word' id='word_1_223' title='bbox 981 2793 1140 2868; x_wconf 90' lang='lat' dir='ltr'>quod</span> <span class='ocrx_word' id='word_1_224' title='bbox 1167 2795 1246 2852; x_wconf 89' lang='lat' dir='ltr'>sit</span> <span class='ocrx_word' id='word_1_225' title='bbox 1269 2780 1603 2871; x_wconf 79' lang='lat' dir='ltr'>jucundum</span> <span class='ocrx_word' id='word_1_226' title='bbox 1640 2793 1857 2850; x_wconf 89' lang='lat' dir='ltr'>amoris</span> <span class='ocrx_word' id='word_1_227' title='bbox 1886 2793 1980 2850; x_wconf 88' lang='lat' dir='ltr'>sui</span> <span class='ocrx_word' id='word_1_228' title='bbox 2009 2795 2069 2848; x_wconf 89' lang='lat' dir='ltr'>et</span> <span class='ocrx_word' id='word_1_229' title='bbox 2101 2788 2321 2864; x_wconf 85' lang='lat' dir='ltr'>mundi,</span> 
     </span>
     <span class='ocr_line' id='line_1_26' title="bbox 213 2889 2321 2971; baseline -0.001 -19"><span class='ocrx_word' id='word_1_230' title='bbox 213 2893 287 2954; x_wconf 89' lang='lat' dir='ltr'>de</span> <span class='ocrx_word' id='word_1_231' title='bbox 325 2911 446 2970; x_wconf 89' lang='lat' dir='ltr'>qua</span> <span class='ocrx_word' id='word_1_232' title='bbox 471 2911 660 2971; x_wconf 82' lang='lat' dir='ltr'>supra</span> <span class='ocrx_word' id='word_1_233' title='bbox 692 2913 768 2952; x_wconf 82' lang='lat' dir='ltr'>n:</span> <span class='ocrx_word' id='word_1_234' title='bbox 809 2898 838 2952; x_wconf 97' lang='grc'>1</span> <span class='ocrx_word' id='word_1_235' title='bbox 861 2895 968 2954; x_wconf 84' lang='lat'>59.</span> <span class='ocrx_word' id='word_1_236' title='bbox 1016 2896 1043 2952; x_wconf 94' lang='lat'>1</span> <span class='ocrx_word' id='word_1_237' title='bbox 1065 2897 1174 2954; x_wconf 87' lang='grc'>60.</span> <span class='ocrx_word' id='word_1_238' title='bbox 1221 2897 1250 2952; x_wconf 95' lang='grc'>1</span> <span class='ocrx_word' id='word_1_239' title='bbox 1272 2896 1396 2952; x_wconf 83' lang='lat'>61:</span> <span class='ocrx_word' id='word_1_240' title='bbox 1444 2910 1554 2969; x_wconf 88' lang='lat' dir='ltr'>per</span> <span class='ocrx_word' id='word_1_241' title='bbox 1588 2893 1917 2951; x_wconf 88' lang='lat' dir='ltr'>doctrinam</span> <span class='ocrx_word' id='word_1_242' title='bbox 1954 2891 2053 2950; x_wconf 89' lang='lat' dir='ltr'>hic</span> <span class='ocrx_word' id='word_1_243' title='bbox 2090 2889 2321 2967; x_wconf 86' lang='lat' dir='ltr'>signifi-</span> 
     </span>
     <span class='ocr_line' id='line_1_27' title="bbox 215 2991 2322 3071; baseline -0.001 -19"><span class='ocrx_word' id='word_1_244' title='bbox 215 3000 385 3052; x_wconf 91' lang='lat' dir='ltr'>catur</span> <span class='ocrx_word' id='word_1_245' title='bbox 426 2997 580 3070; x_wconf 87' lang='lat' dir='ltr'>vita,</span> <span class='ocrx_word' id='word_1_246' title='bbox 641 2997 725 3054; x_wconf 90' lang='lat' dir='ltr'>ita</span> <span class='ocrx_word' id='word_1_247' title='bbox 758 3012 871 3071; x_wconf 88' lang='lat' dir='ltr'>per</span> <span class='ocrx_word' id='word_1_248' title='bbox 907 3011 1028 3053; x_wconf 88' lang='lat' dir='ltr'>non</span> <span class='ocrx_word' id='word_1_249' title='bbox 1076 2993 1301 3054; x_wconf 88' lang='lat' dir='ltr'>habere</span> <span class='ocrx_word' id='word_1_250' title='bbox 1347 2992 1511 3052; x_wconf 92' lang='lat' dir='ltr'>illam</span> <span class='ocrx_word' id='word_1_251' title='bbox 1547 2991 1917 3069; x_wconf 86' lang='lat' dir='ltr'>significatur</span> <span class='ocrx_word' id='word_1_252' title='bbox 1958 3009 2076 3052; x_wconf 89' lang='lat' dir='ltr'>non</span> <span class='ocrx_word' id='word_1_253' title='bbox 2115 2993 2322 3050; x_wconf 86' lang='lat' dir='ltr'>vivere</span> 
     </span>
     <span class='ocr_line' id='line_1_28' title="bbox 211 3093 2327 3171; baseline -0.001 -19"><span class='ocrx_word' id='word_1_254' title='bbox 211 3095 544 3154; x_wconf 86' lang='lat' dir='ltr'>secundum</span> <span class='ocrx_word' id='word_1_255' title='bbox 577 3095 776 3170; x_wconf 86' lang='lat' dir='ltr'>illam3</span> <span class='ocrx_word' id='word_1_256' title='bbox 835 3093 1187 3171; x_wconf 87' lang='lat' dir='ltr'>intelligitur</span> <span class='ocrx_word' id='word_1_257' title='bbox 1213 3097 1370 3153; x_wconf 90' lang='lat' dir='ltr'>enim</span> <span class='ocrx_word' id='word_1_258' title='bbox 1403 3093 1627 3154; x_wconf 88' lang='lat' dir='ltr'>habere</span> <span class='ocrx_word' id='word_1_259' title='bbox 1666 3094 1995 3152; x_wconf 84' lang='lat' dir='ltr'>doctrinam</span> <span class='ocrx_word' id='word_1_260' title='bbox 2027 3095 2089 3152; x_wconf 91' lang='lat' dir='ltr'>in</span> <span class='ocrx_word' id='word_1_261' title='bbox 2122 3109 2189 3151; x_wconf 90' lang='lat' dir='ltr'>se</span> <span class='ocrx_word' id='word_1_262' title='bbox 2206 3136 2221 3168; x_wconf 92' lang='lat'>,</span> <span class='ocrx_word' id='word_1_263' title='bbox 2267 3099 2327 3152; x_wconf 91' lang='lat' dir='ltr'>et</span> 
     </span>
     <span class='ocr_line' id='line_1_29' title="bbox 211 3194 2325 3274; baseline -0 -22"><span class='ocrx_word' id='word_1_264' title='bbox 211 3194 439 3254; x_wconf 85' lang='lat' dir='ltr'>habere</span> <span class='ocrx_word' id='word_1_265' title='bbox 493 3195 818 3255; x_wconf 85' lang='lat' dir='ltr'>doctrinam</span> <span class='ocrx_word' id='word_1_266' title='bbox 865 3197 928 3253; x_wconf 91' lang='grc'>111</span> <span class='ocrx_word' id='word_1_267' title='bbox 977 3213 1043 3254; x_wconf 90' lang='lat' dir='ltr'>sc</span> <span class='ocrx_word' id='word_1_268' title='bbox 1091 3202 1184 3254; x_wconf 89' lang='lat' dir='ltr'>est</span> <span class='ocrx_word' id='word_1_269' title='bbox 1230 3198 1290 3254; x_wconf 91' lang='lat' dir='ltr'>in</span> <span class='ocrx_word' id='word_1_270' title='bbox 1339 3197 1490 3254; x_wconf 83' lang='lat' dir='ltr'>vita:</span> <span class='ocrx_word' id='word_1_271' title='bbox 1562 3194 1697 3254; x_wconf 87' lang='lat' dir='ltr'>inde</span> <span class='ocrx_word' id='word_1_272' title='bbox 1736 3200 1931 3274; x_wconf 87' lang='lat' dir='ltr'>patet,</span> <span class='ocrx_word' id='word_1_273' title='bbox 2008 3194 2167 3270; x_wconf 91' lang='lat' dir='ltr'>quod</span> <span class='ocrx_word' id='word_1_274' title='bbox 2214 3211 2325 3269; x_wconf 87' lang='lat' dir='ltr'>per</span> 
     </span>
     <span class='ocr_line' id='line_1_30' title="bbox 220 3293 2184 3372; baseline 0 -20"><span class='ocrx_word' id='word_1_275' title='bbox 220 3293 546 3353; x_wconf 84' lang='lat' dir='ltr'>doctrinam</span> <span class='ocrx_word' id='word_1_276' title='bbox 574 3295 876 3355; x_wconf 85' lang='lat' dir='ltr'>Jesabelis</span> <span class='ocrx_word' id='word_1_277' title='bbox 911 3295 1286 3372; x_wconf 85' lang='lat' dir='ltr'>intelligatur</span> <span class='ocrx_word' id='word_1_278' title='bbox 1318 3297 1445 3354; x_wconf 88' lang='lat' dir='ltr'>vita</span> <span class='ocrx_word' id='word_1_279' title='bbox 1471 3298 1689 3354; x_wconf 85' lang='lat' dir='ltr'>amoris</span> <span class='ocrx_word' id='word_1_280' title='bbox 1736 3296 1831 3354; x_wconf 86' lang='lat' dir='ltr'>sui</span> <span class='ocrx_word' id='word_1_281' title='bbox 1868 3300 1928 3352; x_wconf 90' lang='lat' dir='ltr'>et</span> <span class='ocrx_word' id='word_1_282' title='bbox 1963 3295 2184 3354; x_wconf 87' lang='lat' dir='ltr'>mundi.</span> 
     </span>
    </p>

    <p class='ocr_par' dir='ltr' id='par_1_5' title="bbox 197 3393 2328 4278">
     <span class='ocr_line' id='line_1_31' title="bbox 376 3393 2326 3473; baseline -0.001 -21"><span class='ocrx_word' id='word_1_283' title='bbox 376 3399 454 3453; x_wconf 83' lang='lat'>17</span> <span class='ocrx_word' id='word_1_284' title='bbox 477 3399 535 3454; x_wconf 89' lang='lat'>1.</span> <span class='ocrx_word' id='word_1_285' title='bbox 614 3397 691 3455; x_wconf 90' lang='lat' dir='ltr'>Et</span> <span class='ocrx_word' id='word_1_286' title='bbox 739 3398 842 3473; x_wconf 87' lang='lat' dir='ltr'>qui</span> <span class='ocrx_word' id='word_1_287' title='bbox 883 3413 1004 3454; x_wconf 90' lang='lat' dir='ltr'>non</span> <span class='ocrx_word' id='word_1_288' title='bbox 1063 3402 1470 3472; x_wconf 86' lang='lat' dir='ltr'>cognoverunt</span> <span class='ocrx_word' id='word_1_289' title='bbox 1528 3395 1824 3472; x_wconf 82' lang='lat' dir='ltr'>profunda</span> <span class='ocrx_word' id='word_1_290' title='bbox 1884 3393 2179 3462; x_wconf 84' lang='lat' dir='ltr'>Satanae,</span> <span class='ocrx_word' id='word_1_291' title='bbox 2258 3399 2326 3450; x_wconf 88' lang='lat' dir='ltr'>ut</span> 
     </span>
     <span class='ocr_line' id='line_1_32' title="bbox 209 3479 2327 3573; baseline -0.002 -21"><span class='ocrx_word' id='word_1_292' title='bbox 209 3494 434 3568; x_wconf 88' lang='lat' dir='ltr'>dicunt,</span> <span class='ocrx_word' id='word_1_293' title='bbox 487 3479 648 3572; x_wconf 81' lang='lat' dir='ltr'>quod</span> <span class='ocrx_word' id='word_1_294' title='bbox 681 3496 974 3572; x_wconf 84' lang='lat' dir='ltr'>significet</span> <span class='ocrx_word' id='word_1_295' title='bbox 1011 3496 1499 3573; x_wconf 85' lang='lat' dir='ltr'>illaqueationem</span> <span class='ocrx_word' id='word_1_296' title='bbox 1534 3495 1609 3554; x_wconf 88' lang='lat' dir='ltr'>ab</span> <span class='ocrx_word' id='word_1_297' title='bbox 1638 3497 1775 3565; x_wconf 89' lang='lat' dir='ltr'>illis,</span> <span class='ocrx_word' id='word_1_298' title='bbox 1815 3500 2089 3554; x_wconf 82' lang='lat' dir='ltr'>constare</span> <span class='ocrx_word' id='word_1_299' title='bbox 2124 3495 2327 3568; x_wconf 85' lang='lat' dir='ltr'>potest</span> 
     </span>
     <span class='ocr_line' id='line_1_33' title="bbox 211 3580 2321 3673; baseline -0.002 -20"><span class='ocrx_word' id='word_1_300' title='bbox 211 3613 288 3654; x_wconf 83' lang='lat' dir='ltr'>ex</span> <span class='ocrx_word' id='word_1_301' title='bbox 325 3612 418 3669; x_wconf 86' lang='grc'>00,</span> <span class='ocrx_word' id='word_1_302' title='bbox 463 3597 623 3673; x_wconf 88' lang='lat' dir='ltr'>quod</span> <span class='ocrx_word' id='word_1_303' title='bbox 657 3613 892 3656; x_wconf 87' lang='lat' dir='ltr'>amores</span> <span class='ocrx_word' id='word_1_304' title='bbox 922 3598 1020 3656; x_wconf 84' lang='lat' dir='ltr'>sui</span> <span class='ocrx_word' id='word_1_305' title='bbox 1055 3603 1116 3656; x_wconf 91' lang='lat' dir='ltr'>et</span> <span class='ocrx_word' id='word_1_306' title='bbox 1151 3597 1356 3655; x_wconf 89' lang='lat' dir='ltr'>mundi</span> <span class='ocrx_word' id='word_1_307' title='bbox 1389 3599 1507 3656; x_wconf 89' lang='lat' dir='ltr'>sint</span> <span class='ocrx_word' id='word_1_308' title='bbox 1542 3599 1643 3672; x_wconf 91' lang='lat' dir='ltr'>qui</span> <span class='ocrx_word' id='word_1_309' title='bbox 1676 3599 1926 3671; x_wconf 85' lang='lat' dir='ltr'>regnant</span> <span class='ocrx_word' id='word_1_310' title='bbox 1961 3595 2021 3650; x_wconf 89' lang='lat' dir='ltr'>in</span> <span class='ocrx_word' id='word_1_311' title='bbox 2047 3580 2321 3664; x_wconf 73' lang='lat' dir='ltr'>InferniS,</span> 
     </span>
     <span class='ocr_line' id='line_1_34' title="bbox 207 3691 2323 3773; baseline -0.004 -19"><span class='ocrx_word' id='word_1_312' title='bbox 207 3702 268 3754; x_wconf 89' lang='lat' dir='ltr'>et</span> <span class='ocrx_word' id='word_1_313' title='bbox 304 3694 471 3772; x_wconf 87' lang='lat' dir='ltr'>quod</span> <span class='ocrx_word' id='word_1_314' title='bbox 516 3695 604 3754; x_wconf 90' lang='lat' dir='ltr'>illi</span> <span class='ocrx_word' id='word_1_315' title='bbox 645 3714 878 3758; x_wconf 86' lang='lat' dir='ltr'>amores</span> <span class='ocrx_word' id='word_1_316' title='bbox 923 3695 1172 3772; x_wconf 78' lang='lat' dir='ltr'>prorsus</span> <span class='ocrx_word' id='word_1_317' title='bbox 1210 3698 1471 3773; x_wconf 88' lang='lat' dir='ltr'>oppositi</span> <span class='ocrx_word' id='word_1_318' title='bbox 1518 3698 1638 3754; x_wconf 85' lang='lat' dir='ltr'>sint</span> <span class='ocrx_word' id='word_1_319' title='bbox 1674 3693 1972 3752; x_wconf 87' lang='lat' dir='ltr'>amoribus</span> <span class='ocrx_word' id='word_1_320' title='bbox 2012 3693 2073 3749; x_wconf 86' lang='lat' dir='ltr'>in</span> <span class='ocrx_word' id='word_1_321' title='bbox 2109 3691 2323 3748; x_wconf 90' lang='lat' dir='ltr'>Domi-</span> 
     </span>
     <span class='ocr_line' id='line_1_35' title="bbox 207 3791 2326 3873; baseline -0.004 -19"><span class='ocrx_word' id='word_1_322' title='bbox 207 3813 352 3854; x_wconf 88' lang='lat' dir='ltr'>num</span> <span class='ocrx_word' id='word_1_323' title='bbox 391 3803 454 3854; x_wconf 90' lang='lat' dir='ltr'>et</span> <span class='ocrx_word' id='word_1_324' title='bbox 489 3813 634 3871; x_wconf 87' lang='lat' dir='ltr'>erga</span> <span class='ocrx_word' id='word_1_325' title='bbox 665 3799 1028 3872; x_wconf 80' lang='lat' dir='ltr'>proximum,</span> <span class='ocrx_word' id='word_1_326' title='bbox 1079 3799 1183 3873; x_wconf 87' lang='lat' dir='ltr'>qui</span> <span class='ocrx_word' id='word_1_327' title='bbox 1222 3801 1475 3871; x_wconf 82' lang='lat' dir='ltr'>regnant</span> <span class='ocrx_word' id='word_1_328' title='bbox 1512 3796 1571 3852; x_wconf 90' lang='lat' dir='ltr'>in</span> <span class='ocrx_word' id='word_1_329' title='bbox 1610 3791 1824 3867; x_wconf 86' lang='lat' dir='ltr'>C0e103</span> <span class='ocrx_word' id='word_1_330' title='bbox 1880 3791 2161 3863; x_wconf 77' lang='lat' dir='ltr'>Satanae,</span> <span class='ocrx_word' id='word_1_331' title='bbox 2214 3807 2326 3864; x_wconf 85' lang='lat' dir='ltr'>per</span> 
     </span>
     <span class='ocr_line' id='line_1_36' title="bbox 205 3881 2325 3979; baseline -0.003 -25"><span class='ocrx_word' id='word_1_332' title='bbox 205 3913 388 3979; x_wconf 88' lang='lat' dir='ltr'>quem</span> <span class='ocrx_word' id='word_1_333' title='bbox 423 3894 776 3972; x_wconf 85' lang='lat' dir='ltr'>intelligitur</span> <span class='ocrx_word' id='word_1_334' title='bbox 816 3896 1148 3971; x_wconf 88' lang='lat' dir='ltr'>Infernum,</span> <span class='ocrx_word' id='word_1_335' title='bbox 1205 3881 1482 3955; x_wconf 85' lang='lat' dir='ltr'>videatur</span> <span class='ocrx_word' id='word_1_336' title='bbox 1520 3910 1703 3969; x_wconf 85' lang='lat' dir='ltr'>supra</span> <span class='ocrx_word' id='word_1_337' title='bbox 1738 3911 1811 3950; x_wconf 76' lang='lat' dir='ltr'>nt</span> <span class='ocrx_word' id='word_1_338' title='bbox 1851 3893 2011 3961; x_wconf 84' lang='lat'>120,</span> <span class='ocrx_word' id='word_1_339' title='bbox 2048 3889 2325 3950; x_wconf 90' lang='lat' dir='ltr'>continuo</span> 
     </span>
     <span class='ocr_line' id='line_1_37' title="bbox 203 3989 2328 4072; baseline -0.001 -17"><span class='ocrx_word' id='word_1_340' title='bbox 203 3996 468 4072; x_wconf 87' lang='lat' dir='ltr'>inspirat</span> <span class='ocrx_word' id='word_1_341' title='bbox 502 4013 738 4056; x_wconf 86' lang='lat' dir='ltr'>amores</span> <span class='ocrx_word' id='word_1_342' title='bbox 767 3999 863 4056; x_wconf 92' lang='lat' dir='ltr'>sui</span> <span class='ocrx_word' id='word_1_343' title='bbox 899 4002 958 4056; x_wconf 91' lang='lat' dir='ltr'>et</span> <span class='ocrx_word' id='word_1_344' title='bbox 985 3989 1218 4072; x_wconf 82' lang='lat' dir='ltr'>mundi,</span> <span class='ocrx_word' id='word_1_345' title='bbox 1273 4001 1333 4054; x_wconf 94' lang='lat' dir='ltr'>et</span> <span class='ocrx_word' id='word_1_346' title='bbox 1369 3995 1479 4052; x_wconf 83' lang='lat' dir='ltr'>hos</span> <span class='ocrx_word' id='word_1_347' title='bbox 1518 4010 1754 4070; x_wconf 90' lang='lat' dir='ltr'>quoque</span> <span class='ocrx_word' id='word_1_348' title='bbox 1783 3993 1998 4068; x_wconf 88' lang='lat' dir='ltr'>recipit</span> <span class='ocrx_word' id='word_1_349' title='bbox 2030 3991 2207 4050; x_wconf 91' lang='lat' dir='ltr'>homo</span> <span class='ocrx_word' id='word_1_350' title='bbox 2252 4007 2328 4052; x_wconf 83' lang='lat' dir='ltr'>ex</span> 
     </span>
     <span class='ocr_line' id='line_1_38' title="bbox 197 4092 2327 4172; baseline -0.002 -18"><span class='ocrx_word' id='word_1_351' title='bbox 197 4096 502 4171; x_wconf 86' lang='lat' dir='ltr'>jucundo,</span> <span class='ocrx_word' id='word_1_352' title='bbox 560 4099 702 4172; x_wconf 86' lang='lat' dir='ltr'>quia</span> <span class='ocrx_word' id='word_1_353' title='bbox 745 4099 798 4156; x_wconf 89' lang='lat' dir='ltr'>ei</span> <span class='ocrx_word' id='word_1_354' title='bbox 836 4099 1039 4155; x_wconf 85' lang='lat' dir='ltr'>insunt</span> <span class='ocrx_word' id='word_1_355' title='bbox 1095 4115 1170 4157; x_wconf 82' lang='lat' dir='ltr'>ex</span> <span class='ocrx_word' id='word_1_356' title='bbox 1218 4093 1620 4154; x_wconf 85' lang='lat' dir='ltr'>haereditario</span> <span class='ocrx_word' id='word_1_357' title='bbox 1640 4139 1657 4170; x_wconf 90' lang='lat'>,</span> <span class='ocrx_word' id='word_1_358' title='bbox 1724 4099 1784 4152; x_wconf 91' lang='lat' dir='ltr'>et</span> <span class='ocrx_word' id='word_1_359' title='bbox 1811 4093 1954 4152; x_wconf 87' lang='lat' dir='ltr'>inde</span> <span class='ocrx_word' id='word_1_360' title='bbox 2008 4097 2147 4152; x_wconf 88' lang='lat' dir='ltr'>sunt</span> <span class='ocrx_word' id='word_1_361' title='bbox 2196 4092 2327 4170; x_wconf 88' lang='lat' dir='ltr'>ejus</span> 
     </span>
     <span class='ocr_line' id='line_1_39' title="bbox 205 4192 2327 4278; baseline -0.002 -24"><span class='ocrx_word' id='word_1_362' title='bbox 205 4199 539 4275; x_wconf 87' lang='lat' dir='ltr'>proprium,</span> <span class='ocrx_word' id='word_1_363' title='bbox 582 4199 669 4255; x_wconf 85' lang='lat' dir='ltr'>ita</span> <span class='ocrx_word' id='word_1_364' title='bbox 702 4199 964 4257; x_wconf 89' lang='lat' dir='ltr'>insinuat</span> <span class='ocrx_word' id='word_1_365' title='bbox 999 4213 1064 4257; x_wconf 85' lang='lat' dir='ltr'>se</span> <span class='ocrx_word' id='word_1_366' title='bbox 1101 4197 1405 4256; x_wconf 85' lang='lat' dir='ltr'>Infernum</span> <span class='ocrx_word' id='word_1_367' title='bbox 1446 4194 1606 4271; x_wconf 90' lang='lat' dir='ltr'>apud</span> <span class='ocrx_word' id='word_1_368' title='bbox 1634 4195 1949 4270; x_wconf 90' lang='lat' dir='ltr'>hominem,</span> <span class='ocrx_word' id='word_1_369' title='bbox 2005 4202 2073 4278; x_wconf 30' lang='lat' dir='ltr'>et·</span> <span class='ocrx_word' id='word_1_370' title='bbox 2102 4195 2155 4252; x_wconf 90' lang='lat' dir='ltr'>ei</span> <span class='ocrx_word' id='word_1_371' title='bbox 2190 4192 2327 4250; x_wconf 84' lang='lat' dir='ltr'>illa-</span> 
     </span>
    </p>
   </div>
  </div>
 </body>
</html>
