2700 4792
375 319 484 373 492
790 303 1280 360 APOCALYPSIS
1321 302 1757 389 EXPLJCATA.
1839 304 1889 373 §-
1923 312 2052 366 280.

373 485 518 528 aves
555 463 708 526 coeli
735 481 890 542 quae
919 463 1238 530 avolarunt
1261 459 1631 539 significatur
1655 461 1951 528 rationale
1980 470 2041 522 et
2064 463 2510 530 intellectuale.

372 567 554 645 Apud
587 566 860 625 Eundem
895 562 1110 639 „Ecce
1141 561 1282 623 dies
1315 561 1582 638 venturi,
1626 561 1855 641 quibus
1882 561 2199 625 seminabo
2234 564 2512 631 domum

369 663 649 730 Israelis
711 669 772 726 et
835 663 1094 725 domam
1139 658 1433 724 Jehudae
1489 661 1725 724 semine
1784 661 2066 724 hominis
2138 671 2199 725 et
2258 668 2507 730 semine

369 766 650 828 bestiast
685 763 942 826 XXXI:
983 768 1094 838 273
1131 779 1242 840 per
1275 763 1536 824 Domum
1568 763 1816 824 Israelis
1854 769 1915 824 et
1946 781 2059 840 per
2086 765 2339 826 Domum
2364 768 2490 828 Je-

370 869 572 928 hudae
607 865 976 943 algnificatur
1002 863 1278 924 Ecclesia
1312 865 1511 940 quoad
1535 881 1743 924 verum
1772 870 1833 922 et
1858 865 2058 940 quoad
2091 866 2339 942 bonum3
2372 885 2495 944 per

369 985 578 1028 semen
609 966 866 1026 hominis
905 971 966 1024 ct
997 982 1110 1042 per
1142 980 1348 1024 semen
1391 964 1625 1024 bestiae
1676 963 2041 1039 significatur
2088 965 2325 1026 affectio
2358 970 2500 1028 veri

371 1065 700 1146 spiritualis
737 1073 800 1126 et
832 1065 1068 1125 affectio
1104 1066 1232 1124 veri
1268 1064 1555 1124 naturalis
1568 1083 1585 1139 3
1624 1064 1727 1122 ubi
1754 1067 1911 1124 enim
1944 1066 2004 1123 in
2032 1065 2237 1126 Verbo
2273 1067 2501 1128 dicitur

370 1169 548 1228 homo
583 1173 644 1226 et
676 1166 872 1226 bestia
905 1165 1272 1242 significatur
1297 1165 1611 1242 spirituale
1632 1169 1711 1224 et
1741 1164 2017 1224 naturale
2050 1181 2165 1225 seu
2190 1169 2505 1228 internum

370 1276 432 1328 et
467 1274 796 1341 externum,
832 1265 1106 1326 videatur
1139 1256 1208 1323 n:
1253 1269 1464 1324 7424.
1511 1271 1541 1324 7
1560 1266 1723 1325 523.
1759 1267 1969 1324 7872.
2023 1267 2205 1342 Apud
2236 1266 2499 1346 Zepha-

368 1371 529 1429 niam
591 1363 1024 1442 „Oomumam
1063 1363 1379 1426 hominem
1432 1369 1491 1424 et
1542 1363 1837 1439 bestiam,
1890 1383 2257 1428 consumam
2308 1385 2505 1431 avem

365 1466 677 1531 coelorum
725 1470 786 1525 et
830 1465 1049 1546 pisces
1086 1464 1292 1526 maris
1305 1484 1335 1536 ,·
1400 1463 1779 1526 eaeaoz‘ndam
1816 1464 2130 1526 hominem
2174 1487 2219 1528 a
2260 1485 2499 1547 super-

357 1568 624 1650 ficiebus
673 1568 920 1629 tmaff
977 1565 1040 1626 1:
1097 1567 1169 1642 33
1235 1581 1587 1626 consumere
1633 1564 1935 1629 hominem
1982 1572 2043 1626 et
2086 1565 2345 1628 bestiam
2404 1576 2504 1630 est

369 1669 745 1728 affectionem
795 1667 922 1724 veri
982 1667 1355 1743 spiritualem
1410 1671 1471 1726 et
1524 1663 1897 1728 affectionem
1942 1669 2077 1726 veri
2121 1669 2499 1746 naturalem3

367 1783 720 1828 consumere
747 1783 922 1824 avem
950 1765 1267 1826 coelorum
1305 1771 1367 1824 et
1400 1767 1600 1843 pisces
1631 1768 1811 1826 maris
1850 1773 1943 1826 est
1970 1783 2116 1826 vera
2148 1770 2499 1844 spiritualia

367 1875 432 1928 et
465 1885 613 1927 vera
647 1864 946 1926 naturalia
962 1884 979 1941 ;
1017 1865 1375 1926 exscindere
1408 1866 1711 1926 hominem
1745 1883 1783 1926 a
1818 1867 2251 1944 superficiebus
2289 1875 2497 1930 terrae

369 1975 464 2028 est
499 1967 872 2026 affectionem
919 1967 1050 2025 veri
1097 1971 1158 2024 et
1191 1967 1565 2043 sapientiam.
1636 1966 1819 2045 Apud
1852 1967 2235 2028 Ezechielem
2300 2014 2335 2044 „
2362 1967 2498 2033 Vos

365 2085 528 2149 yreoe
571 2065 666 2128 mi
677 2113 694 2143 ‚
748 2083 910 2146 yreoe
940 2065 1178 2146 pascui
1209 2065 1336 2127 mei
1349 2111 1369 2142 ,
1424 2065 1606 2126 homo
1640 2083 1778 2143 vos,
1830 2065 1983 2148 qu
2008 2067 2201 2128 Deus
2235 2073 2494 2132 veste-ss

365 2165 668 2230 XXXIV:
713 2170 834 2243 313
890 2184 1036 2244 grex
1081 2170 1296 2244 pascui
1341 2167 1638 2245 significat
1695 2168 1917 2228 bonum
1964 2174 2026 2228 et
2057 2185 2265 2228 verum
2298 2171 2492 2246 spiri-

367 2267 562 2344 tuale,
617 2284 908 2345 pascuum
959 2275 1054 2328 est
1083 2269 1353 2345 receptio
1400 2268 1640 2328 illorum
1676 2285 1714 2328 a
1750 2267 2007 2328 Domino
2024 2287 2043 2345 ;
2094 2268 2233 2328 inde
2270 2269 2495 2332 dicitur

364 2369 542 2429 homo
579 2385 706 2443 vos,
759 2367 888 2445 Ego
924 2368 1096 2429 Deus
1131 2373 1371 2442 vester,
1426 2367 1603 2428 homo
1638 2384 1747 2445 pro
1780 2367 2097 2428 affectione
2132 2371 2267 2428 veri
2300 2371 2489 2446 spiri-

366 2469 515 2530 tuali
561 2474 622 2530 et
655 2470 969 2545 sapientia.
1037 2467 1219 2544 Apud
1248 2467 1520 2528 Eundem
1568 2467 1785 2543 „Eece
1820 2466 1970 2547 Eyo
2014 2467 2195 2548 apud
2231 2487 2375 2542 vos,
2428 2475 2493 2532 et

365 2569 708 2649 respiciam
747 2567 837 2628 ad
857 2585 968 2629 vos
995 2572 1069 2628 ut
1093 2564 1480 2628 excolamim·
1504 2571 1565 2628 et
1588 2567 2008 2630 comeramim·
2019 2589 2049 2641 ;
2088 2573 2237 2630 tune
2259 2568 2493 2631 malti-

355 2667 610 2750 plieaho
675 2687 868 2749 super
926 2667 1101 2728 vobis
1162 2666 1505 2739 hominem,
1572 2685 1815 2734 omnem
1860 2667 2149 2730 Domum
2199 2666 2490 2732 Israelis

365 2775 585 2842 totam,
635 2775 695 2832 et
729 2769 1186 2831 habitabuntur
1217 2767 1419 2845 urbes,
1462 2773 1524 2828 et
1558 2767 1898 2830 vastitates
1936 2767 2485 2848 aedificabuntw;

367 2867 694 2932 ambulare
725 2870 984 2953 faciam
1043 2887 1235 2949 super·
1286 2867 1461 2930 vobis
1516 2865 1857 2938 hominem,
1906 2865 2222 2949 populum
2275 2885 2491 2930 meum

366 2965 698 3030 Israelem.
773 2967 886 3032 Sic
938 2969 1118 3032 dixit
1165 2967 1502 3031 Dominus
1546 2965 1843 3045 Jehovih,
1908 2968 2211 3047 quoniam
2260 2967 2490 3030 dicitis

171 3085 328 3146 [318]
370 3086 736 3129 consumens
769 3067 1082 3132 hominem
1120 3074 1208 3143 tu,
1255 3074 1316 3130 et
1354 3069 1583 3130 orbam
1606 3065 1883 3148 populos
1914 3075 2059 3132 tuos
2078 3067 2307 3150 fuisti,
2344 3067 2486 3130 ideo

369 3166 678 3228 bmninem
716 3187 842 3228 non
873 3186 1200 3230 consumes
1239 3165 1541 3249 amplius,
1583 3174 1643 3230 et
1664 3166 1936 3249 ⁸eladius
1975 3175 2127 3232 taus
2152 3187 2280 3232 non
2302 3168 2487 3232 orba-

369 3267 462 3329 bit
499 3264 782 3346 amplius
799 3287 818 3326 .-
856 3274 1039 3328 erzmt
1063 3267 1246 3328 urbes
1273 3268 1647 3330 devastatae
1672 3265 1903 3350 plenae
1924 3287 2119 3350 yreye
2154 3267 2479 3332 hominist

370 3367 676 3431 XXXVI:
724 3371 783 3427 9.
825 3372 929 3428 10.
969 3371 1079 3428 11.
1119 3371 1228 3428 12.
1267 3371 1376 3431 13.
1417 3373 1525 3429 14.
1567 3372 1691 3446 383
1730 3373 1927 3448 agitur
1951 3371 2035 3430 ibi
2072 3370 2146 3431 de
2172 3375 2479 3431 restaura-

372 3473 534 3531 tione
568 3470 882 3531 Ecclesiae
897 3489 914 3546 3
959 3488 1070 3548 per
1101 3469 1393 3530 Israelem
1428 3469 1796 3548 significatur
1828 3471 2107 3532 Ecclesia
2138 3467 2475 3548 spiritualis,

373 3588 530 3648 quae
567 3578 661 3631 est
684 3571 960 3632 Ecclesia
993 3587 1148 3654 quae
1183 3573 1245 3630 in
1268 3570 1427 3632 bono
1452 3570 1763 3648 spirituali,
1812 3571 1973 3648 quod
1995 3571 2217 3632 bonum
2246 3574 2333 3628 est
2366 3567 2475 3624 bo·
2542 3615 2551 3622 .

372 3687 514 3732 num
535 3671 859 3748 charitatis3
886 3671 1037 3732 haec
1061 3671 1338 3730 Ecclesia
1362 3671 1447 3731 ibi
1463 3676 1709 3733 vocatur
1732 3670 1911 3732 homo
1940 3689 2015 3732 ex
2034 3671 2339 3732 affectione
2351 3663 2481 3726 veri

371 3771 687 3850 spirituali,
719 3790 872 3849 quae
899 3771 1042 3832 facit
1055 3771 1405 3846 Ecclesiam,
1437 3788 1623 3848 quare
1643 3771 1856 3832 dicitur
1878 3770 2285 3849 multiplicabo
2302 3781 2482 3844 super

369 3871 542 3932 vobis
577 3873 876 3935 hominem
894 3917 910 3946 ,
949 3890 1183 3934 omnem
1219 3871 1457 3932 domum
1490 3870 1771 3945 Israelis,
1828 3879 1890 3933 et
1924 3871 2235 3932 ambulare
2270 3869 2483 3930 faciam

373 3983 558 4043 super
581 3973 754 4032 vobis
789 3972 1114 4048 hominem,
1157 3971 1449 4051 populum
1490 3989 1688 4032 meum
1720 3970 2047 4048 Israelem3
2094 3987 2204 4049 per
2240 3981 2481 4048 gregem

371 4064 626 4123 hominis
664 4085 780 4142 quo
823 4071 1003 4130 urbes
1041 4071 1390 4132 devastatae
1425 4072 1644 4150 plenae
1683 4078 1855 4132 erunt
1896 4071 2307 4150 significantur
2340 4081 2485 4128 vera

373 4160 710 4238 spiritualia
726 4207 744 4240 ,
783 4168 998 4244 quibus
1045 4170 1314 4231 doctrina
1335 4172 1647 4233 Ecclesiae
1674 4171 1859 4249 plena
1894 4175 2031 4249 erit3
2076 4188 2187 4248 per
2222 4167 2483 4249 gladium
