2700 4792
411 381 522 436 ιω
825 367 1315 426 APOCALYPSIS
1360 365 1789 424 ExPucATA.
1874 369 1923 438 §-
1968 377 2096 430 130.
2634 403 2657 500 4

411 527 714 608 significet
745 525 824 588 ad
863 526 1338 589 recordationem
1372 526 1493 588 illis
1520 528 1677 588 intra
1710 527 2045 588 Ecclesiam
2080 529 2183 604 qui
2214 531 2275 587 in
2306 535 2511 588 tenta·

411 629 680 690 tionibus
735 633 904 703 sunt,
967 633 1204 687 constat
1251 645 1326 686 ex
1382 627 1817 704 significatione
1872 626 2167 700 scribere,
2224 629 2385 705 quod
2434 633 2513 689 sit

415 730 498 792 ad
535 727 1006 790 recordationem
1023 773 1040 800 ,
1097 726 1170 788 de
1211 743 1334 806 qua
1368 745 1439 786 n:
1496 730 1717 804 862ος
1784 745 1859 790 ex
1900 727 2329 804 significatione
2376 730 2509 788 An-

415 829 568 910 geli,
617 828 778 908 quod
823 831 902 888 sit
949 829 1248 908 recipiens
1295 827 1501 888 Divini
1554 827 1732 898 Veri,
1798 835 1863 888 et
1900 831 1961 886 in
2002 844 2189 888 sensu
2228 845 2509 906 supremo

411 933 610 1012 ipsum
655 928 941 991 Divinum
977 927 1206 990 Verum
1240 927 1577 1006 procedens
1616 945 1653 988 a
1684 927 1973 998 Domino,
2032 929 2108 988 de
2144 946 2267 1005 qua
2304 933 2509 1006 sequi·

412 1041 512 1096 tur
526 1051 544 1106 3
597 1035 660 1090 et
693 1046 768 1090 ex
803 1027 1238 1106 significatione
1273 1027 1585 1088 Ecclesiae
1620 1032 1683 1090 in
1716 1027 2043 1105 Pergamo,
2083 1027 2242 1105 quod
2276 1032 2397 1088 sint
2430 1029 2511 1088 illi

411 1135 570 1192 intra
601 1129 937 1190 Ecclesiam
985 1130 1088 1206 qui
1135 1129 1198 1188 in
1243 1129 1669 1191 tentationibus
1706 1135 1877 1205 sunt3
1946 1129 2107 1206 quod
2152 1131 2194 1188 ii
2246 1131 2370 1189 sint
2416 1132 2510 1206 qui

411 1228 822 1310 intelliguntur
855 1245 966 1310 per
1000 1227 1331 1290 Ecclesiam
1384 1231 1447 1287 in
1492 1229 1808 1306 Pergamo,
1851 1236 2021 1305 patet
2070 1246 2107 1286 a
2154 1231 2402 1306 scriptis
2438 1230 2511 1288 ad

411 1333 608 1406 illam,
675 1345 832 1410 quac
883 1335 1246 1405 sequuntur,
1309 1328 1555 1394 aliunde
1601 1345 1721 1388 non
1766 1331 1905 1388 sciri
1960 1336 2163 1405 potest
2212 1330 2361 1406 quid
2406 1348 2511 1406 per

411 1432 868 1512 unamquamvis
893 1427 1229 1490 Ecclesiam
1265 1447 1340 1488 ex
1374 1435 1611 1508 septem
1646 1428 2043 1506 significatur,
2081 1444 2223 1488 nam
2252 1437 2320 1488 ut
2344 1433 2509 1506 prius

411 1541 722 1598 ostensum
767 1537 886 1605 est,
943 1545 1062 1588 non
1095 1529 1451 1607 intelligitur
1492 1529 1695 1606 aliqua
1721 1529 1999 1588 Ecclesia
2035 1532 2095 1588 in
2122 1530 2399 1606 Epheso,
2434 1533 2505 1603 ,iu

415 1611 671 1712 Smyrna
688 1678 706 1709 ,
771 1633 830 1694 in
883 1630 1214 1708 Pergamo,
1283 1629 1604 1710 Thyatira,
1676 1629 1866 1690 Sardc
1884 1672 1903 1702 ,
1972 1629 2401 1707 Philadelphia
2452 1639 2505 1690 et

409 1733 741 1806 Laodicea,
807 1729 918 1794 sed
963 1745 1170 1792 omnes
1215 1731 1318 1814 qui
1366 1729 1441 1788 ab
1484 1731 1761 1792 Ecclesia
1794 1730 2036 1790 Domini
2070 1736 2239 1805 sunt,
2308 1738 2370 1790 et
2400 1749 2505 1807 per

411 1833 866 1910 unamquamvis
919 1830 1145 1907 aliquid
1185 1828 1346 1908 quod
1394 1830 1539 1892 facit
1585 1831 1916 1892 Ecclesiam
1966 1831 2129 1907 apud
2176 1831 2501 1905 hominem,

413 1941 478 1996 et
521 1935 662 2010 quia
710 1933 904 2012 prima
951 1931 1262 1992 Ecclesiae
1315 1937 1457 1990 sunt
1508 1933 1875 2008 cognitiones
1924 1933 2049 1996 veri
2114 1939 2175 1990 et
2224 1932 2397 2006 boni,
2450 1937 2503 1991 et

413 2031 650 2094 affectio
708 2034 835 2092 veri
887 2031 1247 2110 spiritualia,
1319 2031 1456 2092 ideo
1516 2031 1591 2090 de
1652 2031 1771 2092 illis
1826 2035 2083 2109 primum
2134 2037 2339 2091 actum
2397 2039 2497 2106 est,

409 2151 630 2210 nempe
663 2135 728 2192 in
759 2133 1000 2209 scriptis
1046 2131 1124 2190 ad
1157 2132 1458 2210 Angelum
1492 2132 1833 2212 Ephesinae
1870 2140 1931 2193 et
1970 2132 2355 2210 smyrnensis
2390 2133 2497 2192 Ec-

409 2235 670 2303 clesiae,
719 2232 796 2293 de
831 2233 1264 2310 cognitionibus
1301 2236 1435 2293 veri
1470 2240 1532 2294 et
1556 2233 1697 2293 boni
1724 2232 1802 2291 ad
1840 2233 2133 2312 Angelum
2166 2233 2501 2310 Ephesinae

411 2335 754 2428 Ecclesiae,
807 2339 868 2394 et
907 2333 982 2393 de
1023 2332 1336 2394 affectione
1374 2335 1505 2393 veri
1538 2333 1833 2412 spirituali
1870 2333 1946 2394 ad
1980 2333 2279 2411 Angelum
2307 2333 2504 2412 Smyr-

409 2437 618 2498 nensis
663 2435 1004 2496 Ecclesiaet
1059 2440 1122 2494 et
1171 2435 1314 2510 quia
1360 2451 1536 2493 nemo
1581 2440 1785 2511 potest
1832 2435 2017 2493 imbui
2072 2434 2500 2510 cognitionibus

411 2539 542 2599 veri
569 2543 630 2596 ct
657 2537 795 2596 boui
821 2535 1024 2612 quoad
1055 2537 1260 2604 viam,
1305 2552 1377 2594 ac
1412 2537 1741 2611 persistere
1768 2537 1829 2594 in
1864 2533 2175 2594 affectione
2210 2537 2347 2595 veri
2384 2537 2503 2611 spi-

411 2639 642 2714 rituali,
705 2637 822 2696 nisi
855 2634 1070 2696 subeat
1111 2630 1500 2709 tentationes,
1554 2635 1691 2694 ideo
1734 2651 1891 2695 nunc
1942 2635 2015 2694 de
2050 2635 2169 2694 illis
2216 2637 2423 2712 agitur
2454 2637 2507 2696 iu

215 2752 376 2820 [117]
413 2741 650 2821 scriptis
689 2737 766 2798 ad
802 2736 1082 2814 angelum
1114 2735 1427 2796 Ecclesiae
1466 2738 1527 2794 in
1560 2736 1887 2812 Pergamo:
1942 2736 2079 2795 inde
2108 2741 2371 2812 apparet
2396 2752 2505 2812 quo

415 2839 620 2899 ordine
652 2844 988 2914 sequuntur
1027 2837 1163 2908 illa,
1215 2853 1373 2914 quae
1410 2835 1523 2895 sub
1566 2836 1904 2896 nominibus
1941 2843 2174 2913 septem
2198 2837 2503 2896 Ecclesia-

413 2955 548 2998 rum
581 2939 884 2996 docentur.
965 2937 1141 3016 Quod
1179 2936 1437 3011 dicatur,
1476 2933 1567 2996 ad
1590 2933 1913 3016 Anyelum
1938 2933 2271 2996 Ecclesiae
2296 2935 2503 3006 scribe,

417 3043 478 3098 et
511 3054 628 3097 non
663 3035 740 3096 ad
781 3037 1144 3115 Ecclesiam,
1199 3044 1294 3099 est
1331 3039 1473 3115 quia
1508 3052 1621 3118 per
1652 3036 1951 3114 Angelum
1990 3036 2363 3114 ‚significatur
2396 3036 2504 3096 Di-

415 3138 617 3200 vinum
652 3137 908 3209 Verum,
952 3140 1114 3217 quod
1155 3139 1300 3202 facit
1343 3136 1708 3210 Ecclesiam,
1763 3137 2049 3200 Divinum
2089 3139 2243 3196 enim
2280 3137 2504 3196 Verum

415 3239 619 3313 docet,
659 3239 954 3322 quomodo
987 3240 1166 3300 homo
1201 3240 1469 3303 victurus
1498 3244 1591 3297 est
1626 3244 1693 3296 ut
1724 3237 1829 3298 fiat
1863 3237 2165 3298 Ecclesia:
2204 3238 2369 3315 quod
2401 3255 2501 3313 per

414 3340 712 3418 Angelum
751 3343 814 3402 in
865 3338 1068 3398 Verbo
1117 3340 1176 3396 in
1223 3355 1409 3400 sensu
1458 3339 1591 3416 ejus
1632 3337 1927 3418 spirituali
1976 3355 2096 3397 non
2140 3338 2500 3415 intelligatur

414 3441 628 3519 aliquis
663 3437 970 3517 Angelus,
1007 3433 1117 3498 sed
1150 3440 1212 3498 in
1247 3455 1529 3516 supremo
1566 3454 1749 3498 sensu
1784 3438 2070 3498 Divinum
2096 3439 2327 3498 Verum
2360 3455 2495 3516 pro-

413 3543 634 3602 cedens
671 3559 709 3600 a
742 3539 1030 3610 Domino,
1071 3545 1130 3604 ct
1163 3539 1223 3600 in
1257 3555 1441 3600 sensu
1474 3541 1815 3618 respective
1853 3541 1905 3600 is
1946 3539 2049 3616 qui
2080 3540 2301 3618 recipit
2341 3535 2497 3610 illud,

417 3639 696 3704 constare
731 3644 938 3716 potest
961 3655 1036 3697 ex
1066 3655 1136 3699 eo
1165 3639 1324 3717 quod
1358 3655 1564 3701 omnes
1592 3639 1813 3716 Angeli
1847 3641 1967 3700 sint
1988 3641 2355 3716 recipientes
2388 3638 2497 3698 Di-

412 3746 538 3805 vini
569 3743 702 3803 veri
737 3757 774 3798 a
807 3737 1060 3799 Domino
1081 3783 1096 3812 ,
1136 3747 1196 3798 et
1231 3739 1395 3820 quod
1427 3739 1625 3802 nullus
1662 3739 1933 3818 Angelus
1967 3741 2049 3798 sit
2084 3755 2159 3798 cx
2194 3756 2262 3799 se
2300 3739 2499 3814 Ange-

411 3843 508 3903 lus
524 3887 543 3918 ,
587 3849 648 3900 et
683 3838 844 3916 quod
877 3844 1104 3899 tantum
1139 3839 1409 3920 Angelus
1446 3841 1528 3906 sit
1562 3846 1849 3916 quantum
1882 3837 2033 3902 illud
2068 3839 2311 3916 recipit,
2368 3855 2499 3896 nam

411 3940 632 4018 Angeli
667 3957 816 4018 prae
858 3940 1196 4003 hominibus
1234 3943 1435 4002 sciunt
1470 3942 1529 3999 et
1561 3941 1931 4018 percipiunt,
1988 3939 2151 4018 quod
2188 3955 2361 3999 omne
2395 3938 2501 3998 bo-

411 4058 556 4100 num
595 4044 813 4102 amoris
867 4048 928 4102 et
964 4059 1176 4102 verum
1209 4040 1350 4100 fidei
1397 4054 1515 4098 non
1562 4042 1643 4099 sit
1688 4040 1765 4099 ab
1806 4042 1959 4117 ipsis
1996 4032 2107 4107 sed
2150 4059 2189 4098 a
2232 4039 2501 4108 Domino,

411 4147 474 4201 et
507 4145 648 4219 quia
682 4143 902 4204 bonum
951 4144 1169 4201 amoris
1221 4148 1283 4201 et
1326 4159 1536 4201 verum
1572 4140 1713 4202 fidei
1762 4141 1989 4202 faciunt
2043 4142 2403 4217 sapientiam
2450 4142 2504 4196 et

409 4242 864 4326 intelligentiam
903 4259 1137 4314 eorum,
1195 4225 1254 4300 e't
1287 4240 1405 4300 hac
1436 4231 1975 4319 totuin-Angelum,
2014 4240 2149 4300 ideo
2190 4247 2407 4301 norunt
2450 4243 2503 4299 et
