2700 4792
443 389 552 442 354
785 373 1271 430 APOCALYPSIS
1313 373 1743 435 EXPLICATA.
1802 373 1847 443 §-
1892 382 2020 435 223,
2062 382 2189 436 224,

439 537 844 614 significantur
889 553 1068 612 quam
1115 541 1184 593 ut
1232 536 1445 612 paucis
1484 537 1703 611 exponi
1750 537 1969 611 possit,
2016 533 2210 593 solum
2244 533 2392 609 quod
2423 551 2520 610 per

439 639 618 697 urbe‘s
653 637 736 695 ibi
769 654 887 694 non
921 636 1326 712 intelligantur
1362 635 1573 708 urbeS‚
1613 634 1721 694 sed
1756 635 2113 694 doctrinalia
2142 636 2267 692 veri
2302 640 2359 691 et
2378 633 2520 703 boni,

239 749 398 809 [235]
443 746 504 798 et
534 755 645 815 per
679 737 904 796 habere
939 742 1300 813 potestatem
1347 752 1533 811 super
1576 735 1711 794 illas
1758 735 2111 812 intelligitur
2159 733 2523 811 intelligentia

437 845 498 897 ct
531 839 858 914 sapientia,
891 855 1004 914 per
1039 837 1245 895 decem
1282 836 1499 910 multa,
1568 843 1629 894 et
1662 853 1773 912 per
1810 838 2075 912 quinque
2112 835 2337 910 aliqua3
2385 832 2523 908 quod

435 940 642 999 decem
677 941 738 996 in
763 935 967 997 Verbo
994 936 1329 1014 significent
1354 935 1621 1008 multum,
1658 935 1935 994 videatur
1970 954 2044 995 n:
2090 937 2295 994 1988.
2332 937 2517 994 3107.

439 1041 656 1099 4638.
703 1039 924 1112 9757;
994 1045 1053 1095 ct
1111 1037 1270 1112 quod
1322 1037 1583 1112 quinque
1635 1035 1893 1112 aliquid,
1959 1055 2028 1096 n:
2072 1037 2284 1122 4638.
2334 1035 2521 1092 9604.

435 1141 526 1200 Ex
559 1139 652 1198 his
700 1155 856 1198 nunc
893 1144 1168 1198 constare
1215 1143 1451 1213 potest,
1505 1136 1666 1212 quod
1710 1153 1821 1212 per
1868 1153 2089 1196 nomen
2145 1137 2395 1195 civitatis
2425 1135 2525 1192 Dei

438 1242 573 1309 mei,
607 1257 802 1298 novae
837 1236 1293 1314 Hierosolymae
1331 1253 1486 1312 quac
1524 1237 1837 1296 descendit
1874 1255 1907 1295 e
1936 1237 2123 1297 Coelo
2164 1255 2199 1294 a
2230 1236 2361 1294 Deo
2392 1249 2521 1305 meo,

436 1339 800 1416 significetur
824 1338 1115 1398 Doctrina
1139 1337 1348 1397 Novae
1383 1337 1713 1412 Ecclesiae,
1744 1355 1899 1413 quae
1930 1347 2025 1397 est
2052 1341 2113 1396 in
2142 1336 2355 1396 Coeli&
2388 1349 2522 1410 quae

435 1441 724 1498 Doctrina
751 1441 929 1497 etiam
958 1438 1098 1496 data
1125 1444 1220 1496 est
1253 1439 1314 1494 in
1348 1437 1640 1513 peculiari
1677 1436 1991 1513 Opusculo
2030 1455 2187 1515 qnae
2215 1435 2523 1494 inscribitur

439 1541 514 1600 de
549 1539 724 1599 Nova
759 1539 1204 1598 Hmnosonvma
1240 1556 1318 1595 m*
1357 1555 1498 1596 usus
1534 1537 1859 1596 Doc'rnnu
1897 1537 2224 1599 Connssrr.

597 1627 758 1698 2242
816 1640 894 1698 Et
917 1655 1132 1696 nomen
1161 1654 1360 1696 meum
1388 1653 1627 1707 novum,
1666 1637 1826 1713 quod
1852 1639 2152 1714 significet
2193 1635 2349 1713 quod
2372 1635 2524 1692 etiam

437 1741 694 1816 agnituri
729 1741 1012 1799 Divinum
1049 1739 1391 1795 Humanum
1426 1736 1695 1812 Domini,
1738 1745 1975 1796 constat
2012 1757 2089 1798 ex
2128 1735 2522 1814 significatione

436 1839 700 1898 scribere
749 1856 934 1916 super
997 1839 1164 1898 illum
1207 1837 1439 1896 Nomen
1488 1854 1687 1896 meum
1742 1854 1987 1913 novum,
2056 1838 2222 1915 quod
2266 1837 2343 1894 sit
2388 1829 2523 1914 quod
2616 1869 2618 1900 ς

437 1941 694 2016 agnituri
728 1939 1006 1997 Divinum
1045 1939 1386 1996 Humanum
1422 1939 1695 2007 Domini,
1736 1937 2001 1998 scribere
2041 1955 2229 2017 super
2260 1935 2415 1994 illum
2446 1937 2522 1990 est
2616 1967 2618 2012 ξ

437 2039 791 2116 implantarc
817 2040 994 2113 vitae,
1023 2038 1299 2096 videatur
1319 2055 1505 2113 supra
1530 2055 1588 2096 n:
1618 2042 1778 2113 222,
1807 2038 1904 2097 hic
1931 2040 2292 2116 implantarc
2319 2035 2442 2094 fidei
2460 2047 2522 2090 ex

439 2141 760 2214 charitate,
815 2143 954 2216 quia
990 2139 1062 2197 de
1101 2138 1205 2197 illa
1239 2138 1356 2196 fide
1392 2139 1453 2197 in
1490 2141 1729 2214 scriptis
1766 2139 1844 2197 ad
1880 2139 2181 2217 Angelum
2217 2137 2387 2214 hujus
2419 2132 2517 2190 Ec·
2616 2137 2618 2146 '

438 2240 658 2299 clesiae
696 2243 918 2316 agitur,
961 2239 1234 2298 videatur
1269 2255 1459 2314 supra
1494 2257 1559 2297 n:
1594 2242 1770 2314 2033
1810 2245 1872 2306 et
1909 2241 2271 2316 implantare
2306 2235 2385 2294 illi
2406 2231 2519 2290 fidei

439 2346 530 2402 est
565 2355 890 2416 agnosce-re
928 2339 1125 2398 corde.
1203 2339 1380 2414 Quod
1431 2337 1661 2398 Nomen
1698 2340 1939 2399 Domini
1994 2359 2217 2400 novum
2258 2339 2331 2396 sit
2368 2333 2515 2392 Divi-

435 2458 574 2500 num
603 2439 954 2498 Humanum
989 2439 1213 2516 IpsiuS,
1253 2447 1344 2498 est
1380 2441 1521 2515 quia
1554 2441 1615 2498 in
1652 2440 1833 2499 Libro
1867 2440 1981 2500 hoc
2020 2441 2403 2517 Prophetico‚
2436 2430 2519 2507 qui
2617 2511 2618 2520 ἵ

435 2541 838 2619 Apocalypsis
876 2547 1155 2610 vocatur,
1195 2541 1393 2614 agitur
1429 2539 1503 2598 de
1536 2539 1655 2599 illis
1694 2542 1795 2617 qui
1830 2541 1891 2599 in
1925 2542 2101 2600 Nova
2139 2533 2517 2609 Hierosolyma
2616 2547 2618 2558 ·

439 2650 646 2716 erunt,
687 2649 747 2701 et
781 2642 855 2700 de
891 2641 1008 2699 illis
1047 2642 1150 2716 qui
1183 2655 1302 2697 non
1337 2645 1543 2708 erunt,
1594 2657 1664 2699 ac
1700 2657 1819 2699 non
1870 2641 1943 2700 de
1980 2640 2339 2702 successivis
2374 2631 2516 2692 stati—

435 2744 550 2803 bus
587 2743 928 2814 Ecclesiae,
967 2747 1034 2798 ut
1070 2739 1347 2814 creditur,
1388 2739 1663 2798 videatur
1688 2740 1887 2816 'supra
1920 2759 1976 2800 n:
2018 2744 2093 2817 53
2136 2759 2205 2800 ac
2236 2738 2322 2798 illi
2354 2731 2517 2810 quiin
2616 2783 2618 2818 3

435 2844 611 2902 Nova
645 2841 1064 2918 Hierosolyma
1101 2846 1302 2913 erunt,
1357 2857 1565 2900 omnes
1614 2843 1873 2916 agnituri
1924 2850 2065 2901 sunt
2098 2843 2375 2936 Divinum
2405 2831 2513 2890 Hu-

435 2959 675 3000 manum
723 2941 988 3014 Domini3
1045 2957 1232 3018 quare
1271 2943 1453 2998 etiam
1500 2943 1563 2999 in
1621 2940 1948 3000 Doovnuu
1984 2942 2210 3003 Novas
2246 2939 2515 2998 Hmnoso-
2616 2955 2618 2984 =

435 3059 646 3101 ιῑΜΛκ
681 3040 888 3098 ultimo
925 3041 1141 3099 dicitur
1176 3085 1214 3116 „
1231 3038 1423 3116 Quod
1453 3039 1725 3100 Tritium
1760 3040 1830 3100 in
1863 3040 2153 3102 Domino
2183 3041 2293 3112 sit,
2334 3043 2515 3108 nempe
2616 3031 2618 3040 ⁴

435 3139 664 3220 Ipsum
721 3139 1042 3202 Divinum
1057 3187 1071 3213 ‚
1133 3137 1458 3200 Divinum
1506 3139 1891 3202 Humanum
1938 3147 1999 3202 et
2030 3142 2349 3204 Divinum
2387 3145 2515 3212 pri>-
2553 3185 2556 3190 -

437 3238 687 3315 oedem,
744 3245 838 3300 est
883 3259 1188 3301 arcanum
1243 3261 1276 3300 e
1311 3238 1523 3316 O'oelo,
1580 3245 1640 3300 et
1681 3261 1807 3320 pro
1862 3239 2005 3302 illis
2052 3244 2167 3322 qui
2214 3241 2281 3301 in
2299 3233 2513 3298 Samia

436 3338 895 3421 ,Hierosolyma
933 3344 1158 3402 erunt“
1223 3360 1290 3400 n:
1335 3345 1471 3400 297
1514 3342 1614 3400 ibi.
1686 3341 1862 3418 Quod
1894 3343 2008 3402 hoc
2046 3346 2125 3402 sit
2159 3343 2375 3402 Nomen
2406 3331 2511 3389 Do-
2616 3373 2618 3382 1

437 3445 580 3502 mini
611 3460 861 3517 novum,
897 3450 1170 3501 constare
1197 3449 1401 3518 potest
1437 3460 1510 3502 ex
1540 3459 1612 3502 eo·
1639 3443 1800 3518 quod
1834 3461 1949 3502 non
1986 3445 2155 3519 prius
2192 3446 2249 3501 in
2272 3429 2508 3499 Ecclesia

437 3545 704 3620 agnitum
738 3543 934 3604 fuerit,
1018 3541 1178 3617 Quid
1211 3559 1392 3618 porro
1428 3560 1541 3619 per
1573 3543 1806 3602 Nomen
1838 3543 2145 3615 Jehovae,
2178 3535 2419 3605 Domini,
2460 3528 2509 3582 et

437 3643 594 3703 Jesu
621 3643 844 3704 Christi
877 3645 938 3700 in
967 3642 1172 3702 Verbo
1207 3643 1577 3720 intelligitur,
1614 3639 1891 3703 videatur
1926 3661 2112 3720 supra
2146 3663 2203 3702 nt
2238 3641 2339 3700 26.
2374 3629 2501 3690 102.
2616 3625 2618 3628 ⁴

443 3744 604 3804 135.
652 3746 827 3804 148:
877 3749 938 3802 et
983 3743 1141 3818 quod
1191 3743 1565 3820 intelligatur
1596 3743 1879 3802 Divinum
1916 3743 2253 3803 Humanum
2286 3726 2503 3797 Domini,

433 3863 494 3905 n:
529 3847 616 3904 26
650 3852 708 3904 et
744 3847 915 3920 1023
955 3843 1114 3920 quo-d
1149 3843 1280 3902 Hoc
1315 3861 1425 3920 per
1458 3845 1691 3904 Nomen
1727 3844 2002 3904 Jehovae
2036 3844 2395 3919 intelligatur,
2428 3829 2501 3885 est

439 3961 626 4006 causa
659 3949 802 4022 quia
835 3945 1068 4006 Nomen
1101 3946 1162 4002 in
1200 3943 1404 4002 Verbo
1442 3944 1739 4020 significat
1774 3944 1951 4021 quale
1989 3951 2183 4003 status
2222 3949 2278 4000 et
2308 3935 2399 4000 rei,
2428 3925 2501 3982 Vi·
2616 3995 2618 4018 ᾗ

439 4045 652 4102 deatur
686 4063 873 4122 supra
899 4064 958 4104 n:
998 4045 1158 4122 148,
1193 4050 1252 4104 et
1281 4045 1461 4120 quale
1480 4045 1765 4102 Divinum
1790 4061 1909 4121 per
1930 4045 2090 4122 quod
2128 4042 2314 4103 omnia
2338 4029 2499 4093 creata

440 4147 579 4195 sunt
625 4147 685 4198 et
727 4143 876 4202 fiunt
919 4147 980 4202 in
1027 4143 1210 4202 coelis
1263 4152 1323 4202 et
1370 4148 1429 4202 in
1480 4146 1695 4218 terriS,
1764 4152 1857 4204 est
1889 4145 2177 4204 Divinum
2211 4139 2498 4201 Humanum

437 4235 705 4310 Domini,
771 4229 924 4296 sicut
957 4244 1134 4299 etiam
1185 4242 1397 4302 dicitur
1448 4244 1609 4320 apud
1646 4243 1983 4304 Johannem
2053 4291 2089 4321 „
2112 4243 2193 4303 In
2219 4221 2491 4320 princip&
