<?xml version="1.0" encoding="UTF-8"?>
<!DOCTYPE html PUBLIC "-//W3C//DTD XHTML 1.0 Transitional//EN"
    "http://www.w3.org/TR/xhtml1/DTD/xhtml1-transitional.dtd">
<html xmlns="http://www.w3.org/1999/xhtml" xml:lang="en" lang="en">
 <head>
  <title>
</title>
<meta http-equiv="Content-Type" content="text/html;charset=utf-8" />
  <meta name='ocr-system' content='tesseract 3.04.00' />
  <meta name='ocr-capabilities' content='ocr_page ocr_carea ocr_par ocr_line ocrx_word'/>
</head>
<body>
  <div class='ocr_page' id='page_1' title='image "./apocalypsisexpl01unkngoog_0305.png"; bbox 0 0 2700 4792; ppageno 0'>
   <div class='ocr_carea' id='block_1_1' title="bbox 40 357 2281 428">
    <p class='ocr_par' dir='ltr' id='par_1_1' title="bbox 40 357 2281 428">
     <span class='ocr_line' id='line_1_1' title="bbox 40 357 2281 428; baseline 0.007 -16"><span class='ocrx_word' id='word_1_1' title='bbox 40 365 45 412; x_wconf 70' lang='grc' dir='ltr'>Ι</span> <span class='ocrx_word' id='word_1_2' title='bbox 266 360 512 417; x_wconf 82' lang='lat' dir='ltr'>CAPUT</span> <span class='ocrx_word' id='word_1_3' title='bbox 549 357 888 415; x_wconf 79' lang='lat' dir='ltr'>TERTIUM.</span> <span class='ocrx_word' id='word_1_4' title='bbox 1664 363 1849 419; x_wconf 81' lang='lat' dir='ltr'>VERs</span> <span class='ocrx_word' id='word_1_5' title='bbox 1868 387 1881 419; x_wconf 70' lang='grc' dir='ltr'><strong><em>ι</em></strong></span> <span class='ocrx_word' id='word_1_6' title='bbox 1926 374 1979 427; x_wconf 84' lang='grc'><strong>5.</strong></span> <span class='ocrx_word' id='word_1_7' title='bbox 2176 375 2281 428; x_wconf 81' lang='grc'><strong>801</strong></span> 
     </span>
    </p>
   </div>
   <div class='ocr_carea' id='block_1_2' title="bbox 40 517 2485 4316">
    <p class='ocr_par' dir='ltr' id='par_1_2' title="bbox 40 517 2285 1787">
     <span class='ocr_line' id='line_1_2' title="bbox 40 517 2283 602; baseline -0 -19"><span class='ocrx_word' id='word_1_8' title='bbox 40 543 43 546; x_wconf 93' lang='grc'><em>·</em></span> <span class='ocrx_word' id='word_1_9' title='bbox 159 521 285 584; x_wconf 67' lang='lat' dir='ltr'><strong>nisi</strong></span> <span class='ocrx_word' id='word_1_10' title='bbox 343 521 470 601; x_wconf 77' lang='lat' dir='ltr'><strong>qui</strong></span> <span class='ocrx_word' id='word_1_11' title='bbox 521 520 753 601; x_wconf 69' lang='lat' dir='ltr'><strong>scripti</strong></span> <span class='ocrx_word' id='word_1_12' title='bbox 808 520 880 580; x_wconf 82' lang='lat' dir='ltr'><strong>in</strong></span> <span class='ocrx_word' id='word_1_13' title='bbox 921 517 1120 581; x_wconf 78' lang='lat' dir='ltr'><strong>Libro</strong></span> <span class='ocrx_word' id='word_1_14' title='bbox 1169 520 1338 583; x_wconf 76' lang='lat' dir='ltr'><strong>vitae</strong></span> <span class='ocrx_word' id='word_1_15' title='bbox 1371 520 1610 602; x_wconf 61' lang='lat' dir='ltr'><strong>Aynffl</strong></span> <span class='ocrx_word' id='word_1_16' title='bbox 1696 525 1901 602; x_wconf 86' lang='lat' dir='ltr'><strong>Apoc:</strong></span> <span class='ocrx_word' id='word_1_17' title='bbox 1938 525 2124 586; x_wconf 83' lang='lat' dir='ltr'>XXI:</span> <span class='ocrx_word' id='word_1_18' title='bbox 2174 531 2283 587; x_wconf 89' lang='grc'><strong>27.</strong></span> 
     </span>
     <span class='ocr_line' id='line_1_3' title="bbox 160 617 2285 706; baseline 0.003 -24"><span class='ocrx_word' id='word_1_19' title='bbox 160 623 331 700; x_wconf 82' lang='lat' dir='ltr'>Apud</span> <span class='ocrx_word' id='word_1_20' title='bbox 365 622 674 681; x_wconf 81' lang='lat' dir='ltr'><strong>Davidem</strong></span> <span class='ocrx_word' id='word_1_21' title='bbox 731 619 928 696; x_wconf 75' lang='lat' dir='ltr'><strong>„Non</strong></span> <span class='ocrx_word' id='word_1_22' title='bbox 965 617 1164 681; x_wconf 77' lang='lat' dir='ltr'><strong>latuit</strong></span> <span class='ocrx_word' id='word_1_23' title='bbox 1208 619 1300 682; x_wconf 83' lang='lat' dir='ltr'><strong>Te</strong></span> <span class='ocrx_word' id='word_1_24' title='bbox 1333 640 1409 683; x_wconf 79' lang='grc' dir='ltr'><strong>οε</strong></span> <span class='ocrx_word' id='word_1_25' title='bbox 1444 643 1681 694; x_wconf 70' lang='lat' dir='ltr'><strong>mm,</strong></span> <span class='ocrx_word' id='word_1_26' title='bbox 1720 643 1863 686; x_wconf 79' lang='lat' dir='ltr'><strong>oum</strong></span> <span class='ocrx_word' id='word_1_27' title='bbox 1884 626 2113 706; x_wconf 72' lang='lat' dir='ltr'><strong>fact-ue</strong></span> <span class='ocrx_word' id='word_1_28' title='bbox 2138 645 2285 688; x_wconf 70' lang='lat' dir='ltr'><strong>sum</strong></span> 
     </span>
     <span class='ocr_line' id='line_1_4' title="bbox 159 719 2281 808; baseline 0.002 -24"><span class='ocrx_word' id='word_1_29' title='bbox 159 723 222 784; x_wconf 75' lang='lat' dir='ltr'><strong>in</strong></span> <span class='ocrx_word' id='word_1_30' title='bbox 254 719 503 784; x_wconf 67' lang='lat' dir='ltr'><strong>occulto</strong></span> <span class='ocrx_word' id='word_1_31' title='bbox 515 743 543 795; x_wconf 91' lang='lat'><em>;</em></span> <span class='ocrx_word' id='word_1_32' title='bbox 589 740 782 801; x_wconf 70' lang='lat' dir='ltr'><strong>super·</strong></span> <span class='ocrx_word' id='word_1_33' title='bbox 805 719 1006 782; x_wconf 78' lang='lat' dir='ltr'><strong>Libro</strong></span> <span class='ocrx_word' id='word_1_34' title='bbox 1047 726 1154 782; x_wconf 78' lang='lat' dir='ltr'><strong>tuo</strong></span> <span class='ocrx_word' id='word_1_35' title='bbox 1181 733 1393 782; x_wconf 68' lang='lat' dir='ltr'><strong>omnes</strong></span> <span class='ocrx_word' id='word_1_36' title='bbox 1419 723 1651 803; x_wconf 67' lang='lat' dir='ltr'><strong>scripti</strong></span> <span class='ocrx_word' id='word_1_37' title='bbox 1676 731 1826 786; x_wconf 72' lang='lat' dir='ltr'><strong>sunt</strong></span> <span class='ocrx_word' id='word_1_38' title='bbox 1852 725 2009 802; x_wconf 69' lang='lat' dir='ltr'><strong>dies,</strong></span> <span class='ocrx_word' id='word_1_39' title='bbox 2054 727 2281 808; x_wconf 67' lang='lat' dir='ltr'><strong>quibua</strong></span> 
     </span>
     <span class='ocr_line' id='line_1_5' title="bbox 147 818 2278 904; baseline 0.002 -20"><span class='ocrx_word' id='word_1_40' title='bbox 147 823 451 904; x_wconf 77' lang='lat' dir='ltr'><strong>formati,</strong></span> <span class='ocrx_word' id='word_1_41' title='bbox 500 827 561 882; x_wconf 82' lang='lat' dir='ltr'><strong>et</strong></span> <span class='ocrx_word' id='word_1_42' title='bbox 593 839 718 882; x_wconf 74' lang='lat' dir='ltr'><strong>‘non</strong></span> <span class='ocrx_word' id='word_1_43' title='bbox 750 841 920 882; x_wconf 69' lang='lat' dir='ltr'><strong>unus</strong></span> <span class='ocrx_word' id='word_1_44' title='bbox 959 840 1039 882; x_wconf 70' lang='lat' dir='ltr'><strong>em</strong></span> <span class='ocrx_word' id='word_1_45' title='bbox 1073 818 1216 882; x_wconf 67' lang='lat' dir='ltr'><strong>illis</strong></span> <span class='ocrx_word' id='word_1_46' title='bbox 1245 821 1465 883; x_wconf 62' lang='lat' dir='ltr'><strong>deesffl</strong></span> <span class='ocrx_word' id='word_1_47' title='bbox 1511 825 1747 885; x_wconf 82' lang='lat' dir='ltr'><strong>Psalm=</strong></span> <span class='ocrx_word' id='word_1_48' title='bbox 1778 825 2129 887; x_wconf 84' lang='lat' dir='ltr'>CXXXIX:</span> <span class='ocrx_word' id='word_1_49' title='bbox 2169 833 2198 888; x_wconf 94' lang='lat'><strong>1</strong></span> <span class='ocrx_word' id='word_1_50' title='bbox 2220 830 2278 890; x_wconf 89' lang='lat'><strong>5.</strong></span> 
     </span>
     <span class='ocr_line' id='line_1_6' title="bbox 167 921 2282 1005; baseline 0.001 -21"><span class='ocrx_word' id='word_1_51' title='bbox 167 927 281 1000; x_wconf 84' lang='lat'><strong>163</strong></span> <span class='ocrx_word' id='word_1_52' title='bbox 345 941 466 1001; x_wconf 86' lang='lat' dir='ltr'><strong>per</strong></span> <span class='ocrx_word' id='word_1_53' title='bbox 536 921 694 998; x_wconf 88' lang='lat' dir='ltr'><strong>quod</strong></span> <span class='ocrx_word' id='word_1_54' title='bbox 743 939 950 982; x_wconf 85' lang='lat' dir='ltr'><strong>omnes</strong></span> <span class='ocrx_word' id='word_1_55' title='bbox 1011 922 1138 982; x_wconf 79' lang='lat' dir='ltr'><strong>dies</strong></span> <span class='ocrx_word' id='word_1_56' title='bbox 1186 924 1457 1000; x_wconf 82' lang='lat' dir='ltr'><strong>inscripti</strong></span> <span class='ocrx_word' id='word_1_57' title='bbox 1507 927 1657 998; x_wconf 79' lang='lat' dir='ltr'><strong>sint,</strong></span> <span class='ocrx_word' id='word_1_58' title='bbox 1713 926 2063 1003; x_wconf 80' lang='lat' dir='ltr'><strong>iutelligitur</strong></span> <span class='ocrx_word' id='word_1_59' title='bbox 2122 929 2282 1005; x_wconf 87' lang='lat' dir='ltr'><strong>quod</strong></span> 
     </span>
     <span class='ocr_line' id='line_1_7' title="bbox 158 1023 2278 1105; baseline 0.003 -22"><span class='ocrx_word' id='word_1_60' title='bbox 158 1043 354 1084; x_wconf 83' lang='lat' dir='ltr'><strong>omnes</strong></span> <span class='ocrx_word' id='word_1_61' title='bbox 397 1031 598 1084; x_wconf 79' lang='lat' dir='ltr'><strong>status</strong></span> <span class='ocrx_word' id='word_1_62' title='bbox 635 1025 826 1097; x_wconf 84' lang='lat' dir='ltr'><strong>vitae3</strong></span> <span class='ocrx_word' id='word_1_63' title='bbox 883 1023 1044 1099; x_wconf 82' lang='lat' dir='ltr'><strong>quod</strong></span> <span class='ocrx_word' id='word_1_64' title='bbox 1079 1025 1276 1082; x_wconf 85' lang='lat' dir='ltr'><strong>omnia</strong></span> <span class='ocrx_word' id='word_1_65' title='bbox 1322 1031 1385 1083; x_wconf 87' lang='lat' dir='ltr'><strong>et</strong></span> <span class='ocrx_word' id='word_1_66' title='bbox 1418 1025 1655 1102; x_wconf 82' lang='lat' dir='ltr'><strong>singula</strong></span> <span class='ocrx_word' id='word_1_67' title='bbox 1704 1043 1863 1102; x_wconf 82' lang='lat' dir='ltr'><strong>quae</strong></span> <span class='ocrx_word' id='word_1_68' title='bbox 1896 1026 2073 1087; x_wconf 90' lang='lat' dir='ltr'><strong>homo</strong></span> <span class='ocrx_word' id='word_1_69' title='bbox 2110 1029 2278 1105; x_wconf 83' lang='lat' dir='ltr'><strong>eogi—</strong></span> 
     </span>
     <span class='ocr_line' id='line_1_8' title="bbox 163 1123 2280 1201; baseline 0.003 -18"><span class='ocrx_word' id='word_1_70' title='bbox 163 1128 330 1196; x_wconf 81' lang='lat' dir='ltr'><strong>tavit‚</strong></span> <span class='ocrx_word' id='word_1_71' title='bbox 385 1125 612 1198; x_wconf 86' lang='lat' dir='ltr'><strong>voluit,</strong></span> <span class='ocrx_word' id='word_1_72' title='bbox 667 1123 954 1199; x_wconf 80' lang='lat' dir='ltr'><strong>loquutus</strong></span> <span class='ocrx_word' id='word_1_73' title='bbox 1001 1130 1094 1181; x_wconf 82' lang='lat' dir='ltr'><strong>est</strong></span> <span class='ocrx_word' id='word_1_74' title='bbox 1105 1167 1120 1198; x_wconf 87' lang='lat'><strong><em>,</em></strong></span> <span class='ocrx_word' id='word_1_75' title='bbox 1178 1125 1328 1200; x_wconf 87' lang='lat' dir='ltr'><strong>egit,</strong></span> <span class='ocrx_word' id='word_1_76' title='bbox 1383 1127 1501 1183; x_wconf 86' lang='lat' dir='ltr'><strong>imo</strong></span> <span class='ocrx_word' id='word_1_77' title='bbox 1540 1143 1693 1201; x_wconf 82' lang='lat' dir='ltr'><strong>quae</strong></span> <span class='ocrx_word' id='word_1_78' title='bbox 1728 1126 1875 1186; x_wconf 83' lang='lat' dir='ltr'><strong>vidit</strong></span> <span class='ocrx_word' id='word_1_79' title='bbox 1926 1134 1987 1187; x_wconf 85' lang='lat' dir='ltr'><strong>et</strong></span> <span class='ocrx_word' id='word_1_80' title='bbox 2033 1127 2280 1201; x_wconf 78' lang='lat' dir='ltr'><strong>audivit,</strong></span> 
     </span>
     <span class='ocr_line' id='line_1_9' title="bbox 163 1225 2282 1303; baseline 0.002 -19"><span class='ocrx_word' id='word_1_81' title='bbox 163 1227 272 1284; x_wconf 80' lang='lat' dir='ltr'><strong>sint</strong></span> <span class='ocrx_word' id='word_1_82' title='bbox 323 1225 502 1302; x_wconf 82' lang='lat' dir='ltr'><strong>apud</strong></span> <span class='ocrx_word' id='word_1_83' title='bbox 549 1225 850 1283; x_wconf 82' lang='lat' dir='ltr'><strong>hominem</strong></span> <span class='ocrx_word' id='word_1_84' title='bbox 901 1225 964 1282; x_wconf 88' lang='lat' dir='ltr'><strong>in</strong></span> <span class='ocrx_word' id='word_1_85' title='bbox 1016 1225 1228 1303; x_wconf 75' lang='lat' dir='ltr'><strong>spiritu</strong></span> <span class='ocrx_word' id='word_1_86' title='bbox 1267 1225 1400 1302; x_wconf 82' lang='lat' dir='ltr'><strong>ejus</strong></span> <span class='ocrx_word' id='word_1_87' title='bbox 1439 1228 1614 1301; x_wconf 82' lang='lat' dir='ltr'><strong>quasi</strong></span> <span class='ocrx_word' id='word_1_88' title='bbox 1658 1228 1977 1303; x_wconf 82' lang='lat' dir='ltr'><strong>inscripta,</strong></span> <span class='ocrx_word' id='word_1_89' title='bbox 2026 1229 2179 1288; x_wconf 82' lang='lat' dir='ltr'><strong>adeo</strong></span> <span class='ocrx_word' id='word_1_90' title='bbox 2214 1236 2282 1288; x_wconf 87' lang='lat' dir='ltr'><strong>ut</strong></span> 
     </span>
     <span class='ocr_line' id='line_1_10' title="bbox 159 1323 2278 1404; baseline 0.002 -21"><span class='ocrx_word' id='word_1_91' title='bbox 159 1343 402 1403; x_wconf 85' lang='lat' dir='ltr'><strong>prorsus</strong></span> <span class='ocrx_word' id='word_1_92' title='bbox 449 1324 596 1384; x_wconf 87' lang='lat' dir='ltr'><strong>nihil</strong></span> <span class='ocrx_word' id='word_1_93' title='bbox 635 1324 824 1399; x_wconf 79' lang='lat' dir='ltr'><strong>desit,</strong></span> <span class='ocrx_word' id='word_1_94' title='bbox 869 1323 1145 1382; x_wconf 83' lang='lat' dir='ltr'><strong>videatur</strong></span> <span class='ocrx_word' id='word_1_95' title='bbox 1177 1326 1240 1382; x_wconf 88' lang='lat' dir='ltr'><strong>in</strong></span> <span class='ocrx_word' id='word_1_96' title='bbox 1276 1323 1479 1401; x_wconf 81' lang='lat' dir='ltr'>Opere</span> <span class='ocrx_word' id='word_1_97' title='bbox 1516 1325 1591 1385; x_wconf 89' lang='lat' dir='ltr'><strong>de</strong></span> <span class='ocrx_word' id='word_1_98' title='bbox 1630 1325 1831 1386; x_wconf 63' lang='lat' dir='ltr'><strong>Con-120</strong></span> <span class='ocrx_word' id='word_1_99' title='bbox 1870 1346 1947 1386; x_wconf 73' lang='grc' dir='ltr'><strong>ιτ</strong></span> <span class='ocrx_word' id='word_1_100' title='bbox 1981 1328 2278 1404; x_wconf 66' lang='lat' dir='ltr'><strong>Inuum),</strong></span> 
     </span>
     <span class='ocr_line' id='line_1_11' title="bbox 159 1423 2281 1502; baseline 0.002 -18"><span class='ocrx_word' id='word_1_101' title='bbox 159 1443 228 1485; x_wconf 86' lang='lat' dir='ltr'><strong>n:</strong></span> <span class='ocrx_word' id='word_1_102' title='bbox 287 1429 467 1486; x_wconf 98' lang='grc'><strong>462.</strong></span> <span class='ocrx_word' id='word_1_103' title='bbox 522 1426 698 1499; x_wconf 74' lang='lat'><strong>4633</strong></span> <span class='ocrx_word' id='word_1_104' title='bbox 761 1429 822 1484; x_wconf 84' lang='lat' dir='ltr'><strong>et</strong></span> <span class='ocrx_word' id='word_1_105' title='bbox 875 1427 938 1484; x_wconf 87' lang='lat' dir='ltr'><strong>in</strong></span> <span class='ocrx_word' id='word_1_106' title='bbox 991 1423 1766 1502; x_wconf 52' lang='lat' dir='ltr'><strong>Aummsflonmswmus,</strong></span> <span class='ocrx_word' id='word_1_107' title='bbox 1818 1445 1893 1486; x_wconf 87' lang='lat' dir='ltr'><strong>n:</strong></span> <span class='ocrx_word' id='word_1_108' title='bbox 1955 1431 2143 1488; x_wconf 87' lang='grc'><strong>2469</strong></span> <span class='ocrx_word' id='word_1_109' title='bbox 2202 1429 2281 1488; x_wconf 85' lang='lat' dir='ltr'><strong>ad</strong></span> 
     </span>
     <span class='ocr_line' id='line_1_12' title="bbox 167 1523 2277 1603; baseline 0.002 -19"><span class='ocrx_word' id='word_1_110' title='bbox 167 1529 376 1587; x_wconf 91' lang='grc'><strong>2494.</strong></span> <span class='ocrx_word' id='word_1_111' title='bbox 431 1527 661 1586; x_wconf 61' lang='grc'><strong>73983</strong></span> <span class='ocrx_word' id='word_1_112' title='bbox 719 1531 778 1585; x_wconf 82' lang='lat' dir='ltr'><strong>et</strong></span> <span class='ocrx_word' id='word_1_113' title='bbox 814 1523 1069 1601; x_wconf 87' lang='lat' dir='ltr'><strong>quodid</strong></span> <span class='ocrx_word' id='word_1_114' title='bbox 1103 1526 1183 1583; x_wconf 83' lang='lat' dir='ltr'><strong>sit</strong></span> <span class='ocrx_word' id='word_1_115' title='bbox 1216 1525 1399 1584; x_wconf 86' lang='lat' dir='ltr'><strong>Liber</strong></span> <span class='ocrx_word' id='word_1_116' title='bbox 1432 1526 1593 1585; x_wconf 85' lang='lat' dir='ltr'><strong>vitae</strong></span> <span class='ocrx_word' id='word_1_117' title='bbox 1627 1527 1911 1603; x_wconf 70' lang='lat' dir='ltr'><strong>hominia,</strong></span> <span class='ocrx_word' id='word_1_118' title='bbox 1950 1547 2017 1590; x_wconf 83' lang='lat' dir='ltr'><strong>n:</strong></span> <span class='ocrx_word' id='word_1_119' title='bbox 2060 1531 2277 1588; x_wconf 92' lang='grc'><strong>2474.</strong></span> 
     </span>
     <span class='ocr_line' id='line_1_13' title="bbox 167 1627 2281 1702; baseline 0.003 -18"><span class='ocrx_word' id='word_1_120' title='bbox 167 1628 374 1687; x_wconf 87' lang='grc'><strong>9386.</strong></span> <span class='ocrx_word' id='word_1_121' title='bbox 429 1628 644 1686; x_wconf 86' lang='grc'><strong>9841.</strong></span> <span class='ocrx_word' id='word_1_122' title='bbox 678 1627 966 1685; x_wconf 72' lang='grc' dir='ltr'><strong>’10505ε</strong></span> <span class='ocrx_word' id='word_1_123' title='bbox 1015 1632 1078 1684; x_wconf 91' lang='lat' dir='ltr'><strong>et</strong></span> <span class='ocrx_word' id='word_1_124' title='bbox 1109 1633 1430 1702; x_wconf 83' lang='lat' dir='ltr'><strong>praeterea</strong></span> <span class='ocrx_word' id='word_1_125' title='bbox 1464 1643 1533 1685; x_wconf 84' lang='lat' dir='ltr'><strong>n:</strong></span> <span class='ocrx_word' id='word_1_126' title='bbox 1572 1628 1780 1690; x_wconf 87' lang='grc'><strong>5212.</strong></span> <span class='ocrx_word' id='word_1_127' title='bbox 1816 1629 2028 1690; x_wconf 89' lang='grc'><strong>8067.</strong></span> <span class='ocrx_word' id='word_1_128' title='bbox 2066 1629 2281 1690; x_wconf 85' lang='grc'><strong>9334.</strong></span> 
     </span>
     <span class='ocr_line' id='line_1_14' title="bbox 165 1729 644 1787; baseline -0.006 0"><span class='ocrx_word' id='word_1_129' title='bbox 165 1729 375 1787; x_wconf 85' lang='grc'><strong>9723.</strong></span> <span class='ocrx_word' id='word_1_130' title='bbox 429 1729 644 1786; x_wconf 87' lang='grc'><strong>9841.</strong></span> 
     </span>
    </p>

    <p class='ocr_par' dir='ltr' id='par_1_3' title="bbox 167 1827 2485 4316">
     <span class='ocr_line' id='line_1_15' title="bbox 312 1827 2278 1919; baseline 0.002 -31"><span class='ocrx_word' id='word_1_131' title='bbox 312 1829 487 1888; x_wconf 88' lang='grc'><strong>200.</strong></span> <span class='ocrx_word' id='word_1_132' title='bbox 559 1827 637 1886; x_wconf 91' lang='lat' dir='ltr'><strong>Et</strong></span> <span class='ocrx_word' id='word_1_133' title='bbox 691 1827 1017 1887; x_wconf 85' lang='lat' dir='ltr'><strong>confitebor</strong></span> <span class='ocrx_word' id='word_1_134' title='bbox 1062 1844 1280 1919; x_wconf 73' lang='lat' dir='ltr'><strong>nomen</strong></span> <span class='ocrx_word' id='word_1_135' title='bbox 1331 1828 1470 1906; x_wconf 79' lang='lat' dir='ltr'><strong>ejus.</strong></span> <span class='ocrx_word' id='word_1_136' title='bbox 1512 1843 1713 1888; x_wconf 82' lang='lat' dir='ltr'><strong>coram</strong></span> <span class='ocrx_word' id='word_1_137' title='bbox 1762 1829 1941 1890; x_wconf 82' lang='lat' dir='ltr'><strong>Patre</strong></span> <span class='ocrx_word' id='word_1_138' title='bbox 1980 1849 2149 1904; x_wconf 88' lang='lat' dir='ltr'><strong>meo,</strong></span> <span class='ocrx_word' id='word_1_139' title='bbox 2216 1839 2278 1891; x_wconf 84' lang='lat' dir='ltr'><strong>et</strong></span> 
     </span>
     <span class='ocr_line' id='line_1_16' title="bbox 167 1927 2278 2006; baseline 0.002 -19"><span class='ocrx_word' id='word_1_140' title='bbox 167 1945 362 1988; x_wconf 76' lang='lat' dir='ltr'><strong>eoram</strong></span> <span class='ocrx_word' id='word_1_141' title='bbox 420 1927 672 2004; x_wconf 79' lang='lat' dir='ltr'><strong>Angelis</strong></span> <span class='ocrx_word' id='word_1_142' title='bbox 725 1929 893 2006; x_wconf 79' lang='lat' dir='ltr'><strong>ejus,</strong></span> <span class='ocrx_word' id='word_1_143' title='bbox 977 1927 1140 2004; x_wconf 86' lang='lat' dir='ltr'><strong>quod</strong></span> <span class='ocrx_word' id='word_1_144' title='bbox 1185 1928 1481 2005; x_wconf 78' lang='lat' dir='ltr'><strong>significet</strong></span> <span class='ocrx_word' id='word_1_145' title='bbox 1534 1929 1693 2006; x_wconf 90' lang='lat' dir='ltr'><strong>quod</strong></span> <span class='ocrx_word' id='word_1_146' title='bbox 1740 1931 1799 1988; x_wconf 88' lang='lat' dir='ltr'><strong>in</strong></span> <span class='ocrx_word' id='word_1_147' title='bbox 1841 1931 2061 1994; x_wconf 82' lang='lat' dir='ltr'><strong>Divino</strong></span> <span class='ocrx_word' id='word_1_148' title='bbox 2110 1932 2278 1994; x_wconf 87' lang='lat' dir='ltr'><strong>Bono</strong></span> 
     </span>
     <span class='ocr_line' id='line_1_17' title="bbox 167 2029 2279 2107; baseline 0.002 -19"><span class='ocrx_word' id='word_1_149' title='bbox 167 2035 224 2088; x_wconf 90' lang='lat' dir='ltr'><strong>et</strong></span> <span class='ocrx_word' id='word_1_150' title='bbox 255 2030 392 2089; x_wconf 88' lang='lat' dir='ltr'><strong>inde</strong></span> <span class='ocrx_word' id='word_1_151' title='bbox 445 2033 505 2087; x_wconf 90' lang='lat' dir='ltr'><strong>in</strong></span> <span class='ocrx_word' id='word_1_152' title='bbox 540 2029 760 2087; x_wconf 87' lang='lat' dir='ltr'><strong>Divino</strong></span> <span class='ocrx_word' id='word_1_153' title='bbox 799 2029 964 2087; x_wconf 87' lang='lat' dir='ltr'><strong>Vero</strong></span> <span class='ocrx_word' id='word_1_154' title='bbox 1005 2035 1205 2103; x_wconf 89' lang='lat' dir='ltr'><strong>erunt,</strong></span> <span class='ocrx_word' id='word_1_155' title='bbox 1263 2035 1503 2088; x_wconf 83' lang='lat' dir='ltr'><strong>constat</strong></span> <span class='ocrx_word' id='word_1_156' title='bbox 1550 2047 1627 2089; x_wconf 87' lang='lat' dir='ltr'><strong>ex</strong></span> <span class='ocrx_word' id='word_1_157' title='bbox 1662 2031 2093 2107; x_wconf 82' lang='lat' dir='ltr'><strong>significatione</strong></span> <span class='ocrx_word' id='word_1_158' title='bbox 2132 2049 2279 2093; x_wconf 86' lang='lat' dir='ltr'><strong>eon-</strong></span> 
     </span>
     <span class='ocr_line' id='line_1_18' title="bbox 168 2107 2277 2206; baseline 0.002 -18"><span class='ocrx_word' id='word_1_159' title='bbox 168 2129 312 2188; x_wconf 83' lang='lat' dir='ltr'><strong>fiteri</strong></span> <span class='ocrx_word' id='word_1_160' title='bbox 345 2107 604 2198; x_wconf 75' lang='lat' dir='ltr'><strong>nomen,</strong></span> <span class='ocrx_word' id='word_1_161' title='bbox 657 2119 817 2206; x_wconf 73' lang='lat' dir='ltr'><strong>quo&#39;d</strong></span> <span class='ocrx_word' id='word_1_162' title='bbox 862 2131 940 2187; x_wconf 85' lang='lat' dir='ltr'><strong>sit</strong></span> <span class='ocrx_word' id='word_1_163' title='bbox 987 2135 1055 2186; x_wconf 87' lang='lat' dir='ltr'><strong>ut</strong></span> <span class='ocrx_word' id='word_1_164' title='bbox 1107 2131 1227 2188; x_wconf 78' lang='lat' dir='ltr'><strong>sint</strong></span> <span class='ocrx_word' id='word_1_165' title='bbox 1276 2130 1605 2188; x_wconf 85' lang='lat' dir='ltr'><strong>secundum</strong></span> <span class='ocrx_word' id='word_1_166' title='bbox 1660 2130 1839 2206; x_wconf 85' lang='lat' dir='ltr'><strong>quale</strong></span> <span class='ocrx_word' id='word_1_167' title='bbox 1887 2139 2080 2193; x_wconf 80' lang='lat' dir='ltr'><strong>status</strong></span> <span class='ocrx_word' id='word_1_168' title='bbox 2117 2135 2277 2194; x_wconf 80' lang='lat' dir='ltr'><strong>vitae</strong></span> 
     </span>
     <span class='ocr_line' id='line_1_19' title="bbox 173 2229 2277 2309; baseline 0.002 -21"><span class='ocrx_word' id='word_1_169' title='bbox 173 2246 400 2306; x_wconf 84' lang='lat' dir='ltr'><strong>eorum3</strong></span> <span class='ocrx_word' id='word_1_170' title='bbox 457 2247 568 2307; x_wconf 87' lang='lat' dir='ltr'><strong>per</strong></span> <span class='ocrx_word' id='word_1_171' title='bbox 603 2230 869 2289; x_wconf 83' lang='lat' dir='ltr'><strong>confiteri</strong></span> <span class='ocrx_word' id='word_1_172' title='bbox 906 2231 1091 2304; x_wconf 85' lang='lat' dir='ltr'><strong>enim,</strong></span> <span class='ocrx_word' id='word_1_173' title='bbox 1143 2247 1280 2288; x_wconf 84' lang='lat' dir='ltr'><strong>eum</strong></span> <span class='ocrx_word' id='word_1_174' title='bbox 1315 2247 1353 2287; x_wconf 79' lang='lat' dir='ltr'>a</span> <span class='ocrx_word' id='word_1_175' title='bbox 1387 2229 1677 2304; x_wconf 87' lang='lat' dir='ltr'><strong>Domino,</strong></span> <span class='ocrx_word' id='word_1_176' title='bbox 1735 2231 2085 2309; x_wconf 80' lang='lat' dir='ltr'><strong>intelligitur</strong></span> <span class='ocrx_word' id='word_1_177' title='bbox 2134 2233 2277 2294; x_wconf 86' lang='lat' dir='ltr'><strong>dare</strong></span> 
     </span>
     <span class='ocr_line' id='line_1_20' title="bbox 169 2329 2277 2405; baseline 0.003 -18"><span class='ocrx_word' id='word_1_178' title='bbox 169 2336 230 2387; x_wconf 88' lang='lat' dir='ltr'><strong>ut</strong></span> <span class='ocrx_word' id='word_1_179' title='bbox 273 2333 426 2405; x_wconf 85' lang='lat' dir='ltr'><strong>sint,</strong></span> <span class='ocrx_word' id='word_1_180' title='bbox 483 2349 620 2390; x_wconf 83' lang='lat' dir='ltr'><strong>nam</strong></span> <span class='ocrx_word' id='word_1_181' title='bbox 655 2332 948 2390; x_wconf 83' lang='lat' dir='ltr'>Dominus</span> <span class='ocrx_word' id='word_1_182' title='bbox 999 2330 1160 2405; x_wconf 86' lang='lat' dir='ltr'><strong>quod</strong></span> <span class='ocrx_word' id='word_1_183' title='bbox 1195 2329 1336 2388; x_wconf 79' lang='lat' dir='ltr'><strong>dicit</strong></span> <span class='ocrx_word' id='word_1_184' title='bbox 1392 2345 1503 2389; x_wconf 84' lang='lat' dir='ltr'><strong>seu</strong></span> <span class='ocrx_word' id='word_1_185' title='bbox 1552 2329 1867 2390; x_wconf 82' lang='lat' dir='ltr'><strong>confitetur</strong></span> <span class='ocrx_word' id='word_1_186' title='bbox 1913 2331 1987 2391; x_wconf 88' lang='lat' dir='ltr'><strong>de</strong></span> <span class='ocrx_word' id='word_1_187' title='bbox 2038 2333 2277 2394; x_wconf 87' lang='lat' dir='ltr'><strong>homine</strong></span> 
     </span>
     <span class='ocr_line' id='line_1_21' title="bbox 171 2429 2275 2509; baseline 0.003 -22"><span class='ocrx_word' id='word_1_188' title='bbox 171 2437 272 2488; x_wconf 78' lang='lat' dir='ltr'><strong>aut</strong></span> <span class='ocrx_word' id='word_1_189' title='bbox 307 2431 518 2506; x_wconf 83' lang='lat' dir='ltr'><strong>angelo</strong></span> <span class='ocrx_word' id='word_1_190' title='bbox 540 2477 554 2505; x_wconf 92' lang='lat'><em>‚</em></span> <span class='ocrx_word' id='word_1_191' title='bbox 611 2433 713 2508; x_wconf 86' lang='lat' dir='ltr'><strong>qui</strong></span> <span class='ocrx_word' id='word_1_192' title='bbox 747 2433 808 2490; x_wconf 88' lang='lat' dir='ltr'><strong>in</strong></span> <span class='ocrx_word' id='word_1_193' title='bbox 840 2430 996 2488; x_wconf 88' lang='lat' dir='ltr'><strong>bono</strong></span> <span class='ocrx_word' id='word_1_194' title='bbox 1034 2432 1251 2489; x_wconf 81' lang='lat' dir='ltr'><strong>amoris</strong></span> <span class='ocrx_word' id='word_1_195' title='bbox 1290 2437 1350 2489; x_wconf 87' lang='lat' dir='ltr'><strong>et</strong></span> <span class='ocrx_word' id='word_1_196' title='bbox 1383 2429 1523 2490; x_wconf 85' lang='lat' dir='ltr'><strong>fidei</strong></span> <span class='ocrx_word' id='word_1_197' title='bbox 1569 2437 1692 2502; x_wconf 87' lang='lat' dir='ltr'><strong>est,</strong></span> <span class='ocrx_word' id='word_1_198' title='bbox 1745 2430 1848 2488; x_wconf 81' lang='lat' dir='ltr'><strong>dat</strong></span> <span class='ocrx_word' id='word_1_199' title='bbox 1882 2439 1944 2490; x_wconf 89' lang='lat' dir='ltr'><strong>et</strong></span> <span class='ocrx_word' id='word_1_200' title='bbox 1978 2434 2275 2509; x_wconf 80' lang='lat' dir='ltr'><strong>providet,</strong></span> 
     </span>
     <span class='ocr_line' id='line_1_22' title="bbox 173 2519 2274 2607; baseline 0.002 -21"><span class='ocrx_word' id='word_1_201' title='bbox 173 2531 448 2604; x_wconf 82' lang='lat' dir='ltr'><strong>quoniam</strong></span> <span class='ocrx_word' id='word_1_202' title='bbox 484 2549 650 2592; x_wconf 89' lang='lat' dir='ltr'><strong>omne</strong></span> <span class='ocrx_word' id='word_1_203' title='bbox 687 2532 908 2591; x_wconf 88' lang='lat' dir='ltr'><strong>bonum</strong></span> <span class='ocrx_word' id='word_1_204' title='bbox 945 2532 1166 2589; x_wconf 83' lang='lat' dir='ltr'><strong>amoris</strong></span> <span class='ocrx_word' id='word_1_205' title='bbox 1192 2598 1195 2602; x_wconf 42' lang='grc'><strong>,</strong></span> <span class='ocrx_word' id='word_1_206' title='bbox 1223 2519 1288 2589; x_wconf 62' lang='grc' dir='ltr'><strong>εί</strong></span> <span class='ocrx_word' id='word_1_207' title='bbox 1316 2529 1457 2588; x_wconf 86' lang='lat' dir='ltr'><strong>fidei</strong></span> <span class='ocrx_word' id='word_1_208' title='bbox 1506 2537 1599 2590; x_wconf 84' lang='lat' dir='ltr'><strong>est</strong></span> <span class='ocrx_word' id='word_1_209' title='bbox 1634 2531 1710 2589; x_wconf 83' lang='lat' dir='ltr'><strong>ab</strong></span> <span class='ocrx_word' id='word_1_210' title='bbox 1746 2530 1925 2607; x_wconf 85' lang='lat' dir='ltr'><strong>Ipso3</strong></span> <span class='ocrx_word' id='word_1_211' title='bbox 1978 2533 2115 2591; x_wconf 85' lang='lat' dir='ltr'><strong>inde</strong></span> <span class='ocrx_word' id='word_1_212' title='bbox 2164 2539 2274 2607; x_wconf 82' lang='lat' dir='ltr'><strong>est,</strong></span> 
     </span>
     <span class='ocr_line' id='line_1_23' title="bbox 173 2628 2271 2707; baseline 0.002 -20"><span class='ocrx_word' id='word_1_213' title='bbox 173 2631 330 2705; x_wconf 88' lang='lat' dir='ltr'><strong>quod</strong></span> <span class='ocrx_word' id='word_1_214' title='bbox 383 2629 574 2692; x_wconf 85' lang='lat' dir='ltr'><strong>dicere</strong></span> <span class='ocrx_word' id='word_1_215' title='bbox 625 2636 686 2691; x_wconf 91' lang='lat' dir='ltr'><strong>in</strong></span> <span class='ocrx_word' id='word_1_216' title='bbox 722 2631 926 2692; x_wconf 86' lang='lat' dir='ltr'><strong>Verbo</strong></span> <span class='ocrx_word' id='word_1_217' title='bbox 945 2675 961 2705; x_wconf 89' lang='lat'><strong><em>,</em></strong></span> <span class='ocrx_word' id='word_1_218' title='bbox 1017 2631 1122 2690; x_wconf 87' lang='lat' dir='ltr'><strong>ubi</strong></span> <span class='ocrx_word' id='word_1_219' title='bbox 1156 2631 1230 2690; x_wconf 86' lang='lat' dir='ltr'><strong>de</strong></span> <span class='ocrx_word' id='word_1_220' title='bbox 1265 2629 1549 2706; x_wconf 86' lang='lat' dir='ltr'><strong>Domino,</strong></span> <span class='ocrx_word' id='word_1_221' title='bbox 1614 2628 1908 2707; x_wconf 84' lang='lat' dir='ltr'><strong>significet</strong></span> <span class='ocrx_word' id='word_1_222' title='bbox 1955 2633 2271 2706; x_wconf 80' lang='lat' dir='ltr'><strong>instruere,</strong></span> 
     </span>
     <span class='ocr_line' id='line_1_24' title="bbox 171 2721 2274 2810; baseline 0 -20"><span class='ocrx_word' id='word_1_223' title='bbox 171 2729 466 2792; x_wconf 76' lang='lat' dir='ltr'><strong>illustrare</strong></span> <span class='ocrx_word' id='word_1_224' title='bbox 533 2721 611 2792; x_wconf 51' lang='lat' dir='ltr'><strong>et&#39;</strong></span> <span class='ocrx_word' id='word_1_225' title='bbox 653 2732 1003 2810; x_wconf 85' lang='lat' dir='ltr'><strong>providere,</strong></span> <span class='ocrx_word' id='word_1_226' title='bbox 1058 2731 1332 2806; x_wconf 68' lang='lat' dir='ltr'><strong>videatur</strong></span> <span class='ocrx_word' id='word_1_227' title='bbox 1392 2749 1465 2791; x_wconf 86' lang='lat' dir='ltr'><strong>n:</strong></span> <span class='ocrx_word' id='word_1_228' title='bbox 1526 2733 1735 2792; x_wconf 82' lang='lat'><strong>5361.</strong></span> <span class='ocrx_word' id='word_1_229' title='bbox 1795 2723 2005 2792; x_wconf 81' lang='grc'><strong>6946.</strong></span> <span class='ocrx_word' id='word_1_230' title='bbox 2060 2733 2274 2791; x_wconf 89' lang='grc'><strong>6951.</strong></span> 
     </span>
     <span class='ocr_line' id='line_1_25' title="bbox 180 2831 2279 2911; baseline 0.002 -23"><span class='ocrx_word' id='word_1_231' title='bbox 180 2834 379 2892; x_wconf 88' lang='grc'><strong>7019.</strong></span> <span class='ocrx_word' id='word_1_232' title='bbox 425 2834 638 2892; x_wconf 88' lang='grc'><strong>8095.</strong></span> <span class='ocrx_word' id='word_1_233' title='bbox 689 2834 946 2892; x_wconf 86' lang='grc'><strong>10234.</strong></span> <span class='ocrx_word' id='word_1_234' title='bbox 993 2832 1270 2908; x_wconf 70' lang='grc'><strong>102905</strong></span> <span class='ocrx_word' id='word_1_235' title='bbox 1326 2832 1488 2908; x_wconf 87' lang='lat' dir='ltr'><strong>quod</strong></span> <span class='ocrx_word' id='word_1_236' title='bbox 1519 2850 1631 2908; x_wconf 85' lang='lat' dir='ltr'><strong>per</strong></span> <span class='ocrx_word' id='word_1_237' title='bbox 1664 2849 1880 2893; x_wconf 81' lang='lat' dir='ltr'><strong>nomen</strong></span> <span class='ocrx_word' id='word_1_238' title='bbox 1910 2831 2279 2911; x_wconf 76' lang='lat' dir='ltr'><strong>intelligatur</strong></span> 
     </span>
     <span class='ocr_line' id='line_1_26' title="bbox 175 2933 2277 3011; baseline 0.002 -22"><span class='ocrx_word' id='word_1_239' title='bbox 175 2933 338 3007; x_wconf 82' lang='lat' dir='ltr'><strong>quale</strong></span> <span class='ocrx_word' id='word_1_240' title='bbox 377 2940 578 2992; x_wconf 79' lang='lat' dir='ltr'><strong>status</strong></span> <span class='ocrx_word' id='word_1_241' title='bbox 614 2934 810 3008; x_wconf 86' lang='lat' dir='ltr'><strong>vitae,</strong></span> <span class='ocrx_word' id='word_1_242' title='bbox 864 2933 1136 3000; x_wconf 81' lang='lat' dir='ltr'><strong>videatur</strong></span> <span class='ocrx_word' id='word_1_243' title='bbox 1172 2949 1361 3008; x_wconf 78' lang='lat' dir='ltr'><strong>supra</strong></span> <span class='ocrx_word' id='word_1_244' title='bbox 1396 2950 1459 2990; x_wconf 86' lang='lat' dir='ltr'><strong>n:</strong></span> <span class='ocrx_word' id='word_1_245' title='bbox 1510 2935 1679 2991; x_wconf 86' lang='lat'>148:</span> <span class='ocrx_word' id='word_1_246' title='bbox 1735 2949 1810 2992; x_wconf 87' lang='lat' dir='ltr'><strong>ex</strong></span> <span class='ocrx_word' id='word_1_247' title='bbox 1846 2933 2277 3011; x_wconf 81' lang='lat' dir='ltr'><strong>significatione</strong></span> 
     </span>
     <span class='ocr_line' id='line_1_27' title="bbox 170 3030 2280 3109; baseline 0.003 -20"><span class='ocrx_word' id='word_1_248' title='bbox 170 3030 386 3105; x_wconf 78' lang='lat' dir='ltr'><strong>PatriS,</strong></span> <span class='ocrx_word' id='word_1_249' title='bbox 443 3031 580 3093; x_wconf 82' lang='lat' dir='ltr'><strong>c&#39;um</strong></span> <span class='ocrx_word' id='word_1_250' title='bbox 631 3052 668 3093; x_wconf 85' lang='lat' dir='ltr'><strong>a</strong></span> <span class='ocrx_word' id='word_1_251' title='bbox 701 3033 958 3092; x_wconf 88' lang='lat' dir='ltr'><strong>Domino</strong></span> <span class='ocrx_word' id='word_1_252' title='bbox 1004 3033 1066 3091; x_wconf 92' lang='lat' dir='ltr'><strong>id</strong></span> <span class='ocrx_word' id='word_1_253' title='bbox 1101 3033 1346 3107; x_wconf 84' lang='lat' dir='ltr'><strong>dieitur,</strong></span> <span class='ocrx_word' id='word_1_254' title='bbox 1403 3033 1566 3109; x_wconf 86' lang='lat' dir='ltr'><strong>quod</strong></span> <span class='ocrx_word' id='word_1_255' title='bbox 1612 3035 1689 3092; x_wconf 87' lang='lat' dir='ltr'><strong>sit</strong></span> <span class='ocrx_word' id='word_1_256' title='bbox 1727 3033 2011 3094; x_wconf 86' lang='lat' dir='ltr'><strong>Divinum</strong></span> <span class='ocrx_word' id='word_1_257' title='bbox 2045 3033 2280 3095; x_wconf 86' lang='lat' dir='ltr'><strong>Bonum</strong></span> 
     </span>
     <span class='ocr_line' id='line_1_28' title="bbox 174 3133 2279 3212; baseline 0.002 -21"><span class='ocrx_word' id='word_1_258' title='bbox 174 3134 324 3206; x_wconf 87' lang='lat' dir='ltr'><strong>quod</strong></span> <span class='ocrx_word' id='word_1_259' title='bbox 357 3137 422 3192; x_wconf 87' lang='lat' dir='ltr'><strong>in</strong></span> <span class='ocrx_word' id='word_1_260' title='bbox 447 3133 592 3211; x_wconf 80' lang='lat' dir='ltr'><strong>Ipso</strong></span> <span class='ocrx_word' id='word_1_261' title='bbox 629 3142 690 3194; x_wconf 90' lang='lat' dir='ltr'><strong>et</strong></span> <span class='ocrx_word' id='word_1_262' title='bbox 725 3134 800 3192; x_wconf 84' lang='lat' dir='ltr'><strong>ab</strong></span> <span class='ocrx_word' id='word_1_263' title='bbox 828 3134 990 3210; x_wconf 82' lang='lat' dir='ltr'><strong>Ipso,</strong></span> <span class='ocrx_word' id='word_1_264' title='bbox 1028 3133 1104 3192; x_wconf 85' lang='lat' dir='ltr'><strong>de</strong></span> <span class='ocrx_word' id='word_1_265' title='bbox 1142 3151 1261 3209; x_wconf 87' lang='lat' dir='ltr'><strong>qua</strong></span> <span class='ocrx_word' id='word_1_266' title='bbox 1289 3134 1591 3210; x_wconf 82' lang='lat' dir='ltr'><strong>sequitur3</strong></span> <span class='ocrx_word' id='word_1_267' title='bbox 1648 3141 1707 3193; x_wconf 90' lang='lat' dir='ltr'><strong>et</strong></span> <span class='ocrx_word' id='word_1_268' title='bbox 1744 3152 1818 3193; x_wconf 84' lang='lat' dir='ltr'><strong>ex</strong></span> <span class='ocrx_word' id='word_1_269' title='bbox 1845 3136 2279 3212; x_wconf 79' lang='lat' dir='ltr'><strong>significatione</strong></span> 
     </span>
     <span class='ocr_line' id='line_1_29' title="bbox 173 3233 2277 3313; baseline 0.002 -24"><span class='ocrx_word' id='word_1_270' title='bbox 173 3233 557 3310; x_wconf 84' lang='lat' dir='ltr'><strong>Angelorum,</strong></span> <span class='ocrx_word' id='word_1_271' title='bbox 603 3233 764 3313; x_wconf 89' lang='lat' dir='ltr'><strong>quod</strong></span> <span class='ocrx_word' id='word_1_272' title='bbox 797 3236 876 3293; x_wconf 82' lang='lat' dir='ltr'><strong>sit</strong></span> <span class='ocrx_word' id='word_1_273' title='bbox 909 3233 1190 3294; x_wconf 87' lang='lat' dir='ltr'><strong>Divinum</strong></span> <span class='ocrx_word' id='word_1_274' title='bbox 1223 3233 1478 3308; x_wconf 87' lang='lat' dir='ltr'><strong>Verum,</strong></span> <span class='ocrx_word' id='word_1_275' title='bbox 1522 3235 1683 3310; x_wconf 88' lang='lat' dir='ltr'><strong>quod</strong></span> <span class='ocrx_word' id='word_1_276' title='bbox 1718 3237 1897 3295; x_wconf 83' lang='lat' dir='ltr'><strong>etiam</strong></span> <span class='ocrx_word' id='word_1_277' title='bbox 1934 3253 1971 3295; x_wconf 84' lang='lat' dir='ltr'>a</span> <span class='ocrx_word' id='word_1_278' title='bbox 1995 3235 2277 3306; x_wconf 88' lang='lat' dir='ltr'><strong>Domino,</strong></span> 
     </span>
     <span class='ocr_line' id='line_1_30' title="bbox 175 3329 2275 3411; baseline 0.002 -23"><span class='ocrx_word' id='word_1_279' title='bbox 175 3329 244 3390; x_wconf 81' lang='lat' dir='ltr'><strong>de</strong></span> <span class='ocrx_word' id='word_1_280' title='bbox 275 3352 396 3410; x_wconf 81' lang='lat' dir='ltr'><strong>qua</strong></span> <span class='ocrx_word' id='word_1_281' title='bbox 427 3351 612 3411; x_wconf 81' lang='lat' dir='ltr'><strong>supra</strong></span> <span class='ocrx_word' id='word_1_282' title='bbox 645 3353 716 3394; x_wconf 83' lang='lat' dir='ltr'><strong>n:</strong></span> <span class='ocrx_word' id='word_1_283' title='bbox 765 3336 900 3394; x_wconf 90' lang='grc'><strong>130</strong></span> <span class='ocrx_word' id='word_1_284' title='bbox 917 3354 934 3409; x_wconf 84' lang='grc'><strong>;</strong></span> <span class='ocrx_word' id='word_1_285' title='bbox 970 3334 1109 3395; x_wconf 86' lang='lat' dir='ltr'><strong>inde</strong></span> <span class='ocrx_word' id='word_1_286' title='bbox 1143 3340 1344 3410; x_wconf 82' lang='lat' dir='ltr'><strong>patet,</strong></span> <span class='ocrx_word' id='word_1_287' title='bbox 1380 3335 1539 3410; x_wconf 89' lang='lat' dir='ltr'><strong>quod</strong></span> <span class='ocrx_word' id='word_1_288' title='bbox 1566 3353 1675 3411; x_wconf 89' lang='lat' dir='ltr'><strong>per</strong></span> <span class='ocrx_word' id='word_1_289' title='bbox 1704 3336 2029 3396; x_wconf 83' lang='lat' dir='ltr'><strong>confitebor</strong></span> <span class='ocrx_word' id='word_1_290' title='bbox 2054 3353 2275 3396; x_wconf 87' lang='lat' dir='ltr'><strong>nomen</strong></span> 
     </span>
     <span class='ocr_line' id='line_1_31' title="bbox 175 3431 2275 3514; baseline 0.001 -26"><span class='ocrx_word' id='word_1_291' title='bbox 175 3431 298 3508; x_wconf 81' lang='lat' dir='ltr'><strong>ejus</strong></span> <span class='ocrx_word' id='word_1_292' title='bbox 353 3449 549 3494; x_wconf 83' lang='lat' dir='ltr'><strong>coram</strong></span> <span class='ocrx_word' id='word_1_293' title='bbox 583 3437 764 3495; x_wconf 86' lang='lat' dir='ltr'><strong>Patre</strong></span> <span class='ocrx_word' id='word_1_294' title='bbox 801 3451 934 3494; x_wconf 87' lang='lat' dir='ltr'><strong>meo</strong></span> <span class='ocrx_word' id='word_1_295' title='bbox 947 3479 964 3509; x_wconf 88' lang='lat'><em>,</em></span> <span class='ocrx_word' id='word_1_296' title='bbox 1018 3442 1078 3494; x_wconf 93' lang='lat' dir='ltr'><strong>et</strong></span> <span class='ocrx_word' id='word_1_297' title='bbox 1127 3451 1327 3494; x_wconf 85' lang='lat' dir='ltr'><strong>coram</strong></span> <span class='ocrx_word' id='word_1_298' title='bbox 1381 3435 1629 3512; x_wconf 83' lang='lat' dir='ltr'><strong>Angelis</strong></span> <span class='ocrx_word' id='word_1_299' title='bbox 1686 3437 1852 3514; x_wconf 71' lang='lat' dir='ltr'><strong>ejuS,</strong></span> <span class='ocrx_word' id='word_1_300' title='bbox 1904 3437 2275 3511; x_wconf 81' lang='lat' dir='ltr'><strong>significetur</strong></span> 
     </span>
     <span class='ocr_line' id='line_1_32' title="bbox 172 3532 2277 3609; baseline 0 -19"><span class='ocrx_word' id='word_1_301' title='bbox 172 3533 315 3606; x_wconf 89' lang='lat' dir='ltr'><strong>quod</strong></span> <span class='ocrx_word' id='word_1_302' title='bbox 379 3537 440 3594; x_wconf 87' lang='lat' dir='ltr'><strong>in</strong></span> <span class='ocrx_word' id='word_1_303' title='bbox 489 3536 708 3594; x_wconf 88' lang='lat' dir='ltr'><strong>Divino</strong></span> <span class='ocrx_word' id='word_1_304' title='bbox 753 3535 920 3594; x_wconf 92' lang='lat' dir='ltr'><strong>Bono</strong></span> <span class='ocrx_word' id='word_1_305' title='bbox 967 3541 1029 3594; x_wconf 86' lang='lat' dir='ltr'><strong>et</strong></span> <span class='ocrx_word' id='word_1_306' title='bbox 1075 3537 1136 3593; x_wconf 88' lang='lat' dir='ltr'><strong>in</strong></span> <span class='ocrx_word' id='word_1_307' title='bbox 1182 3535 1403 3593; x_wconf 86' lang='lat' dir='ltr'><strong>Divino</strong></span> <span class='ocrx_word' id='word_1_308' title='bbox 1448 3535 1614 3595; x_wconf 90' lang='lat' dir='ltr'><strong>Vero</strong></span> <span class='ocrx_word' id='word_1_309' title='bbox 1665 3543 1853 3594; x_wconf 87' lang='lat' dir='ltr'><strong>erunt.</strong></span> <span class='ocrx_word' id='word_1_310' title='bbox 1936 3532 2113 3609; x_wconf 80' lang='lat' dir='ltr'><strong>Quod</strong></span> <span class='ocrx_word' id='word_1_311' title='bbox 2157 3549 2277 3609; x_wconf 89' lang='lat' dir='ltr'><strong>per</strong></span> 
     </span>
     <span class='ocr_line' id='line_1_33' title="bbox 169 3629 2279 3712; baseline 0 -22"><span class='ocrx_word' id='word_1_312' title='bbox 169 3629 398 3694; x_wconf 87' lang='lat' dir='ltr'><strong>Patrem</strong></span> <span class='ocrx_word' id='word_1_313' title='bbox 435 3652 567 3695; x_wconf 84' lang='lat' dir='ltr'><strong>eum</strong></span> <span class='ocrx_word' id='word_1_314' title='bbox 594 3654 632 3694; x_wconf 82' lang='lat' dir='ltr'><strong>a</strong></span> <span class='ocrx_word' id='word_1_315' title='bbox 657 3637 912 3696; x_wconf 87' lang='lat' dir='ltr'><strong>Domino</strong></span> <span class='ocrx_word' id='word_1_316' title='bbox 946 3635 1008 3694; x_wconf 88' lang='lat' dir='ltr'><strong>id</strong></span> <span class='ocrx_word' id='word_1_317' title='bbox 1035 3635 1267 3710; x_wconf 84' lang='lat' dir='ltr'><strong>dicitur,</strong></span> <span class='ocrx_word' id='word_1_318' title='bbox 1314 3635 1684 3712; x_wconf 84' lang='lat' dir='ltr'><strong>intelligatur</strong></span> <span class='ocrx_word' id='word_1_319' title='bbox 1718 3635 2001 3693; x_wconf 82' lang='lat' dir='ltr'><strong>Divinum</strong></span> <span class='ocrx_word' id='word_1_320' title='bbox 2034 3632 2279 3692; x_wconf 88' lang='lat' dir='ltr'><strong>Bonum</strong></span> 
     </span>
     <span class='ocr_line' id='line_1_34' title="bbox 172 3734 2275 3812; baseline -0.001 -20"><span class='ocrx_word' id='word_1_321' title='bbox 172 3735 315 3808; x_wconf 86' lang='lat' dir='ltr'><strong>quod</strong></span> <span class='ocrx_word' id='word_1_322' title='bbox 349 3737 414 3794; x_wconf 89' lang='lat' dir='ltr'><strong>in</strong></span> <span class='ocrx_word' id='word_1_323' title='bbox 440 3736 696 3796; x_wconf 87' lang='lat' dir='ltr'><strong>Domino</strong></span> <span class='ocrx_word' id='word_1_324' title='bbox 735 3743 795 3796; x_wconf 90' lang='lat' dir='ltr'><strong>et</strong></span> <span class='ocrx_word' id='word_1_325' title='bbox 821 3754 858 3794; x_wconf 79' lang='lat' dir='ltr'><strong>a</strong></span> <span class='ocrx_word' id='word_1_326' title='bbox 884 3737 1157 3810; x_wconf 85' lang='lat' dir='ltr'><strong>Domino,</strong></span> <span class='ocrx_word' id='word_1_327' title='bbox 1199 3743 1290 3794; x_wconf 77' lang='lat' dir='ltr'><strong>est</strong></span> <span class='ocrx_word' id='word_1_328' title='bbox 1325 3737 1469 3812; x_wconf 85' lang='lat' dir='ltr'><strong>quia</strong></span> <span class='ocrx_word' id='word_1_329' title='bbox 1492 3735 1784 3794; x_wconf 83' lang='lat' dir='ltr'><strong>Dominus</strong></span> <span class='ocrx_word' id='word_1_330' title='bbox 1810 3734 2055 3792; x_wconf 80' lang='lat' dir='ltr'><strong>Patrem</strong></span> <span class='ocrx_word' id='word_1_331' title='bbox 2090 3749 2275 3792; x_wconf 84' lang='lat' dir='ltr'><strong>suum</strong></span> 
     </span>
     <span class='ocr_line' id='line_1_35' title="bbox 169 3831 2279 3914; baseline -0.001 -21"><span class='ocrx_word' id='word_1_332' title='bbox 169 3840 398 3895; x_wconf 82' lang='lat' dir='ltr'><strong>vocavit</strong></span> <span class='ocrx_word' id='word_1_333' title='bbox 431 3835 713 3896; x_wconf 77' lang='lat' dir='ltr'><strong>Div1num</strong></span> <span class='ocrx_word' id='word_1_334' title='bbox 749 3835 912 3914; x_wconf 84' lang='lat' dir='ltr'><strong>quod</strong></span> <span class='ocrx_word' id='word_1_335' title='bbox 960 3840 1018 3896; x_wconf 89' lang='lat' dir='ltr'><strong>in</strong></span> <span class='ocrx_word' id='word_1_336' title='bbox 1052 3835 1196 3912; x_wconf 84' lang='lat' dir='ltr'><strong>Ipso</strong></span> <span class='ocrx_word' id='word_1_337' title='bbox 1247 3854 1284 3895; x_wconf 87' lang='lat' dir='ltr'>a</span> <span class='ocrx_word' id='word_1_338' title='bbox 1333 3836 1721 3910; x_wconf 84' lang='lat' dir='ltr'><strong>conceptione</strong></span> <span class='ocrx_word' id='word_1_339' title='bbox 1759 3834 1897 3908; x_wconf 86' lang='lat' dir='ltr'><strong>suit,</strong></span> <span class='ocrx_word' id='word_1_340' title='bbox 1958 3831 2117 3909; x_wconf 88' lang='lat' dir='ltr'><strong>quod</strong></span> <span class='ocrx_word' id='word_1_341' title='bbox 2166 3832 2279 3890; x_wconf 85' lang='lat' dir='ltr'><strong>fuit</strong></span> 
     </span>
     <span class='ocr_line' id='line_1_36' title="bbox 168 3931 2281 4014; baseline 0 -24"><span class='ocrx_word' id='word_1_342' title='bbox 168 3931 308 3996; x_wconf 83' lang='lat' dir='ltr'><strong>Esse</strong></span> <span class='ocrx_word' id='word_1_343' title='bbox 343 3939 506 3997; x_wconf 85' lang='lat' dir='ltr'><strong>vitae</strong></span> <span class='ocrx_word' id='word_1_344' title='bbox 541 3937 764 4014; x_wconf 77' lang='lat' dir='ltr'><strong>IpsiuS‚</strong></span> <span class='ocrx_word' id='word_1_345' title='bbox 805 3941 902 3998; x_wconf 83' lang='lat' dir='ltr'><strong>eui</strong></span> <span class='ocrx_word' id='word_1_346' title='bbox 926 3937 1145 3996; x_wconf 86' lang='lat' dir='ltr'><strong>Divino</strong></span> <span class='ocrx_word' id='word_1_347' title='bbox 1181 3938 1376 3998; x_wconf 86' lang='lat' dir='ltr'><strong>univit</strong></span> <span class='ocrx_word' id='word_1_348' title='bbox 1402 3933 1747 3992; x_wconf 85' lang='lat' dir='ltr'><strong>Humanum</strong></span> <span class='ocrx_word' id='word_1_349' title='bbox 1782 3951 1956 3992; x_wconf 81' lang='lat' dir='ltr'><strong>suum</strong></span> <span class='ocrx_word' id='word_1_350' title='bbox 1995 3949 2132 3993; x_wconf 82' lang='lat' dir='ltr'><strong>eum</strong></span> <span class='ocrx_word' id='word_1_351' title='bbox 2169 3932 2281 3991; x_wconf 82' lang='lat' dir='ltr'><strong>fuit</strong></span> 
     </span>
     <span class='ocr_line' id='line_1_37' title="bbox 171 4033 2279 4114; baseline 0 -21"><span class='ocrx_word' id='word_1_352' title='bbox 171 4034 223 4092; x_wconf 87' lang='lat' dir='ltr'><strong>in</strong></span> <span class='ocrx_word' id='word_1_353' title='bbox 253 4037 516 4097; x_wconf 83' lang='lat' dir='ltr'><strong>Mundo:</strong></span> <span class='ocrx_word' id='word_1_354' title='bbox 557 4039 717 4114; x_wconf 89' lang='lat' dir='ltr'><strong>quod</strong></span> <span class='ocrx_word' id='word_1_355' title='bbox 743 4039 1035 4098; x_wconf 83' lang='lat' dir='ltr'><strong>Dominus</strong></span> <span class='ocrx_word' id='word_1_356' title='bbox 1064 4037 1375 4112; x_wconf 88' lang='lat' dir='ltr'><strong>Divinum,</strong></span> <span class='ocrx_word' id='word_1_357' title='bbox 1422 4034 1581 4112; x_wconf 88' lang='lat' dir='ltr'><strong>quod</strong></span> <span class='ocrx_word' id='word_1_358' title='bbox 1614 4035 1727 4094; x_wconf 85' lang='lat' dir='ltr'><strong>fuit</strong></span> <span class='ocrx_word' id='word_1_359' title='bbox 1751 4037 1813 4093; x_wconf 85' lang='lat' dir='ltr'><strong>in</strong></span> <span class='ocrx_word' id='word_1_360' title='bbox 1837 4033 1983 4113; x_wconf 76' lang='lat' dir='ltr'><strong>Ipso</strong></span> <span class='ocrx_word' id='word_1_361' title='bbox 2018 4052 2094 4096; x_wconf 83' lang='lat' dir='ltr'><strong>ex</strong></span> <span class='ocrx_word' id='word_1_362' title='bbox 2130 4051 2279 4096; x_wconf 82' lang='lat' dir='ltr'><strong>con-</strong></span> 
     </span>
     <span class='ocr_line' id='line_1_38' title="bbox 173 4135 2284 4214; baseline 0.001 -23"><span class='ocrx_word' id='word_1_363' title='bbox 173 4141 463 4213; x_wconf 83' lang='lat' dir='ltr'><strong>ceptione,</strong></span> <span class='ocrx_word' id='word_1_364' title='bbox 512 4141 822 4204; x_wconf 82' lang='lat' dir='ltr'><strong>vocaverit</strong></span> <span class='ocrx_word' id='word_1_365' title='bbox 856 4141 1128 4212; x_wconf 83' lang='lat' dir='ltr'><strong>Patrem,</strong></span> <span class='ocrx_word' id='word_1_366' title='bbox 1185 4141 1429 4197; x_wconf 80' lang='lat' dir='ltr'><strong>constat</strong></span> <span class='ocrx_word' id='word_1_367' title='bbox 1478 4135 1795 4196; x_wconf 80' lang='lat' dir='ltr'><strong>manifeste</strong></span> <span class='ocrx_word' id='word_1_368' title='bbox 1849 4153 1923 4198; x_wconf 85' lang='lat' dir='ltr'><strong>ex</strong></span> <span class='ocrx_word' id='word_1_369' title='bbox 1960 4155 2067 4213; x_wconf 88' lang='lat' dir='ltr'><strong>eo,</strong></span> <span class='ocrx_word' id='word_1_370' title='bbox 2123 4135 2284 4214; x_wconf 86' lang='lat' dir='ltr'><strong>quod</strong></span> 
     </span>
     <span class='ocr_line' id='line_1_39' title="bbox 171 4223 2485 4316; baseline 0.002 -25"><span class='ocrx_word' id='word_1_371' title='bbox 171 4223 427 4298; x_wconf 75' lang='lat' dir='ltr'><strong>doeuerit</strong></span> <span class='ocrx_word' id='word_1_372' title='bbox 463 4237 542 4300; x_wconf 84' lang='lat' dir='ltr'><strong>Se</strong></span> <span class='ocrx_word' id='word_1_373' title='bbox 581 4256 766 4300; x_wconf 86' lang='lat' dir='ltr'><strong>unum</strong></span> <span class='ocrx_word' id='word_1_374' title='bbox 803 4257 940 4301; x_wconf 81' lang='lat' dir='ltr'><strong>esse</strong></span> <span class='ocrx_word' id='word_1_375' title='bbox 967 4257 1104 4300; x_wconf 82' lang='lat' dir='ltr'><strong>cum</strong></span> <span class='ocrx_word' id='word_1_376' title='bbox 1132 4239 1344 4314; x_wconf 79' lang='lat' dir='ltr'><strong>Patre3</strong></span> <span class='ocrx_word' id='word_1_377' title='bbox 1400 4243 1467 4296; x_wconf 87' lang='lat' dir='ltr'><strong>ut</strong></span> <span class='ocrx_word' id='word_1_378' title='bbox 1502 4237 1665 4316; x_wconf 83' lang='lat' dir='ltr'><strong>apud</strong></span> <span class='ocrx_word' id='word_1_379' title='bbox 1692 4237 2036 4300; x_wconf 67' lang='lat' dir='ltr'><strong>«Iohannem</strong></span> <span class='ocrx_word' id='word_1_380' title='bbox 2083 4235 2283 4316; x_wconf 69' lang='lat' dir='ltr'><strong>„Eyo</strong></span> <span class='ocrx_word' id='word_1_381' title='bbox 2324 4245 2485 4310; x_wconf 75' lang='lat'><strong>[202]</strong></span> 
     </span>
    </p>
   </div>
  </div>
 </body>
</html>
