2700 4792
411 361 521 413 474
857 347 1347 404 APOCALYPSIS
1390 347 1821 406 EXPLICATA.
1878 347 1925 415 §.
1964 357 2095 410 278.

401 509 632 570 inferno
701 523 810 566 seu
867 525 906 568 a
939 507 1144 582 malis,
1201 514 1262 568 et
1311 523 1423 584 per
1456 507 1657 583 rugire
1694 505 1963 567 defensio
2014 513 2219 566 contra
2266 507 2433 568 mala
2472 517 2567 570 et

399 609 583 682 falsa,
639 625 826 685 quare
863 608 1107 683 dicitur,
1145 610 1232 667 sic
1267 607 1597 667 descendet
1626 605 1911 667 Jehovah
1943 606 2217 668 Zebaoth
2250 607 2329 666 ad
2362 609 2553 668 mili-

397 709 646 770 tandum
677 725 865 785 super
901 714 1106 768 monte
1141 707 1348 768 Zionis
1388 713 1449 766 et
1482 723 1669 785 snper
1702 706 1857 766 colle
1894 707 2060 784 ejus;
2114 722 2285 766 mons
2321 707 2553 770 Zionis

401 817 464 868 et
497 809 668 869 collis
705 809 838 885 ejus
875 815 969 869 est
1003 807 1278 868 Ecclesia
1313 806 1591 868 coelestIs
1628 814 1689 867 et
1712 806 1989 868 Ecclesia
2022 807 2349 884 spiritualis
2359 828 2377 884 3
2414 825 2537 866 ra-

397 911 544 986 pina
569 925 757 986 super
785 926 906 985 qua
932 911 1090 985 rugit
1116 907 1214 968 leo
1241 913 1302 967 et
1319 907 1563 985 juvenis
1584 907 1683 966 leo
1708 907 2004 984 significat
2030 906 2449 966 liberationem
2486 925 2539 968 a

397 1009 572 1070 malis
599 1025 754 1086 quae
783 1008 860 1068 ab
885 1010 1135 1069 inferno.
1175 1007 1381 1068 Simile
1408 1023 1519 1084 per
1547 1010 1765 1084 rugire,
1798 1024 1937 1066 cum
1966 1007 2045 1067 de
2074 1006 2298 1078 Leone,
2328 1010 2537 1084 signi-

401 1109 616 1170 ficatur
638 1109 799 1186 apud
810 1109 1154 1170 Hoscheam
1191 1107 1389 1182 „Non
1411 1112 1695 1168 revertam
1718 1105 1808 1167 ad
1825 1105 2217 1186 perdendum
2227 1105 2542 1186 Ephrai-

399 1227 607 1280 mum,
633 1213 788 1289 post
823 1207 1130 1270 Jehovam
1169 1207 1379 1284 ibunt,
1435 1207 1603 1269 siout
1638 1205 1771 1268 Leo
1814 1206 2043 1288 myiffl
2088 1207 2205 1268 XIz
2237 1207 2367 1284 [9.]
2416 1212 2447 1266 1
2468 1211 2545 1268 0:

403 1310 568 1387 apud
599 1311 786 1370 Amos
827 1307 1002 1384 „Leo
1035 1308 1272 1388 ruqie‘t,
1313 1307 1461 1388 quis
1500 1325 1626 1368 non
1672 1307 1895 1368 timeat
1905 1329 1933 1380 ,·
1966 1305 2301 1368 Dominus
2326 1305 2547 1368 Jelto-

397 1407 513 1471 vila
563 1406 862 1490 Quietus
906 1413 1028 1483 est,
1082 1408 1229 1488 quis
1279 1427 1407 1469 non
1431 1407 1809 1488 prophetet“
1873 1408 2001 1469 111:
2044 1411 2120 1468 8:
2171 1410 2233 1466 in
2279 1408 2551 1484 Apoca-

399 1509 561 1587 lypsi
612 1507 952 1589 „Anyelua
989 1505 1296 1570 clamavit
1327 1526 1471 1570 voce
1504 1527 1774 1588 maym,
1829 1514 1889 1568 et
1927 1508 2098 1570 siout
2123 1505 2255 1568 Leo
2292 1507 2550 1588 πρίν(

401 1609 483 1670 X:
527 1612 602 1670 3:
657 1614 719 1668 et
752 1610 916 1686 apud
947 1610 1246 1669 Davidem
1285 1607 1577 1685 „Leones
1615 1609 1943 1690 myientes
1982 1605 2428 1688 adpraedam,
2476 1615 2553 1670 et

399 1707 490 1770 ad
527 1709 952 1788 quaer-endum
988 1729 1031 1770 a
1055 1708 1204 1769 Deo
1232 1709 1439 1770 cibum
1474 1728 1682 1784 suum,
1724 1708 1933 1772 oritur
1966 1705 2066 1769 sol
2106 1705 2543 1788 colliquntur,

399 1813 460 1869 et
495 1809 568 1869 in
605 1807 992 1870 habitaculis
1029 1809 1171 1869 mis
1207 1809 1552 1872 recubamffl
1592 1810 1835 1870 Psalm:
1876 1809 2035 1871 CIV:
2076 1813 2189 1868 21.
2233 1811 2358 1883 223
2416 1809 2543 1869 de·-

399 1907 678 1968 seribitur
735 1925 850 1984 per
897 1909 1052 1970 haee
1095 1909 1258 1984 apud
1302 1909 1603 1970 Davidem
1651 1916 1851 1970 status
1906 1909 2279 1986 Angelorum
2336 1907 2547 1982 Coeli,

405 2008 644 2085 quando
679 2025 798 2067 non
830 2009 889 2067 in
927 2016 1088 2068 statu
1123 2011 1344 2068 intensi
1380 2013 1599 2069 amoris
1638 2015 1698 2070 et
1730 2010 1869 2070 inde
1894 2011 2227 2085 sapientiae
2270 2016 2429 2084 sunt,
2476 2017 2549 2069 et

403 2107 642 2185 quando
687 2109 750 2168 in
797 2107 905 2168 illa
949 2109 1236 2183 redeunt3
1289 2111 1454 2184 prior
1500 2115 1693 2169 status
1740 2109 2101 2170 describitur
2170 2125 2281 2184 per
2314 2109 2549 2170 leones

397 2211 704 2286 rugientes
740 2208 818 2266 ad
848 2209 1137 2284 praedam
1174 2215 1234 2268 et
1266 2208 1345 2268 ad
1372 2209 1780 2285 quaerendum
1807 2227 1844 2269 a
1870 2209 2005 2270 Deo
2042 2209 2242 2268 cibum
2251 2228 2268 2282 3
2306 2215 2537 2285 poste-

396 2311 519 2368 rior
551 2314 742 2368 status
803 2325 914 2384 per
949 2313 1133 2370 oritur
1193 2308 1286 2368 sol
1335 2309 1723 2386 colliguntur,
1778 2315 1839 2370 et
1896 2311 1961 2368 in
1994 2308 2355 2369 habitaculis
2392 2312 2539 2369 suis

321 2485 326 2494 .
397 2409 722 2484 recubant3
773 2425 886 2486 per
919 2409 1157 2470 Leones
1211 2409 1624 2486 intelliguntur
1657 2410 1879 2488 Angeli
1914 2408 2085 2469 Coeli
2101 2454 2119 2485 ,
2176 2425 2291 2484 per
2324 2411 2543 2484 rugire

399 2509 790 2582 desiderium,
831 2525 942 2586 per
975 2510 1262 2586 praedam
1299 2517 1362 2567 et
1396 2509 1593 2568 cibum
1627 2510 1851 2569 bonum
1888 2509 2054 2586 quod
2091 2515 2187 2568 est
2212 2509 2433 2568 amoris
2474 2515 2547 2570 et

399 2627 615 2673 verum
665 2609 822 2684 quod
867 2615 963 2668 est
1007 2591 1371 2686 sapientiae,
1426 2627 1536 2685 per
1571 2613 1711 2669 oriri
1762 2610 1953 2670 solem
1989 2609 2286 2668 Dominus
2324 2609 2543 2685 quoad

405 2727 672 2770 amorem
713 2715 772 2769 et
807 2709 944 2768 inde
979 2711 1373 2786 sapientiam,
1408 2727 1519 2786 per
1556 2710 1755 2786 colligi
1788 2709 1983 2768 redire
2018 2712 2081 2768 in
2114 2714 2342 2769 statum
2381 2724 2541 2768 coe-

401 2809 652 2882 lestem,
711 2815 770 2866 ct
828 2826 940 2886 per
974 2809 1264 2870 recubare
1299 2811 1363 2868 in
1398 2809 1753 2870 habitaculis
1792 2812 1919 2870 suis
1954 2815 2147 2870 status
2182 2807 2539 2885 tranquilli-

403 2911 544 2968 tatis
581 2915 641 2969 et
674 2911 873 2984 pacis:
927 2909 1002 2968 de
1036 2909 1194 2968 binis
1227 2908 1344 2968 illis
1382 2909 1637 2970 statibus
1674 2909 2041 2986 Angelorum
2078 2906 2281 2982 Coeli,
2312 2907 2539 2968 videa-

401 3009 594 3066 turin
628 3005 828 3083 Opere
881 3008 958 3067 de
997 3008 1200 3070 Coeno
1241 3028 1319 3069 Μ·
1366 3009 1643 3069 Ius-nam
1705 3028 1772 3070 n:
1832 3011 1968 3070 154
2008 3009 2089 3068 ad
2130 3010 2290 3067 161.
2373 3007 2540 3083 Quia

413 3103 455 3165 J
461 3104 694 3166 chevah
729 3115 1112 3184 comparatur
1144 3108 1334 3169 Leoni
1372 3125 1449 3168 ex
1482 3110 1703 3170 Divino
1738 3108 1902 3169 Vero
1950 3107 2150 3184 quoad
2179 3111 2534 3184 potentiam,

403 3203 540 3264 ideo
573 3203 868 3265 Dominus
914 3214 1164 3266 vocatur
1196 3209 1322 3269 Leo
1383 3211 1447 3268 in
1478 3209 1856 3287 Apocalypsi
1915 3251 1955 3283 „
1976 3207 2144 3268 Ecce
2178 3206 2333 3269 vicit
2375 3205 2534 3279 Leo,

404 3304 518 3385 qui
561 3308 657 3364 est
694 3322 775 3364 ecc
811 3303 983 3366 tribu
1015 3304 1335 3378 Jekudae,
1384 3308 1589 3371 radim
1626 3305 1974 3370 Davidis“
2028 3307 2104 3367 V:
2150 3307 2223 3368 5:
2278 3315 2342 3368 et
2390 3309 2535 3384 quia

412 3407 604 3466 omnis
637 3407 909 3482 potentia
943 3412 1039 3466 est
1073 3422 1151 3465 ex
1183 3408 1441 3468 Domino
1477 3427 1589 3486 per
1621 3410 1912 3486 Divinum
1938 3409 2169 3470 Verum
2187 3451 2205 3483 ,
2241 3408 2380 3468 ideo
2414 3406 2531 3466 boc

408 3522 649 3584 qnoque
684 3505 1052 3584 significatur
1083 3524 1196 3583 per
1219 3508 1475 3584 leonem,
1516 3515 1585 3568 ut
1617 3509 1782 3586 apud
1815 3508 2030 3569 Mosen
2063 3505 2297 3583 „Gadi
2329 3503 2521 3577 davit,

405 3605 764 3668 benedictus
800 3605 912 3686 qui
949 3602 1366 3668 latitudinem
1406 3607 1589 3670 dedit
1628 3607 1839 3684 Gadi,
1892 3608 2063 3670 siout
2104 3606 2235 3668 Leo
2258 3603 2523 3676 habitat,

406 3705 584 3784 rapit
617 3706 946 3770 brachium
967 3751 984 3782 ‚
1037 3706 1234 3769 etiam
1279 3706 1619 3768 verticem“
1656 3709 1851 3769 Deut:
1887 3707 2203 3769 XXXIII:
2244 3707 2366 3782 203
2417 3719 2531 3781 per

409 3805 646 3867 Gadem
681 3807 1048 3884 significatur
1081 3811 1146 3866 in
1177 3824 1458 3884 supremo
1494 3824 1679 3868 sensu
1706 3807 2169 3886 Omnipotentia,
2210 3813 2271 3868 et
2303 3805 2443 3866 inde
2468 3805 2531 3862 in

207 3909 367 3972 [313]
405 3921 596 3966 sensu
667 3909 1179 3984 repraesentativo
1250 3909 1523 3984 potentia
1598 3924 1754 3986 quae
1832 3913 1928 3968 est
1986 3908 2161 3982 Veri,
2257 3905 2531 3966 videatur

405 4021 480 4060 n:
523 4006 736 4063 3934.
793 4007 1020 4082 39:353
1071 4006 1211 4065 inde
1273 4006 1523 4083 dicitur,
1577 4007 1931 4070 benedictus
1994 4008 2097 4083 qui
2154 4006 2533 4066 latitudinem

407 4097 574 4154 dedit
599 4097 774 4174 Gadi,
811 4120 920 4178 per
947 4105 1324 4167 latitudinem
1354 4109 1509 4168 enim
1537 4107 1909 4186 significatur
1934 4107 2181 4180 Verum,
2220 4125 2280 4166 n:
2318 4109 2349 4166 1
2368 4107 2405 4164 6
2420 4107 2449 4164 1
2468 4105 2531 4163 3.

411 4193 622 4252 3433.
685 4196 894 4257 3434.
939 4205 1151 4262 4482.
1199 4206 1413 4266 9487.
1466 4209 1741 4268 10179:
1816 4207 1977 4285 quod
2023 4207 2214 4267 omnis
2260 4206 2537 4283 potentia
