2700 4792
316 391 552 448 CAPUT
593 391 1003 450 SECUNDUM.
1690 391 1873 447 VERS
1891 415 1904 447 ε
1952 403 2041 456 18.
2200 407 2309 460 209

197 556 368 626 falsi,
421 562 516 615 est
563 557 616 614 is
666 556 914 632 spiritus
952 553 1363 613 tenebrarum:
1418 569 1529 631 per
1576 551 1683 613 illa
1728 554 1914 614 verba
1952 554 2310 618 describitur
2343 556 2356 567 '

197 657 456 716 hominis
514 653 862 715 reformatio
917 671 1029 730 per
1069 652 1439 712 intellectum
1490 655 1647 729 veri3
1700 654 1837 714 inde
1886 661 2083 734 patet,
2150 657 2310 733 quod

198 761 300 840 qui
333 760 455 817 scit
490 755 632 833 quid
677 754 887 815 oculus
925 753 1249 831 significat,
1305 755 1462 813 seire
1506 757 1703 830 possit
1748 774 2031 816 arcanum
2068 756 2309 817 illorum

196 858 552 933 verborum3
611 856 772 934 quod
804 855 986 915 homo
1021 855 1378 913 reformetur
1411 871 1523 930 per
1556 871 1703 913 vera
1736 858 1797 914 in
1836 857 2173 932 intellectu,
2212 859 2307 916 vi-

198 959 414 1018 deatur
461 975 650 1034 supra
693 975 762 1014 n:
823 959 982 1016 112.
1035 957 1193 1014 126.
1278 955 1459 1031 Apud
1502 953 1872 1016 Matthaeum
1929 955 2058 1032 „Si
2088 955 2311 1018 oculus

197 1057 424 1120 dexter
457 1053 1002 1119 scandalizaverit.
1037 1059 1130 1130 te,
1186 1073 1331 1116 erue
1368 1073 1511 1115 eam
1544 1060 1603 1115 et
1637 1055 1836 1138 abjice
1868 1057 1983 1117 aba
2018 1061 2102 1132 te,
2157 1076 2310 1120 nam

198 1141 430 1219 honuni
477 1162 575 1217 est
635 1154 856 1218 luscus
904 1155 1150 1217 intrare
1207 1155 1280 1216 in
1327 1155 1557 1226 vitam,
1627 1175 1819 1236 quam
1870 1157 2033 1217 duos
2077 1155 2309 1220 habens

195 1255 410 1320 oculo-5
447 1257 627 1318 mitta·
671 1257 744 1318 in
788 1255 1136 1336 gehennam
1171 1254 1393 1336 :29:22⁰ss
1450 1255 1539 1316 V:
1584 1259 1696 1316 29.
1750 1255 1911 1333 Cap:
1948 1257 2197 1318 XVIII:
2242 1261 2302 1318 9.

195 1359 392 1418 Marc:
449 1359 576 1418 IX:
635 1362 760 1433 473
823 1375 934 1436 per
971 1357 1210 1417 oculum
1261 1373 1373 1415 nec
1427 1356 1523 1416 hic
1560 1355 1911 1434 intelligitur
1948 1358 2159 1417 oculus
2196 1361 2307 1420 sed

194 1459 542 1520 intellectus
579 1461 876 1535 cogitans,
930 1476 1041 1535 per
1077 1457 1316 1517 oculum
1355 1457 1627 1517 dextrum
1664 1459 2171 1518 scandalizantem
2206 1463 2301 1521 in-

195 1556 480 1620 tellectus
530 1562 800 1636 cogitans
845 1558 1098 1629 malum,
1152 1575 1367 1618 eruere
1408 1565 1469 1617 et
1519 1558 1781 1636 abjicere
1828 1559 1995 1618 illum
2044 1566 2138 1620 est
2184 1559 2304 1620 talc

195 1678 311 1720 non
347 1661 668 1720 admittere
711 1659 821 1720 sed
867 1659 1150 1736 rejicere3
1203 1658 1411 1718 luscus
1466 1666 1561 1718 est
1596 1660 1939 1720 intellectus
1974 1677 2095 1720 non
2137 1663 2305 1740 cogi-

193 1769 324 1820 tans
363 1760 622 1837 malum,
675 1760 784 1822 sed
810 1761 986 1820 modo
1020 1753 1260 1834 verum.
1299 1759 1641 1820 intellectus
1668 1763 1823 1822 enim
1862 1763 2123 1838 cogitare
2161 1769 2300 1840 pot-

195 1869 286 1920 est
329 1879 544 1920 verum
557 1905 574 1935 ,
630 1864 684 1920 si
733 1863 958 1939 cogitat
1005 1859 1228 1919 malum
1281 1865 1376 1919 est
1428 1878 1505 1920 ex
1554 1861 1857 1924 voluntate
1898 1863 2049 1922 mali
2061 1884 2079 1940 3
2145 1864 2307 1941 quod

193 1963 409 2021 oculus
449 1962 663 2021 dexter
705 1962 970 2033 dicatur,
1033 1967 1129 2021 est
1173 1963 1316 2038 quia
1360 1978 1471 2038 per
1508 1961 1675 2022 illum
1712 1963 2077 2040 significatur
2120 1965 2300 2024 intel-

189 2062 390 2122 lectus
438 2063 613 2137 boni,
669 2069 731 2122 et
778 2079 890 2140 per
939 2064 1246 2120 sinistrum
1293 2061 1633 2123 intellectus
1679 2067 1837 2134 veri,
1901 2065 2174 2124 videatur
2228 2083 2300 2124 n:

197 2165 414 2222 4410.
462 2165 676 2224 6923.
779 2163 961 2239 Apud
1013 2163 1346 2238 Esajam„
1357 2161 1644 2224 Audient
1687 2164 1757 2224 in
1808 2162 1917 2223 die
1963 2163 2078 2226 illo
2114 2163 2305 2225 sardi

191 2263 381 2324 verba
435 2261 656 2338 Libri,
723 2268 782 2322 et
825 2281 906 2323 ex
953 2261 1232 2343 aaliqine
1271 2268 1332 2322 et
1376 2282 1409 2322 e
1452 2265 1719 2326 :mebris
1764 2262 1935 2325 ocula
1980 2283 2305 2326 caecorum

193 2361 542 2424 videbunt“
598 2364 848 2425 XXIX.
909 2368 936 2423 1
960 2369 1020 2425 8.
1102 2363 1284 2440 Apud
1336 2365 1608 2423 Eundem
1662 2363 1896 2440 „Tunc
1942 2366 2305 2446 aperientur

197 2459 372 2524 oculi
407 2481 756 2539 caecorum,
811 2468 871 2523 et
910 2483 1100 2526 aures
1137 2462 1527 2526 surdorum“
1568 2465 1846 2526 XXXV:
1894 2466 1950 2525 5.
1994 2468 2054 2524 6.
2121 2466 2303 2542 Apud

197 2562 480 2621 Eundem
515 2563 747 2638 „Dabo
783 2570 846 2624 te
878 2565 950 2626 in
983 2563 1183 2626 lucem
1215 2563 1527 2644 yentium,
1583 2563 1673 2624 ad
1692 2563 2117 2650 aperiendum
2152 2583 2300 2624 ocu-

205 2658 308 2722 los
345 2679 680 2740 caecorum,
719 2665 810 2726 ad
843 2664 1230 2728 educendum
1267 2685 1300 2723 e
1333 2683 1575 2726 carcere
1609 2665 1923 2737 vinctu-am
1960 2670 2020 2724 et
2052 2684 2084 2724 e
2118 2663 2303 2724 domo

196 2757 480 2824 claustri
527 2764 804 2826 cedentes
867 2765 936 2826 in
991 2766 1305 2828 tenebrief‘
1374 2765 1581 2825 XLII:
1648 2771 1705 2824 7.
1796 2765 1977 2842 Apud
2028 2764 2303 2824 Eundem

199 2861 443 2938 „Educ
465 2863 782 2944 populum
817 2883 1068 2928 caecum
1076 2912 1094 2942 ,
1143 2867 1250 2928 cai
1283 2863 1454 2927 oculi
1486 2871 1663 2942 sunt,
1714 2870 1774 2926 et
1811 2865 2043 2928 surdoe
2076 2863 2304 2945 quibus

198 2966 434 3024 auo-eff
500 2965 739 3026 XLIII:
799 2969 875 3043 83
945 2970 1182 3044 aperire
1235 2967 1441 3026 oculos
1494 2985 1810 3028 caecorum
1859 2973 1953 3028 est
2005 2969 2303 3027 instruere

196 3064 330 3123 illos
370 3066 473 3140 qui
515 3065 711 3126 adhuc
759 3069 1032 3144 ignorant
1079 3085 1252 3140 vera,
1323 3075 1384 3127 et
1422 3085 1614 3144 usque
1652 3068 1997 3128 desiderant
2028 3067 2163 3142 illa,
2219 3070 2305 3128 ita

195 3171 430 3242 gentes.
487 3164 700 3225 Simile
735 3169 1106 3244 significatur
1139 3187 1250 3245 per
1291 3171 1637 3228 sanationes
1678 3185 1995 3228 caecorum
2022 3185 2059 3225 a
2084 3168 2300 3228 Domi-

199 3281 304 3338 no,
355 3264 580 3326 Matth:
627 3267 748 3326 IX:
809 3271 922 3327 27.
970 3273 1082 3328 28.
1126 3271 1237 3327 29.
1309 3268 1471 3345 Cap:
1509 3268 1665 3329 XX:
1722 3272 1811 3328 29
1848 3269 2066 3329 adfin:
2135 3268 2297 3346 Cap:

197 3363 388 3422 XXI:
433 3369 542 3425 14.
612 3367 808 3428 Marc:
855 3368 1036 3438 VIII:
1083 3371 1194 3428 23.
1252 3371 1365 3429 25.
1427 3369 1585 3428 Luc:
1630 3369 1875 3430 XVIII:
1934 3371 2023 3429 35
2076 3369 2153 3427 ad
2186 3368 2299 3428 fin:

197 3462 354 3523 Joh:
389 3464 518 3526 IX:
567 3469 596 3524 1
637 3467 714 3526 ad
745 3472 868 3544 213
915 3486 1054 3528 nam
1091 3473 1288 3531 omnia
1321 3469 1615 3530 Miracula
1641 3471 1882 3529 Domini
1916 3467 2305 3527 involvebant

191 3565 343 3622 talia
391 3583 548 3641 quae
600 3574 742 3626 sunt
790 3568 1102 3629 Ecclesiae
1155 3576 1214 3629 et
1260 3569 1459 3642 Coeli,
1522 3571 1658 3629 inde
1710 3575 1879 3628 erant
1916 3567 2021 3625 illa
2057 3567 2299 3641 Divina,

189 3665 471 3724 videatur
509 3685 575 3724 n:
647 3670 857 3728 7337.
904 3671 1116 3728 8364.
1171 3673 1383 3730 9031.
1466 3669 1625 3746 Quia
1662 3668 1889 3728 Oculus
1926 3664 2303 3742 significabat

187 3763 603 3840 Intellectum,
640 3769 776 3828 ideo
804 3770 959 3829 inter
987 3777 1215 3829 statuta
1253 3772 1416 3848 apud
1443 3770 1596 3829 filios
1623 3767 1868 3828 Israelis
1898 3771 2029 3825 erat
2055 3763 2302 3839 „Quod

189 3862 436 3926 Caecus
477 3871 596 3927 aut
633 3865 954 3949 Confusus
1003 3867 1178 3930 oculo
1214 3888 1294 3930 ex
1329 3870 1565 3930 ,semine
1599 3864 1928 3928 Aharonic
1962 3881 2087 3925 non
2122 3880 2299 3924 acce·-

187 3963 366 4025 deret
391 3965 486 4026 ad
517 3967 902 4046 offerendum
927 3969 1320 4051 sacraficium
1337 4016 1354 4045 ,
1392 3987 1501 4030 nec
1534 3967 1711 4036 intra
1744 3963 1951 4028 velum
1976 3963 2249 4027 intraret
2259 3967 2299 4002 ‘⁶‘

184 4063 398 4124 Levit:
435 4066 626 4126 XXI:
672 4072 756 4129 17
808 4070 888 4128 ad
927 4072 1038 4130 23.
1124 4069 1369 4146 „Quod
1414 4065 1683 4128 Caecum
1738 4086 1867 4128 ‘non
1914 4064 2301 4146 offerendum

182 4169 348 4224 esset
408 4165 480 4226 in
539 4168 977 4250 sacrificium“
1043 4171 1253 4230 Levit:
1310 4169 1529 4230 XXII:
1591 4171 1702 4230 22.
1783 4168 2053 4228 Malach:
2108 4168 2168 4228 I:
2232 4169 2295 4227 8.

182 4262 332 4323 Inde
372 4269 554 4326 etiam
578 4270 736 4329 inter
763 4270 1214 4331 maledictiones
1246 4277 1392 4346 erat,
1439 4267 1715 4345 „Febris
1752 4285 2119 4331 consumens
2150 4284 2299 4328 ocu·-

293 4382 728 4438 Swedcuborg,
772 4387 961 4440 Apocal.
994 4387 1107 4440 cupi.
1142 4387 1175 4424 1.
1900 4371 1981 4428 14
