2700 4792
425 321 498 372 w
851 305 1344 362 APOCALYPSIS
1400 305 1835 362 EXPLICATA.
1914 305 1963 375 5.
2006 315 2099 369 84.

422 469 683 541 Verum,
741 468 880 526 sciri
935 471 1146 543 potest
1181 463 1328 541 quid
1364 460 1737 541 significatur
1770 479 1881 541 per
1922 463 2081 542 quod
2118 465 2339 524 milites
2374 465 2541 526 divi-

427 569 618 628 serint
652 565 878 626 Vestes
907 565 1153 624 Domini
1185 567 1342 624 inter
1377 581 1463 639 se,
1504 571 1565 623 et
1600 579 1787 640 super
1816 563 2107 623 Tunicam
2132 565 2337 642 Ipsius
2354 567 2541 643 jece-

425 671 546 728 rint
580 673 819 741 sortem,
871 666 946 725 de
983 665 1196 743 quibus
1233 666 1318 724 ita
1354 665 1516 742 apud
1550 664 1889 724 Johannem
1936 663 2237 739 „Milites
2286 683 2543 745 accepe-

425 771 580 830 runt
615 765 984 828 vestimenta
1016 763 1270 844 Ipsius,
1335 771 1397 825 et
1432 764 1724 846 fecerunt
1762 771 2037 844 quatuor
2064 771 2319 844 pan-tes,
2382 767 2545 826 uni-

425 867 646 948 cuique
680 864 883 927 militi
908 871 1165 948 partem
1179 909 1197 935 ,
1255 871 1317 925 et
1362 865 1675 934 tinnio-am,
1738 870 1879 928 orat
1928 870 2141 926 autem
2174 866 2395 928 tunica
2428 866 2543 926 in-

425 972 692 1030 consuta
725 985 769 1028 a
815 985 1060 1028 summo
1109 970 1403 1026 cmitemta
1454 970 1589 1058 tote}
1600 985 1628 1036 ;
1696 964 2002 1026 dixerunt
2046 985 2195 1046 erqo
2240 966 2411 1028 inter·
2452 985 2542 1040 se,

425 1088 505 1130 ne
547 1067 919 1130 dividamus
952 1085 1124 1136 eam,
1193 1065 1307 1126 sed
1351 1065 1704 1128 sortiamur
1750 1065 1829 1125 de
1862 1061 1986 1126 illa
2027 1065 2210 1148 cujus
2248 1065 2408 1137 erin
2468 1073 2547 1126 ut

425 1167 768 1249 Scriptura
799 1165 1193 1248 impleretur,
1247 1165 1463 1227 dicem
1479 1211 1495 1241 ,
1536 1163 1893 1240 diviserunt
1934 1164 2149 1228 Vestes
2182 1186 2356 1228 meas
2390 1167 2544 1239 sibi,

425 1274 488 1328 et
539 1287 729 1348 super
769 1268 1134 1330 vestimento
1187 1283 1320 1325 meo
1354 1266 1643 1349 jecerunt
1692 1272 1925 1326 sortem
1941 1287 1961 1326 .·
2034 1263 2277 1328 milites
2323 1266 2547 1346 ἱρέων

427 1368 580 1430 haee
597 1368 938 1450 fecmnt“
974 1365 1162 1428 XIX:
1215 1367 1328 1426 23.
1364 1371 1475 1426 24.
1532 1365 1652 1442 Qui
1684 1383 1803 1426 non
1839 1369 1953 1427 scit
1986 1367 2147 1444 quod
2180 1371 2239 1427 in
2274 1368 2541 1444 singulis

426 1469 618 1529 Verbi
655 1470 734 1526 sit
769 1481 986 1528 sensus
1021 1469 1291 1526 internus
1343 1469 1447 1544 qui
1488 1467 1845 1543 spiritualis,
1912 1485 2031 1527 non
2080 1467 2287 1527 videre
2330 1473 2543 1543 potest

427 1567 672 1645 aliquod
709 1584 988 1627 arcanum
1031 1569 1092 1626 in
1139 1567 1258 1626 illis
1273 1611 1292 1642 ,
1356 1569 1473 1626 seit
1518 1565 1695 1625 modo
1738 1567 1902 1642 quod
1950 1566 2169 1626 milites
2223 1567 2539 1626 diviserint

428 1673 666 1740 vestes,
727 1674 785 1725 et
827 1686 943 1726 nou
991 1669 1280 1730 tunicam,
1343 1674 1407 1726 et
1448 1672 1693 1743 praeter
1736 1667 1841 1724 illa
1874 1667 2019 1726 nihil
2054 1667 2341 1744 ampliuS,
2398 1685 2537 1726 cum

429 1773 634 1826 tamen
660 1766 958 1827 Arcanum
993 1767 1277 1826 Divinum
1311 1785 1431 1826 non
1468 1766 1645 1826 modo
1678 1766 1817 1826 huic
1852 1769 1941 1826 rei
1974 1769 2162 1838 inest,
2214 1767 2323 1828 sed
2350 1770 2535 1826 etiam

431 1866 683 1944 singulis
721 1885 874 1945 quae
905 1866 978 1925 de
1006 1867 1292 1944 passione
1321 1867 1563 1927 Domini
1588 1875 2021 1926 memorantur:
2060 1883 2343 1926 arcanum
2370 1867 2535 1950 quod

431 1967 574 2028 huic
609 1969 696 2028 rei
721 1971 896 2041 inest,
931 1972 1026 2026 est
1055 1966 1215 2042 quod
1239 1967 1459 2026 Vestes
1486 1967 1727 2026 Domini
1754 1967 2221 2044 significaverint
2246 1968 2533 2026 Divinum

431 2067 695 2142 Verum,
757 2070 846 2126 ita
896 2065 1162 2124 Verbum
1183 2110 1199 2140 ,
1265 2069 1411 2144 qnia
1455 2066 1722 2132 Verbum
1786 2074 1881 2126 est
1934 2067 2217 2129 Divinum
2272 2067 2533 2142 Verum3

432 2167 692 2240 Vestes,
749 2181 900 2242 quas
939 2164 1298 2241 diviserunt,
1362 2166 1627 2226 Verbum
1673 2169 1735 2225 in
1778 2167 1985 2242 litera,
2042 2174 2103 2226 et
2136 2170 2338 2228 tunica
2372 2166 2534 2226 Ver-

433 2267 578 2324 bum
627 2267 690 2326 in
727 2281 909 2325 sensu
942 2267 1204 2342 interno3
1259 2266 1527 2326 dividere
1575 2266 1711 2328 illas
1760 2267 2055 2344 signifieat
2088 2267 2439 2345 dispergere
2474 2274 2533 2326 et

433 2364 784 2442 falsificare,
826 2381 896 2425 ae
931 2365 1148 2429 milites
1177 2366 1512 2443 significant
1544 2366 1681 2427 illos
1710 2369 1813 2443 qui
1840 2366 1918 2426 ab
1940 2367 2249 2442 Ecclesia,
2288 2368 2390 2444 qui
2423 2383 2530 2444 pro

433 2465 656 2526 Divino
703 2483 850 2526 vero
899 2466 1248 2538 militarent,
1303 2484 1489 2543 quare
1546 2468 1791 2536 dicitur,
1850 2464 2091 2529 milites
2132 2466 2341 2547 ἱρέων
2384 2466 2535 2528 haec

275 2579 398 2643 [51]
422 2566 754 2648 fecerunt;
807 2567 942 2625 inde
979 2573 1173 2644 patet,
1223 2566 1385 2645 quod
1417 2585 1529 2643 per
1562 2567 1667 2626 illa
1700 2567 1890 2626 verba
1920 2569 1983 2625 in
2020 2585 2204 2627 sensu
2238 2568 2533 2644 spirituali

427 2669 798 2746 intelligatur
817 2713 832 2742 ,
891 2667 1052 2743 quod
1085 2667 1346 2728 Judaiea
1380 2667 1655 2728 Ecclesia
1692 2667 2044 2745 disperserit
2078 2669 2363 2726 Divinum
2400 2668 2527 2726 Ve-

430 2787 560 2826 rum
593 2768 750 2844 quod
789 2773 882 2826 est
915 2769 974 2824 in
1011 2784 1193 2827 sensu
1227 2769 1469 2843 literae,
1526 2775 1587 2826 et
1622 2766 1781 2844 quod
1814 2785 1931 2826 non
1956 2771 2259 2844 potuerint
2293 2768 2532 2844 disper-

430 2885 574 2944 gere
609 2867 891 2927 Divinum
919 2867 1146 2927 Verum
1185 2869 1343 2946 quod
1372 2874 1469 2926 est
1500 2869 1562 2926 in
1604 2875 1787 2927 sensu
1820 2870 2083 2928 interno:
2124 2867 2282 2944 ‘quod
2308 2868 2531 2927 Vestes

430 2967 672 3026 Domini
695 2969 1042 3045 significent
1065 2968 1353 3028 Divinum
1378 2967 1625 3043 Verum,
1662 2970 1748 3026 ita
1772 2968 2060 3044 Verbum,
2100 2985 2289 3044 supra
2324 2975 2529 3028 osten-

431 3083 564 3125 sum
619 3075 714 3126 est
726 3088 756 3149 3-
797 3069 957 3144 quod
995 3067 1228 3126 Tunica
1274 3068 1477 3144 Ipsius
1512 3069 1795 3134 Divinum
1837 3069 2065 3128 Verum
2112 3085 2223 3127 seu
2262 3067 2530 3126 Verbum

429 3168 493 3225 in
527 3183 708 3226 sensu
743 3171 1007 3241 interno,
1074 3166 1347 3225 videatur
1394 3186 1465 3226 n:
1524 3170 1733 3229 9826.
1791 3171 2012 3228 9942:
2070 3167 2229 3245 quod
2264 3167 2527 3227 dividere
2594 3189 2602 3198 ·

431 3268 510 3325 sit
549 3267 896 3344 dispergere
934 3273 995 3325 et
1035 3283 1320 3342 separare
1357 3287 1395 3326 a
1430 3268 1589 3327 bono
1627 3275 1687 3328 et
1729 3286 1874 3328 vero
1887 3313 1904 3342 ,
1951 3271 2037 3326 ita
2070 3268 2421 3342 falsificare,
2458 3287 2527 3326 n:

435 3367 648 3426 4424.
695 3369 906 3426 6360.
935 3369 1163 3458 6361.
1210 3369 1421 3426 9094.
1523 3367 1698 3444 Quod
1744 3369 1963 3428 milites
2012 3367 2347 3446 significent
2395 3368 2529 3426 illos

431 3469 534 3542 qui
568 3467 643 3525 ab
679 3466 985 3539 Ecclesia,
1038 3467 1120 3524 ibi
1157 3466 1232 3525 ab
1268 3467 1547 3528 Ecclesia
1580 3467 1869 3543 Judaica,
1927 3471 2031 3545 qui
2064 3468 2389 3528 militarent
2422 3483 2529 3544 pro

212 3552 216 3558 ’
327 3588 332 3594 ·
428 3566 650 3626 Divino
685 3566 850 3625 Vero
871 3605 888 3634 ,
932 3573 1102 3642 patet
1139 3585 1177 3625 a
1211 3583 1397 3626 sensu
1432 3569 1733 3644 spirituali
1767 3569 2013 3628 militiae
2050 3575 2111 3627 et
2144 3567 2318 3643 belli3
2370 3566 2525 3644 quod

429 3665 654 3725 bellum
706 3664 1002 3740 significet
1042 3683 1276 3744 pugnas
1323 3668 1703 3745 spirituale8‚
1770 3687 1925 3745 quae
1970 3675 2109 3727 sunt
2160 3671 2291 3728 veri
2324 3673 2525 3728 contra

425 3765 675 3838 falsum,
731 3763 1006 3824 videatur
1038 3785 1107 3826 n:
1154 3768 1363 3826 1659.
1416 3770 1625 3827 1664.
1670 3771 1882 3828 8295.
1932 3769 2207 3844 104555
2261 3767 2399 3828 inde
2438 3773 2523 3826 est

427 3863 588 3941 quod
625 3863 698 3923 de
726 3863 989 3943 Levitis,
1042 3886 1292 3944 quorum
1329 3868 1554 3927 functio
1592 3875 1722 3926 erat
1756 3869 1965 3926 talium
2002 3885 2157 3945 quae
2192 3868 2517 3940 Ecclesiae,

425 3963 688 4040 dicatur,
755 3967 968 4044 „quod
1017 3968 1254 4030 obirent
1315 3964 1625 4028 militiam
1686 3973 1747 4028 et
1794 3966 2151 4029 militarent
2200 3966 2515 4039 militiam,

424 4060 762 4126 exercendo
798 4066 1232 4129 ministerium
1271 4067 1342 4127 in
1382 4066 1677 4128 Tentorio
1730 4074 2064 4153 conventus
2073 4071 2111 4101 “
2161 4067 2351 4128 Num:
2405 4067 2519 4126 IV.-

435 4165 544 4222 23.
591 4167 698 4226 35.
745 4169 855 4227 39.
901 4171 1013 4228 43.
1055 4172 1166 4227 47.
1227 4167 1389 4243 Cap:
1427 4167 1615 4228 VIII:
1659 4171 1770 4228 23.
1816 4173 1928 4227 24.
