2700 4792
389 333 500 388 136
711 319 1201 378 APOCALYPSIS
1243 315 1676 378 EXPLICATA.
1756 317 1805 388 ς.
1852 327 1981 380 ιοο.
2026 327 2155 382 110.

276 507 283 514 ·
389 480 480 542 ad
513 477 798 540 radicem
831 477 1078 542 arom-ie
1101 477 1294 561 jacet,
1329 477 1537 540 omnic
1566 479 1757 541 arbor
1778 480 2175 560 nonfaciem
2198 477 2493 558 fractum

391 581 620 640 bonum
667 577 1078 640 eoesoindetur
1133 583 1194 639 et
1241 579 1312 640 in
1358 578 1572 660 ignem
1620 578 2031 662 conjicietwr“
2082 579 2312 639 Matth:
2368 579 2493 638 m:

401 682 513 740 10.
580 677 742 756 Cap:
781 678 932 739 VH:
977 682 1064 740 16
1096 678 1174 738 ad
1207 682 1314 738 21.
1373 679 1562 754 „Aut
1594 679 1805 759 facite
1854 679 2139 742 arborem
2172 679 2401 740 bonam
2440 684 2497 738 et

376 780 676 862 fractam
725 779 952 840 bomem
963 823 980 854 ,
1036 784 1152 840 aut
1187 777 1399 859 facite
1458 779 1743 842 arborem
1778 785 2039 860 pua-em
2096 785 2157 840 et
2202 780 2495 858 snwtum

387 885 675 960 pubrevm
725 899 806 941 ex
843 878 1074 958 fructu
1119 877 1286 940 enim
1336 879 1739 958 coynoeeitur
1770 881 2005 942 arb0r“
2050 879 2283 940 Matth:
2338 878 2491 938 XII:

399 983 508 1042 33.
559 981 716 1042 Luc:
769 980 882 1040 VI:
946 981 1058 1040 43.
1114 982 1226 1038 44.
1315 978 1595 1054 „Omnis
1630 977 1883 1058 palmea
1928 978 2303 1060 naon-ferens
2336 978 2493 1058 sru-

391 1086 560 1142 ctum
575 1123 594 1150 ,
661 1081 1017 1162 auferetur,
1091 1079 1298 1140 omnia
1360 1084 1574 1140 autem
1617 1080 1916 1158 fructum
1961 1081 2183 1160 serene
2224 1077 2493 1158 putabi—

390 1186 522 1255 tur,
582 1184 658 1240 ut-
696 1177 852 1260 plue
884 1178 1153 1260 fractus
1183 1178 1413 1257 fer-affl
1478 1179 1629 1240 Joh:
1678 1179 1828 1240 XV:
1872 1185 1908 1240 2
1952 1180 2031 1238 ad
2078 1181 2137 1239 8.
2214 1177 2495 1254 „Ficum

389 1280 648 1342 habebat
699 1277 940 1358 aliquio
999 1278 1071 1340 in
1127 1275 1326 1342 Vinea
1370 1297 1495 1340 aua
1528 1276 1929 1358 plantatam,
1996 1279 2163 1340 omit
2200 1278 2499 1358 fructum
2552 1301 2557 1304 ·

389 1397 692 1462 quaerens
730 1379 802 1440 in
839 1397 914 1438 ea
931 1423 948 1454 ,
1007 1377 1122 1439 aed
1153 1397 1278 1440 non
1313 1379 1583 1450 invenit,
1634 1377 1795 1440 dicit
1830 1379 1920 1440 ad
1962 1378 2331 1453 vinitorem,
2372 1394 2496 1437 ecce

387 1481 594 1542 tribas
628 1480 820 1542 annis
848 1479 1024 1539 venio
1071 1497 1379 1560 quaerens
1408 1478 1705 1559 fractum
1736 1497 1817 1540 em
1855 1481 1991 1561 ficu
2040 1484 2101 1540 et
2146 1497 2275 1539 non
2318 1477 2492 1538 inve-

387 1582 496 1662 nio
510 1625 526 1656 ,
594 1578 894 1642 eoeaoinde
941 1599 1110 1655 eam,
1185 1579 1344 1660 quid
1400 1585 1639 1641 tem-am
1690 1578 2154 1660 infrayfferam
2222 1577 2489 1639 reddet“

388 1681 548 1740 Luc:
610 1681 795 1740 XIII:
867 1682 904 1738 6
947 1677 1024 1739 ad
1073 1684 1132 1740 9.
1239 1678 1487 1754 „Jeme
1560 1677 1728 1740 vidit
1778 1678 2009 1740 Ficum
2040 1677 2251 1761 juxta
2301 1678 2489 1750 viam,

389 1779 560 1840 venit
597 1778 688 1840 ad
721 1776 934 1856 illam,
986 1785 1046 1840 et
1092 1776 1263 1840 nihil
1309 1779 1549 1840 invenit
1595 1779 1667 1840 in
1711 1797 1787 1840 ea
1834 1779 1969 1840 nisi
2001 1776 2181 1860 folia
2220 1783 2489 1848 tantum,

391 1878 571 1940 dixit
586 1924 603 1955 ,
651 1898 975 1959 uunquam
1009 1898 1089 1940 ea:
1125 1885 1184 1940 te
1204 1880 1473 1961 fructas
1509 1879 1663 1952 erit,
1710 1885 1771 1939 et
1806 1879 2097 1959 arefacta
2130 1884 2226 1938 est
2268 1877 2493 1940 atatim

373 1981 600 2062 ficu8“
662 1979 888 2038 Matth:
924 1980 1110 2040 XXI:
1158 1983 1268 2040 19.
1347 1980 1545 2040 Marc:
1598 1980 1723 2040 XI:
1782 1981 1887 2040 13.
1936 1983 2045 2039 14.
2090 1981 2227 2054 203
2308 1979 2489 2037 Ficus

394 2079 690 2158 significat
745 2081 1078 2140 naturalem
1131 2081 1431 2141 hominem
1486 2088 1547 2140 et
1602 2081 1734 2158 ejus
1784 2082 2101 2149 interiora,
2154 2086 2217 2138 et
2262 2080 2489 2138 fruetus

390 2181 551 2240 bona
583 2179 754 2257 ejus,
809 2197 880 2238 n:
935 2184 1097 2240 217.
1142 2183 1359 2242 4231.
1422 2183 1643 2257 51133
1710 2180 1855 2240 folia
1906 2187 2109 2240 autem
2156 2178 2491 2256 significant

392 2281 760 2357 cognitiones
772 2325 790 2356 ,
829 2299 899 2339 n:
945 2282 1119 2340 885:
1173 2277 1310 2340 Inde
1343 2287 1547 2360 patet,
1600 2281 1743 2358 quid
1777 2280 2145 2358 significatur
2166 2283 2299 2356 'per
2334 2277 2490 2354 quod

388 2381 538 2444 ficus
566 2381 834 2441 arefacta
855 2383 934 2441 sit
954 2383 1092 2458 quia
1117 2381 1411 2441 Dominus
1438 2383 1501 2442 in
1522 2399 1595 2440 ea
1622 2381 1818 2440 solum
1842 2381 1987 2440 folia
2006 2381 2251 2451 invenit,
2284 2385 2346 2438 et
2374 2396 2490 2437 non
2598 2382 2603 2392 “

389 2483 638 2543 fructus.
698 2481 870 2542 Haec
905 2483 1106 2543 omnia
1137 2481 1324 2540 allata
1358 2488 1527 2557 sunt,
1578 2487 1647 2540 ut
1680 2484 1907 2542 sciatur
1942 2481 2085 2558 quid
2122 2479 2493 2557 significatur

387 2594 498 2659 'per
539 2583 836 2644 Arborem
878 2585 1040 2642 vitae
1073 2584 1136 2640 in
1171 2582 1367 2641 medio
1418 2581 1695 2640 Paradisi
1728 2582 1881 2656 Dei,
1928 2582 2088 2658 quod
2123 2598 2341 2656 nempe
2376 2579 2487 2638 bo-

383 2699 530 2742 num
566 2685 786 2744 amoris
820 2682 1155 2761 procedens
1194 2700 1231 2741 a
1263 2683 1551 2756 Domino,
1612 2688 1672 2742 et
1706 2680 1845 2742 inde
1882 2681 2168 2758 gaudium
2204 2679 2483 2739 coeleste.

553 2785 711 2842 1'10.
781 2783 950 2858 Quae
997 2784 1186 2843 estin
1233 2783 1429 2842 medio
1476 2782 1745 2859 paradisi
1782 2781 1930 2853 Dei,
1987 2781 2145 2859 quod
2190 2779 2485 2856 significet

391 2883 551 2962 quod
602 2882 743 2942 illuc
791 2889 1098 2959 spectent,
1173 2890 1232 2943 et
1281 2882 1421 2942 inde
1480 2881 1809 2959 procedant
1861 2896 2067 2941 omnes
2120 2882 2483 2957 cognitiones

387 2983 533 3042 boni
569 2988 630 3042 et
662 2983 789 3042 veri
821 2985 882 3042 in
919 2982 1100 3044 Coelo
1139 2990 1199 3044 et
1231 2985 1292 3042 in
1332 2983 1635 3054 Ecclesia,
1672 2987 1907 3041 constat
1942 2999 2017 3058 en
2052 2980 2477 3058 significatione

389 3081 604 3158 medii,
659 3084 819 3170 quod
865 3087 944 3144 sit
977 3091 1246 3144 centrum
1299 3101 1415 3161 quo
1464 3085 1661 3141 omnia
1698 3099 1853 3158 quae
1890 3083 2113 3140 circum
2146 3083 2308 3141 circa
2342 3095 2481 3156 spe-

341 3228 343 3230 -
389 3189 554 3242 etant
589 3189 648 3242 et
683 3201 758 3244 cx
794 3202 910 3261 quo
944 3184 1294 3260 procedunt,
1333 3183 1409 3243 de
1439 3201 1560 3260 qua
1586 3200 1771 3258 supra
1807 3200 1877 3241 n:
1924 3184 2045 3255 973
2090 3187 2254 3240 etex
2288 3183 2475 3258 signi-

385 3283 662 3345 ficatione
698 3283 1010 3352 Paradisi,
1063 3283 1224 3358 quod
1258 3285 1378 3343 sint
1412 3285 1781 3360 cognitiones
1816 3282 1959 3342 boni
1994 3288 2059 3348 et
2086 3283 2219 3340 veri
2256 3287 2319 3340 et
2352 3279 2483 3338 inde

384 3385 810 3464 intelligentia,
865 3383 943 3442 de
998 3401 1117 3458 qua
1165 3402 1238 3441 n:
1299 3386 1460 3443 100.
1517 3383 1675 3441 108.
1734 3383 1943 3440 1588.
2002 3383 2213 3440 2702.
2260 3383 2480 3452 322ος

387 3493 450 3546 et
486 3489 628 3564 quia
661 3485 767 3545 illa
800 3501 912 3560 per
947 3481 1300 3542 Paradisum
1338 3483 1781 3560 significantur,
1814 3481 1951 3541 ideo
1986 3498 2099 3558 per
2132 3481 2485 3540 Paradisum

385 3587 506 3648 Dei
539 3585 908 3664 significatur
945 3582 1224 3654 Coelum,
1269 3590 1330 3642 et
1378 3586 1520 3660 quia
1560 3581 1843 3655 Goelum,
1904 3584 2082 3640 etiam
2118 3581 2487 3658 significatur

225 3697 350 3765 [97]
391 3687 697 3760 Ecclesia,
761 3700 900 3741 nam
945 3682 1221 3743 Ecclesia
1266 3691 1361 3743 est
1408 3682 1658 3742 Goelum
1691 3682 1932 3742 Domini
1974 3685 2035 3740 in
2068 3684 2278 3752 terrie,
2334 3697 2483 3758 quae

383 3793 678 3848 vocantur
730 3783 1058 3844 Paradisus
1104 3783 1224 3843 Dei
1269 3786 1411 3861 quia
1445 3784 1741 3844 Dominus
1781 3789 1875 3841 est
1920 3785 1983 3841 in
2016 3782 2211 3840 medio
2248 3782 2367 3856 ibi,
2428 3787 2487 3839 et

383 3887 462 3946 ab
501 3885 646 3962 Ipso
685 3889 778 3942 est
813 3887 999 3944 omnis
1033 3884 1431 3962 intelligentia
1468 3889 1527 3943 et
1560 3885 1876 3960 sapientia.
1934 3883 2231 3960 Quoniam
2266 3881 2479 3940 hacte-

381 4001 498 4044 nus
534 4001 652 4044 non
688 3991 891 4044 notum
927 3985 1067 4061 fuit,
1115 3983 1276 4062 quod
1313 3986 1509 4044 omnia
1533 3985 1595 4043 in
1622 3983 1829 4042 Verbo
1862 3979 1976 4060 per
2002 3981 2478 4058 corresponden-

382 4089 498 4146 tias
535 4088 764 4165 scripta
805 4088 952 4160 sint,
1017 4093 1076 4146 et
1122 4085 1258 4145 inde
1313 4083 1473 4162 quod
1524 4083 1861 4160 spiritualia
1894 4083 1979 4142 ibi
2014 4083 2196 4140 insint
2230 4081 2480 4158 singulis

383 4204 546 4264 quae,
575 4186 658 4247 ibi
685 4187 867 4264 dicta,
911 4185 1170 4246 credunt
1207 4183 1367 4260 quod
1392 4199 1505 4260 per
1537 4183 1912 4254 Paradisum,
1946 4183 2022 4242 de
2060 4198 2176 4258 quo
2206 4184 2405 4258 agitur
2427 4181 2487 4240 in
