2700 4792
331 369 568 424 CAPUT
609 368 952 427 TERTIUM.
1237 325 1256 341 ’
1712 369 1927 435 vnn&
1972 382 2024 434 1.
2180 383 2291 437 269

40 551 43 568 ·
164 533 290 593 III:
345 537 372 590 1
393 536 428 590 8
469 531 544 590 ad
580 533 704 606 213
763 529 1068 598 moriendo
1098 531 1246 589 mori
1284 530 1383 590 hic
1424 537 1518 590 est
1564 534 1762 608 perite
1796 537 1988 592 morte
2024 539 2289 611 aeterna,

167 652 326 712 quae
367 639 457 692 est
485 631 806 701 damnatio,
851 631 1066 690 dicitur
1104 633 1260 689 enim
1297 631 1371 690 de
1406 632 1603 708 impiis
1623 653 1638 708 3
1698 641 1757 692 et
1792 633 2051 694 vivendo
2088 636 2290 696 vivere

157 741 258 794 est
299 735 420 792 frui
465 735 594 790 vita
627 738 902 803 aeterna,
951 748 1104 807 quae
1151 737 1244 790 est
1277 731 1567 803 salvatio,
1616 749 1755 792 nam
1800 735 2017 804 dieitur
2058 733 2133 794 de
2166 735 2288 795 illis

166 837 268 911 qui
307 835 740 910 poenitentiam
789 837 976 906 agunt
1019 837 1078 888 et
1126 830 1198 891 de
1237 832 1443 908 justis.
1523 831 1707 908 Apud
1744 834 2015 894 Eundem
2070 832 2289 909 „Pro-

155 933 508 1016 phanaetis
535 931 646 990 Me
673 929 848 1010 apud
871 928 1186 1009 populum
1219 949 1457 1001 meum,
1486 931 1576 991 ad
1602 932 2007 994 occidendum
2032 934 2289 994 animae

161 1051 329 1116 quae
355 1051 479 1093 non
515 1032 684 1092 mori
729 1029 976 1106 debent,
1044 1035 1103 1088 et
1149 1030 1239 1090 ad
1285 1031 1741 1112 vivificandum
1781 1033 2073 1108 animae,
2128 1053 2290 1114 qaae

166 1155 300 1196 non
355 1133 558 1193 vivere
605 1130 848 1206 debent,
929 1130 1089 1190 dam
1131 1130 1488 1192 mentimini
1531 1130 1770 1212 populo
1791 1179 1808 1208 ,
1873 1133 2288 1197 audientibus

161 1231 608 1298 mendacium“
643 1229 828 1294 XHI:
871 1233 991 1305 193
1041 1233 1236 1307 agitur
1259 1232 1359 1290 hic
1388 1233 1463 1292 de
1498 1233 1913 1294 falsificatione
1952 1236 2095 1309 veri,
2128 1252 2283 1310 quae

163 1336 514 1412 intelligitur
547 1350 658 1409 per
691 1333 1111 1410 prophanastis
1147 1332 1246 1391 Me
1278 1332 1443 1408 apud
1488 1333 1781 1410 populum
1819 1351 2040 1405 meum,
2078 1342 2139 1394 et
2170 1351 2285 1413 per

166 1437 494 1496 menthnini
547 1433 770 1510 populo
833 1431 1212 1491 audientibus
1277 1433 1680 1509 mendacium,
1771 1435 2145 1496 mendacium
2200 1435 2284 1494 ibi

169 1537 466 1614 significat
505 1534 722 1592 falsum
775 1539 836 1591 et
884 1532 1294 1607 falsificatum3
1362 1534 1633 1593 occidere
1686 1538 1913 1595 animas
1960 1553 2114 1612 quae
2164 1553 2283 1594 non

167 1640 314 1697 mori
359 1636 620 1708 debent,
671 1640 762 1692 est
798 1633 1112 1710 deprivare
1161 1631 1298 1691 illas
1341 1635 1467 1692 vita
1504 1653 1579 1694 ex
1626 1638 1785 1695 veris
1803 1656 1820 1711 3
1888 1643 1947 1696 et
1981 1635 2283 1695 vivificare

170 1741 397 1797 animas
453 1753 612 1812 quae
647 1751 765 1793 non
811 1736 1017 1792 vivere
1067 1733 1318 1807 debent,
1388 1741 1481 1794 est
1530 1736 1903 1812 persuadere
1952 1737 2069 1796 inis
2122 1735 2283 1814 quod

168 1842 293 1897 vita
328 1845 582 1896 aeterna
629 1837 706 1893 sit
749 1851 824 1892 ex
857 1833 1057 1908 falsi53
1109 1832 1270 1908 quod
1300 1833 1415 1893 hoc
1455 1853 1566 1911 per
1600 1837 1891 1896 vivificari
1922 1838 2017 1896 hic
2052 1837 2277 1896 intelli-

171 1947 360 2015 gatur,
401 1943 576 2013 patet
611 1935 685 1993 ab
715 1932 1106 1993 antecedente
1134 1933 1336 1992 Versu
1370 1934 1473 1994 ibi.
1528 1935 1709 2013 Apud
1736 1938 2031 1996 Davidem
2070 1936 2285 2011 „Eece

172 2029 411 2099 Oculussr
445 2035 720 2096 Jehovae
755 2053 943 2113 saper
989 2031 1353 2094 timentibus
1385 2033 1645 2114 Ipsum,
1691 2035 1779 2096 ad
1812 2037 2207 2116 eripiendum
2239 2056 2283 2096 a

170 2144 366 2199 morte
425 2136 710 2197 animam
756 2153 998 2204 eorum,
1057 2137 1116 2193 et
1176 2131 1264 2194 ad
1311 2135 1445 2194 vivi
1433 2135 1766 2216 fioandum
1810 2155 1913 2195 eos
1946 2138 2017 2198 in
2048 2138 2232 2218 same
2240 2139 2277 2168 “

169 2239 401 2299 Psalm:
439 2236 752 2297 XXXIII:
828 2236 934 2293 18.
999 2237 1103 2294 19.
1185 2235 1368 2310 Apud
1414 2237 1684 2296 Eundem
1722 2235 2098 2310 „Liberaeti
2132 2237 2281 2298 ani-³

169 2358 341 2399 mam
387 2356 592 2398 meam
625 2356 667 2396 a
715 2341 942 2404 morte,
999 2340 1060 2394 et
1106 2333 1303 2414 pedes
1351 2355 1520 2396 meo-3
1569 2337 1646 2396 ab
1707 2335 2117 2416 impulsione,
2190 2336 2280 2398 ad

170 2436 627 2499 ambulandum
661 2454 872 2496 eoram
918 2434 1066 2495 Deo
1113 2435 1182 2496 in
1217 2433 1353 2496 luce
1400 2435 1741 2497 viventium
1751 2439 1785 2468 “
1830 2437 2065 2496 Psalm:
2105 2439 2277 2498 LVI:

186 2543 303 2596 14.
369 2539 544 2614 Apud
575 2538 898 2596 Jeremiam
949 2534 1162 2611 „Eece
1191 2533 1344 2614 Eyo
1370 2553 1651 2616 propono
1690 2535 1863 2596 vobis
1897 2536 2071 2596 viam
2114 2536 2282 2597 vitae

165 2643 238 2698 et
275 2637 450 2698 viam
482 2637 745 2699 morast
798 2636 987 2698 XXI:
1040 2639 1099 2696 8.
1164 2636 1343 2713 Apud
1390 2637 1729 2696 ‚Iohannem
1795 2633 2036 2711 „Jeeus
2084 2635 2281 2706 dimit,

171 2759 356 2799 amen
388 2757 570 2799 amen
603 2737 744 2798 dieo
780 2737 970 2807 vobis,
1005 2736 1116 2816 qui
1157 2737 1409 2796 verbu-m
1442 2755 1648 2798 meum
1681 2734 1871 2798 audit
1910 2736 1997 2814 [et
2032 2735 2286 2814 eredit}

170 2839 348 2900 habet
383 2839 586 2899 vitam
611 2843 947 2908 aeternam,
982 2843 1042 2897 et
1068 2837 1138 2898 in
1164 2836 1736 2898 condemnationem
1767 2856 1893 2898 non
1916 2836 2134 2908 veniet,
2167 2836 2283 2898 sed

172 2939 474 3001 transibit
509 2959 554 3000 a
575 2945 772 2999 morte
804 2938 876 2998 in
910 2937 1160 2998 vitam“
1209 2937 1300 2997 V:
1337 2941 1459 3015 243
1513 2938 1672 3016 quod
1704 2941 1767 2997 in
1802 2939 1894 2998 his
1934 2939 2083 2998 locis
2119 2957 2279 3000 mors

172 3044 244 3099 sit
281 3040 604 3114 damnatio,
651 3047 712 3097 et
745 3041 868 3098 vita
902 3040 1173 3113 salvatio,
1215 3046 1397 3114 patet.
1456 3040 1612 3115 Quia
1638 3040 1800 3098 Mors
1842 3047 1934 3099 est
1962 3039 2277 3116 damnatiO,

169 3145 344 3200 etiam
375 3147 471 3201 est
504 3142 829 3212 infernum,
889 3157 1076 3215 quare
1112 3139 1405 3198 infernum
1450 3143 1511 3198 in
1548 3139 1749 3200 Verbo
1784 3143 2012 3217 passim
2061 3141 2276 3202 dicitur

167 3259 358 3312 more,
404 3248 472 3299 ut
507 3245 566 3299 in
605 3241 696 3300 his
731 3240 910 3314 locis;
964 3238 1125 3315 apud
1161 3239 1403 3316 Esajam
1445 3239 1638 3314 „Non
1661 3237 1995 3321 Infernum
2028 3243 2281 3324 eonfite-

171 3341 348 3399 bitwr
377 3340 538 3414 Tibi,
571 3357 680 3399 nee
703 3339 888 3399 More
925 3335 1216 3399 laudabit
1246 3338 1353 3409 Te,
1387 3358 1508 3399 non
1537 3343 1873 3420 sperabunt
1908 3340 2278 3403 descenden-
2304 3357 2309 3360 ·

169 3445 268 3499 tes
287 3439 545 3519 foveam
580 3459 769 3518 saper·
803 3439 1066 3498 veritate
1101 3444 1234 3508 tua,
1267 3439 1469 3514 vivus,
1508 3441 1708 3516 vivus,
1748 3438 1859 3501 ille
1892 3442 2282 3522 confitebitur

170 3539 371 3600 Tibffl
390 3539 761 3600 XXXVIII:
795 3543 823 3598 l
844 3541 904 3598 8.
937 3543 966 3598 l
985 3541 1044 3597 9.
1083 3539 1267 3616 Apud
1287 3541 1555 3600 Eundem
1584 3539 2027 3616 „Ea-eidimus
2039 3539 2279 3620 foedus

165 3659 308 3701 eum
355 3639 597 3710 Morte,
645 3646 704 3700 et
754 3658 895 3700 eam
940 3638 1202 3718 Inferno
1235 3639 1517 3720 fecimus
1565 3639 1916 3700 visionem“
1964 3637 2278 3698 XXVIII:

172 3743 281 3801 15.
347 3740 531 3817 Apud
582 3739 922 3800 Hos'eheam
1005 3735 1122 3814 „E
1178 3759 1375 3800 manu
1420 3738 1672 3818 Inferni
1716 3737 2031 3798 redimam
2066 3755 2201 3806 eos,
2246 3755 2279 3796 e

162 3839 379 3900 Morte
429 3838 698 3901 liberabo
759 3857 862 3900 eos
881 3860 908 3911 ;
975 3857 1078 3900 ero
1116 3840 1327 3919 pestis
1388 3845 1535 3910 tua,
1582 3836 1791 3911 More,
1856 3855 1957 3897 ero
2004 3835 2279 3897 ea'itium

162 3946 378 4012 taum,
414 3937 716 4022 Infeme“
753 3931 940 4001 XIII:
999 3943 1106 3999 14.
1163 3940 1346 4016 Apud
1380 3938 1674 3996 Davidem
1736 3935 1932 4012 „Non
1967 3936 2037 3998 in
2069 3934 2280 3999 Morte

159 4041 470 4103 memoria
518 4039 676 4116 Tui,
735 4041 806 4101 in
853 4039 1110 4121 Inferno
1155 4039 1300 4119 quis
1353 4037 1743 4118 confitebitur
1797 4035 1947 4100 Tibi
1956 4041 1993 4073 “
2041 4038 2278 4098 Psalm:

159 4140 280 4202 VI:
317 4145 380 4201 6.
448 4142 634 4218 Apud
671 4142 943 4201 Eundem
989 4137 1603 4215 „Oz·roamdederant
1651 4157 1747 4198 me
1781 4139 1983 4219 funes
2020 4137 2281 4212 Mortis,

158 4246 220 4300 et
242 4242 444 4322 sune&
470 4240 725 4322 Inferni
733 4245 770 4276 “
809 4241 1046 4301 Psalm:
1081 4241 1326 4301 XVIII:
1365 4242 1423 4301 5.
1462 4242 1521 4300 6.
1571 4239 1750 4318 Apud
1776 4240 2047 4300 Eundem
2084 4239 2279 4315 „Sie-
