2700 4792
276 1929 330 1988 [7
340 1928 396 1988 8]

437 350 549 404 106
887 338 1375 394 APOCALYPSIS
1420 337 1850 394 EXPLIGATA.
1928 338 1983 405 §-
2034 343 2137 399 01.

441 497 605 576 quod
643 499 762 556 sint
797 501 900 572 qui
935 499 996 556 in
1017 471 1192 557 'veris
1227 513 1300 557 ex
1347 497 1505 558 bono
1554 513 1665 556 seu
1698 499 1761 556 in
1796 497 1915 556 fide
1950 513 2040 556 ex
2080 496 2393 558 charitate
2426 505 2552 572 sunt,

443 599 518 658 de
573 615 696 673 qua
745 598 924 656 etiam
979 614 1166 675 supra
1217 615 1288 657 nx
1345 599 1471 658 20:
1542 597 1681 656 inde
1733 603 1905 675 patet
1952 597 2137 672 quod
2188 617 2309 674 per
2352 605 2557 675 septem

446 696 824 758 candelabra
867 705 1100 775 septem
1143 699 1454 759 Ecclesiae
1502 697 1913 774 significentur
1958 714 2195 758 omnes
2248 699 2343 758 illi
2376 701 2473 775 qui
2510 698 2555 754 in

441 815 600 857 novo
639 796 824 856 Coelo
861 804 922 856 et
967 801 1029 857 in
1063 815 1221 857 nova
1255 799 1531 858 Ecclesia
1568 804 1760 857 erunt.
1842 797 2071 857 Omnia
2110 815 2283 874 quae
2318 803 2379 858 in
2412 799 2557 873 Apo-

443 898 676 974 calypsi
709 904 880 968 sunt,
935 899 1009 956 ad
1043 899 1107 957 id
1141 899 1304 975 quod
1339 897 1711 974 significatur
1748 915 1860 974 per
1894 905 2153 973 septem
2202 897 2556 958 candelabra

445 1015 666 1070 aurea,
717 1013 934 1074 nempe
983 999 1222 1058 Novum
1277 997 1525 1059 Goelum
1576 1005 1636 1056 et
1678 997 1853 1057 Nova
1898 997 2201 1058 Ecclesia
2216 986 2269 1072 ,’
2311 1001 2557 1075 spectant

443 1105 512 1157 ut
545 1097 625 1156 ad
665 1113 841 1158 suum
877 1098 1054 1160 finem
1091 1105 1152 1158 et
1185 1098 1568 1172 conclusum,
1630 1097 1705 1156 de
1740 1097 1861 1157 illis
1896 1096 2039 1156 ideo
2078 1100 2151 1156 in
2192 1099 2420 1158 ultimis
2456 1094 2550 1154 Ca-

442 1197 668 1274 pitibus
717 1199 942 1274 agitat-3
996 1198 1258 1275 reliqua,
1328 1215 1489 1274 quae
1528 1198 1939 1264 intercedunt,
2004 1205 2164 1257 sunt
2217 1199 2373 1258 talia
2424 1210 2551 1272 quae

443 1298 682 1357 obstant
721 1303 782 1356 et
817 1315 972 1372 quae
1017 1297 1415 1368 removenda,
1464 1303 1533 1356 ut
1568 1315 1725 1376 quae
1760 1298 1835 1356 de
1870 1297 2167 1357 Dracone
2208 1305 2277 1358 et
2312 1313 2461 1374 quae
2492 1293 2551 1350 de

439 1396 663 1460 Bestiis
697 1396 1072 1473 Babyloniae
1119 1405 1559 1467 memorantur,
1612 1397 1829 1474 quibus
1870 1415 1991 1458 non
2034 1397 2439 1457 obstantibus
2474 1390 2551 1450 vel

444 1497 662 1574 quibus
717 1502 964 1558 remotis
1019 1515 1240 1561 novum
1295 1497 1545 1558 Coelum
1594 1505 1655 1558 et
1688 1514 1847 1562 nova
1878 1497 2171 1558 Ecclesia
2210 1496 2478 1572 exsurgit
2504 1495 2548 1549 et

439 1604 626 1676 patet.

843 1838 2145 1977 APOCALYPsls

1130 2057 1371 2112 CAPUT
1436 2057 1839 2116 SECUNDUM.

651 2200 712 2256 1.
784 2187 1070 2285 Angelo
1123 2189 1540 2288 Ephesinae
1594 2189 1974 2260 Ecclesiae
2028 2187 2291 2260 scribe
2304 2213 2330 2278 3
2383 2182 2532 2252 haec

446 2289 631 2360 dicit
683 2306 940 2360 tenens
998 2307 1282 2388 septem
1337 2289 1589 2360 stellas
1642 2291 1719 2360 in
1774 2290 2029 2360 dextra
2082 2315 2260 2376 sua,
2320 2279 2531 2356 ambu-

441 2389 600 2460 lans
653 2391 730 2460 in
763 2389 1008 2461 medio
1065 2407 1346 2488 septe-m
1402 2390 2023 2461 Candelabrorum
2075 2406 2475 2460 aureorum·

647 2505 712 2568 2.
787 2491 978 2562 Novi
1015 2515 1244 2588 opera
1297 2506 1457 2578 tua,
1514 2508 1589 2561 et
1640 2489 1969 2562 laborem
2018 2506 2273 2575 tuum,
2330 2499 2399 2554 et
2442 2494 2530 2547 to-

441 2591 824 2662 lerantiam
875 2608 1106 2676 tuam,
1161 2607 1236 2662 et
1289 2590 1497 2686 quod
1546 2617 1699 2662 non
1750 2591 1996 2688 possis
2050 2590 2254 2660 ferre
2306 2579 2525 2656 malos,

441 2710 516 2763 et
569 2691 1058 2790 exploraveris
1097 2691 1431 2762 dicentes
1480 2717 1559 2762 se
1595 2717 1757 2762 esse
1794 2689 2205 2789 Apostolos
2216 2742 2239 2778 ‚
2300 2702 2373 2756 et
2404 2696 2525 2750 non

441 2809 642 2873 sunt,
697 2809 772 2862 et
824 2793 1179 2862 inveneris
1235 2816 1363 2862 eos
1417 2791 1833 2862 mendaces.
1904 2821 1914 2825 ·

387 2894 400 2909 '
649 2908 713 2970 3.
803 2895 898 2963 Et
951 2892 1405 2979 sustinuisti,
1496 2910 1571 2962 et
1622 2891 2087 2962 tolerantiam
2140 2887 2406 2968 habeS,
2470 2884 2526 2986 (ἶῐ

443 3009 742 3090 propter
783 2995 1068 3064 Nomen
1123 3017 1363 3062 meum
1417 2991 1803 3079 laborasti,
1860 3009 1934 3062 et
1983 3017 2137 3061 non
2190 2980 2519 3061 defecisti·

649 3102 712 3176 4.
797 3093 948 3164 Sed
999 3090 1236 3164 habeo
1293 3092 1639 3164 adversus
1692 3108 1799 3178 te,
1868 3091 2071 3189 quod
2120 3087 2523 3162 charitatem

445 3209 642 3262 tuam
692 3195 998 3290 primam
1049 3190 1458 3286 reliqueris.

651 3309 716 3373 5.
773 3295 1052 3362 Memor
1089 3307 1246 3360 esto
1301 3292 1549 3388 itaque
1602 3288 1797 3362 unde
1852 3290 2253 3380 excideris,
2310 3299 2380 3354 et
2420 3294 2518 3392 fe·

445 3394 754 3492 sipisce,
835 3409 908 3461 et
958 3390 1193 3487 prima
1247 3416 1471 3489 opera
1524 3393 1679 3483 sac3
1754 3390 1869 3462 sin
1918 3392 2195 3478 minus,
2280 3391 2519 3456 veniam

444 3493 582 3566 tibi
637 3493 788 3565 cito
798 3543 820 3578 ,
899 3508 974 3561 et
1023 3489 1332 3562 movebo
1388 3490 1924 3562 Candelabrum
1974 3508 2180 3561 tuum
2234 3488 2325 3560 de
2375 3478 2521 3548 10⁰⁰

445 3619 618 3682 sue,
675 3594 740 3662 si
793 3617 944 3661 non
996 3591 1411 3689 resipueris.

652 3708 717 3770 6.
780 3690 928 3760 Sed
981 3690 1124 3762 hoc
1179 3690 1443 3778 habes,
1502 3693 1705 3788 quod
1760 3691 1984 3764 odisti
2040 3717 2271 3790 opera
2318 3677 2515 3754 Nico·

445 3792 817 3877 laitarum,
875 3816 1062 3888 quae
1115 3809 1189 3862 et
1242 3795 1400 3888 Ego
1455 3791 1601 3862 odi.
2412 3873 2425 3889 ·
2474 3865 2487 3880 .

655 3907 720 3970 7.
803 3891 1101 3963 Habens
1153 3916 1404 3962 aurem
1457 3891 1707 3962 audiat
1768 3892 1949 3988 quid
2018 3892 2313 3990 spiritus
2364 3875 2516 3979 (hefft

445 3989 838 4068 Ecclesiis:
917 3992 1241 4064 vincenti
1307 3989 1501 4062 dabo
1556 3991 1667 4062 illi
1720 3992 1938 4063 edere
1993 3992 2085 4063 de
2140 3989 2383 4062 arbore
2428 3991 2509 4040 Vl'

446 4108 596 4181 tae,
663 4118 849 4192 quae
903 4093 980 4164 in
1031 4092 1276 4164 medio
1327 4092 1657 4162 Paradisi
1708 4091 1871 4163 Dei.
2294 4147 2297 4150 .
2383 4129 2403 4191 ‘-

649 4208 712 4274 8.
767 4191 868 4266 Et
910 4191 1194 4289 Angelo
1233 4185 1614 4263 Ecclesiae
1660 4192 2229 4290 Smyrnaeorum
2270 4171 2503 4257 scr1b⁰3
