2700 4792
431 337 543 391 422
784 322 1274 380 APOCALYPffls
1315 322 1746 378 EXPLICATA.
1788 323 1837 391 §-
1880 331 2015 385 251.
2058 333 2193 386 252.

431 487 711 563 conjungi
745 483 903 561 Ipsi,
942 482 1018 542 de
1053 499 1174 559 qua
1207 501 1278 542 n:
1321 484 1536 544 3914.
1580 485 1793 543 3918.
1840 485 2061 542 6782.
2104 483 2323 542 6783.
2390 481 2561 559 Quod

429 586 722 646 Dominus
759 583 1157 662 conjungatur,
1197 582 1316 642 illis
1366 585 1467 659 qui
1506 584 1802 660 recipiunt
1834 581 2059 660 Ipsum
2108 583 2293 643 corde
2331 589 2393 642 et
2422 585 2559 655 vita,

431 691 529 746 est
561 688 705 763 quia
738 682 1031 744 Dominus
1065 684 1248 742 intrat
1281 700 1395 744 seu
1428 685 1621 742 influit
1652 685 1715 740 in
1747 685 1939 742 vitam
1952 727 1973 758 ,
2012 685 2203 742 intrat
2236 699 2347 742 seu
2382 683 2560 742 influit

429 785 626 846 solum
675 785 838 862 apud
879 783 1017 844 illos
1063 785 1166 859 qui
1211 785 1274 844 in
1306 785 1431 842 vita
1466 786 1685 844 amoris
1734 783 2083 860 spiritualis
2123 789 2269 844 sunt
2286 827 2305 858 ,
2362 799 2469 842 seu
2500 785 2557 840 in

429 888 558 946 vita
593 885 900 944 charitatis
913 929 930 959 ‚
971 901 1110 942 nam
1145 881 1409 944 charitas
1446 890 1539 944 est
1572 899 1738 942 amor
1772 883 2121 960 spiritualis
2136 928 2153 954 ‚
2197 883 2431 966 quando
2460 881 2553 940 hic

429 1003 600 1045 amor
631 986 772 1043 facit
804 986 990 1044 vitam
1021 983 1304 1058 hominis,
1343 989 1485 1045 tunc
1518 986 1703 1043 intrat
1736 1001 1850 1044 seu
1886 983 2091 1044 influit
2126 983 2421 1043 Dominus
2450 998 2552 1058 per

427 1086 596 1146 illum
631 1087 692 1143 in
727 1101 874 1144 vera
905 1083 1064 1160 fidei,
1103 1089 1165 1144 et
1197 1084 1342 1144 facit
1374 1091 1441 1144 ut
1473 1084 1651 1144 homo
1685 1084 1895 1143 videat
1931 1100 2048 1142 seu
2076 1089 2407 1160 cognoscat
2437 1081 2547 1153 illa,

427 1185 566 1246 inde
603 1185 837 1244 affectio
865 1186 994 1244 veri
1027 1183 1354 1260 spiritualis
1391 1191 1485 1244 est
1517 1184 1759 1244 homini.
1813 1184 2084 1244 Maxime
2121 1184 2367 1257 fallitur,
2406 1179 2553 1258 quod

427 1286 724 1345 Dominus
755 1287 937 1343 intret
971 1301 1080 1343 scu
1114 1283 1326 1342 influat
1356 1286 1419 1342 in
1453 1284 1644 1344 solam
1670 1283 1871 1358 fidem,
1910 1301 2029 1342 seu
2064 1287 2127 1343 in
2163 1283 2341 1342 fidem
2374 1298 2547 1357 sepa-

427 1391 621 1446 ratam
657 1402 694 1445 a
727 1385 1020 1444 charitate
1067 1383 1228 1460 apud
1262 1383 1589 1456 hominem,
1640 1385 1783 1444 huic
1816 1385 1965 1444 fidei
2002 1384 2176 1442 nulla
2212 1385 2339 1441 vita
2384 1383 2546 1450 inest,

431 1491 527 1544 est
563 1487 718 1545 enim
753 1487 910 1544 sicut
943 1484 1190 1560 spiritus
1238 1485 1616 1561 pulmonicus
1652 1483 1887 1561 absque
1926 1485 2139 1544 cordis.
2168 1483 2419 1556 influxu,
2454 1480 2549 1554 qui

429 1587 676 1662 spiritns
715 1585 871 1644 soret-
903 1584 1100 1642 solum
1136 1590 1334 1644 motus
1366 1587 1762 1656 inanimatus,
1812 1587 2073 1662 spiritus
2130 1586 2290 1644 enim
2321 1581 2545 1658 pulmo-

426 1687 598 1744 nicus
635 1687 930 1743 animatur
963 1701 1074 1760 per
1107 1684 1397 1746 influxum
1432 1685 1645 1759 cordis,
1684 1692 1752 1744 ut
1784 1691 2001 1744 notum
2040 1692 2167 1746 est:
2203 1683 2341 1743 inde
2371 1684 2545 1758 patet,

429 1801 544 1862 per
605 1801 786 1860 quam
846 1786 1005 1841 viam
1063 1783 1394 1847 admittitur
1450 1781 1739 1848 Divinum
1796 1787 2147 1862 procedens
2202 1802 2239 1842 a
2282 1781 2540 1850 Domino,

427 1901 648 1961 nempe
683 1900 797 1960 per
829 1884 990 1942 viam
1029 1885 1257 1961 cordis,
1296 1887 1413 1947 hoc
1448 1891 1572 1958 est,
1612 1889 1863 1946 amoris:
1914 1890 2051 1946 sive
2086 1885 2253 1944 dicas
2292 1901 2391 1942 cor
2422 1882 2539 1938 sive

425 2001 722 2058 amorem,
759 1983 920 2042 idem
954 1990 1077 2053 est,
1126 2003 1200 2045 ac
1235 1990 1483 2065 spiritus
1520 1987 1703 2044 vitam
1740 1961 1879 2045 inde
1902 2009 1923 2046 ε
1976 1985 2143 2064 quod
2178 2002 2343 2046 amor
2374 1981 2540 2040 faciat
2616 1976 2621 1980 ’

428 2085 613 2142 vitam
648 2083 905 2143 hominis
923 2128 942 2154 ,
995 2089 1250 2164 'quisque
1284 2094 1489 2165 potest
1530 2088 1687 2146 scire
1724 2093 1785 2148 et
1824 2087 2073 2160 videre,
2128 2089 2183 2146 si
2218 2083 2388 2144 modo
2421 2077 2539 2138 vult

425 2184 764 2259 attendere,
801 2201 938 2242 nam
977 2187 1120 2262 quid
1149 2188 1326 2248 homo
1364 2188 1593 2266 absque
1628 2204 1864 2262 amore,
1922 2205 2129 2247 nonne
2163 2188 2349 2262 stipes
2358 2202 2376 2258 3
2408 2177 2532 2238 inde

425 2284 622 2361 qualis
659 2301 826 2344 amor
858 2285 998 2346 talis
1033 2287 1246 2364 hom03
1301 2305 1469 2348 amor
1504 2293 1599 2348 est
1636 2287 1795 2348 velle
1832 2293 1891 2347 et
1930 2289 2170 2361 facere,
2216 2301 2349 2343 nam
2386 2275 2527 2356 quod

339 2429 346 2436 .
423 2383 600 2444 homo
637 2391 800 2444 amat
831 2385 948 2446 hoc
980 2388 1108 2447 vult
1161 2394 1221 2448 et
1261 2388 1423 2448 facit.
1501 2389 1655 2449 Idea
1701 2388 1775 2447 de
1817 2388 1983 2450 bono
2019 2387 2325 2449 charitatis
2372 2377 2525 2440 etde

425 2502 576 2544 voro
623 2485 766 2545 fidei
809 2487 1054 2547 formari
1099 2495 1302 2565 potest
1349 2507 1423 2548 ex
1460 2488 1619 2550 Solis
1666 2487 1804 2548 luce
1852 2495 1915 2548 et
1954 2491 2190 2562 calore;
2242 2485 2343 2544 lux
2385 2491 2523 2555 ‘1⁰³⁸

424 2587 698 2663 procedit
735 2604 811 2646 ex
845 2586 986 2648 Sole
1023 2605 1156 2648 cum
1195 2589 1513 2665 conjuncta
1562 2592 1657 2648 est
1690 2588 1901 2658 calori,
1964 2589 2128 2667 quod
2174 2587 2239 2646 fit
2272 2591 2520 2656 tempore

423 2689 588 2745 veris
625 2694 686 2746 et
720 2690 1003 2763 aestatis,
1041 2695 1183 2748 tunc
1219 2693 1417 2748 omnia
1451 2690 1683 2750 telluris
1719 2691 2059 2765 germinant
2096 2694 2159 2747 et
2189 2685 2419 2755 florent3
2467 2679 2521 2731 at

423 2802 560 2844 cum
596 2789 656 2844 in
704 2787 837 2846 luce
874 2805 990 2846 non
1031 2796 1124 2847 est
1160 2790 1350 2862 calor,
1402 2796 1469 2848 ut
1512 2796 1779 2865 tempore
1828 2791 2066 2866 hyemis
2080 2835 2098 2864 ‚
2152 2794 2291 2847 tunc
2340 2775 2517 2838 omnia

421 2885 656 2944 telluris
685 2894 924 2962 torpent
953 2895 1014 2947 et
1039 2891 1438 2965 emoriuntur3
1476 2892 1651 2948 etiam
1680 2888 1813 2948 Lux
1840 2889 2175 2966 spiritualis
2212 2890 2304 2944 est
2326 2889 2517 2939 verum

421 2983 590 3057 fidei,
645 2990 706 3042 et
753 2987 918 3044 calor
969 2990 1298 3065 spiritualis
1354 2997 1449 3048 est
1493 2990 1718 3049 bonum
1765 2991 2108 3050 charitatis:
2164 3003 2237 3046 ex
2270 2985 2358 3042 his
2390 2975 2512 3035 idea

421 3083 663 3142 formari
710 3090 914 3160 potest
964 3087 1038 3147 de
1073 3089 1312 3149 homine
1348 3090 1693 3164 Ecclesiae,
1750 3090 1945 3165 qualis
1981 3091 2085 3150 ille
2122 3093 2243 3160 est,
2297 3072 2509 3158 quando

422 3183 585 3258 apud
631 3184 795 3242 illum
857 3188 1174 3262 conjuncta
1235 3198 1328 3248 est
1374 3191 1555 3250 Fides
1602 3190 1917 3260 Charitati,
1971 3189 2133 3267 quod
2180 3189 2397 3257 'nempe
2440 3173 2507 3230 Sit

215 3278 382 3341 [279]
421 3285 578 3342 sicut
625 3283 834 3344 hortus
882 3295 943 3344 et
976 3288 1323 3366 paradisus3
1380 3298 1439 3351 et
1474 3291 1668 3368 qualis
1702 3291 1832 3364 ille,
1888 3291 2127 3368 quando
2170 3282 2327 3363 apud
2358 3275 2503 3338 illum

417 3402 538 3442 non
573 3385 890 3462 conjuncta
926 3395 1018 3447 est
1063 3389 1212 3448 fides
1249 3391 1548 3466 charitati,
1606 3392 1765 3468 quod
1813 3394 1893 3450 sit
1940 3393 2099 3452 sicut
2132 3389 2417 3448 desertum
2450 3378 2501 3426 ⁰⁸

417 3492 580 3546 terra
614 3488 748 3546 nive
785 3486 1042 3550 obtecta.

576 3589 738 3646 252.
794 3588 870 3646 Et
905 3591 1170 3649 coenabo
1207 3609 1340 3649 cum
1379 3591 1482 3649 ilio
1501 3637 1518 3666 ,
1572 3599 1634 3651 et
1682 3593 1785 3652 ille
1822 3593 2088 3667 Mecum,
2144 3583 2297 3665 quod
2328 3571 2491 3651 ‘ligni'

415 3686 556 3746 ficet
591 3693 1180 3750 communicationem
1227 3708 1361 3750 cum
1410 3695 1497 3752 eis
1544 3693 1899 3752 felicitatum
1934 3693 2115 3763 coeli,
2167 3683 2387 3746 constat
2429 3685 2493 3728 ox

418 3789 848 3864 significatione
879 3808 1153 3866 coenare,
1195 3792 1355 3868 quod
1387 3795 1465 3850 sit
1500 3796 1935 3852 communicare
1961 3795 2116 3852 bona
2140 3784 2317 3854 coeli3
2352 3763 2487 3848 ΨΦ(1

414 3905 670 3948 coenare
718 3892 798 3948 sit
830 3891 936 3950 illa
969 3895 1439 3968 communicare,
1497 3901 1590 3952 est
1640 3897 1784 3970 quia
1828 3892 2315 3954 comessationes,
2358 3885 2485 3930 con-

413 3989 606 4056 vivia,
656 3991 910 4062 prandia
955 3998 1014 4050 et
1049 4009 1272 4052 coenae
1323 3996 1386 4052 in
1420 3993 1624 4052 Verbo
1672 3995 2010 4072 significant
2052 3977 2483 4052 consociationffi

412 4100 524 4155 Pffl·
587 4100 877 4162 amorem,
959 4097 1019 4150 et
1077 4093 1215 4151 inde
1265 4096 1861 4154 communicationem
1912 4089 2303 4172 jucundorum
2354 4077 2487 4175 ‘1⁰3³‘

417 4180 673 4252 a¹¹¹⁰¹iss>
728 4199 866 4244 nam
903 4193 1100 4249 omnia
1125 4193 1397 4268 jucunda
1431 4200 1569 4253 sunt
1604 4191 1859 4255 amoris:
1914 4193 2157 4254 trahunt
2196 4181 2293 4244 illa
2322 4173 2485 4244 Sissm‘
