2700 4792
300 357 540 418 CAPUT
577 357 916 416 TERTIUM.
1659 357 1873 416 VEB&
1917 369 2007 424 14.
2188 371 2297 426 381

185 519 352 579 ribus
421 525 874 580 controversum
933 523 1052 592 est,
1119 517 1262 594 quid
1305 519 1565 595 primum
1609 519 1920 580 Ecclesiae
1975 525 2101 594 est,
2157 539 2300 581 num

183 619 366 680 Fides
403 619 508 679 vel
539 637 682 678 num
719 617 996 679 Charitas
1015 661 1034 694 ,
1072 624 1134 677 et
1165 615 1254 678 illi
1287 621 1391 695 qui
1422 620 1807 680 nesciverunt
1841 619 1985 698 quid
2018 618 2297 698 charitas,

185 720 468 780 dixerunt
503 736 642 778 esse
676 718 915 793 Fidem,
965 725 1028 778 at
1063 719 1166 794 qui
1193 719 1499 780 sciverunt
1546 719 1689 795 quid
1728 720 1988 779 charitas
2024 721 2303 782 dixerunt

185 837 322 880 esse
354 819 744 893 CharItatem,
783 835 854 878 ac
883 817 1062 878 fidem
1097 834 1234 878 esse
1261 818 1615 881 charitatem
1642 821 1839 897 quoad
1866 824 2297 898 apparentiam,

183 921 470 998 quoniam
503 919 742 978 affectio
779 918 1086 978 charitatis
1139 935 1441 995 apparens
1478 919 1555 978 ad
1589 921 1783 978 visum
1830 923 1893 978 in
1939 923 2299 998 cogitatione

184 1027 272 1080 est
305 1019 496 1094 fides,
545 1019 882 1098 jucundum
929 1020 1084 1077 enim
1135 1017 1463 1080 affectionis
1502 1035 1637 1078 cum
1670 1021 1885 1078 transit
1920 1037 1957 1078 a
1990 1021 2301 1080 voluntate

180 1123 238 1180 in
271 1121 702 1197 cogitationem
741 1136 810 1178 se
845 1118 1090 1194 format,
1131 1134 1202 1176 ac
1238 1121 1299 1177 in
1332 1120 1515 1178 variis
1550 1118 1753 1178 formis
1790 1136 1857 1179 se
1893 1122 2051 1180 sistit
2082 1121 2297 1180 viden-

179 1221 351 1280 dum:
415 1219 534 1279 hoc
580 1236 700 1279 non
749 1221 1059 1281 sciverunt
1105 1217 1408 1296 simplices
1425 1262 1444 1293 ,
1516 1235 1703 1294 quare
1766 1222 2149 1296 arripuerunt
2184 1238 2295 1297 pro

176 1323 372 1398 primo
407 1319 722 1380 Ecclesiae
759 1319 918 1396 quod
953 1335 1154 1379 coram
1178 1321 1314 1378 visu
1351 1319 1727 1394 cogitationis
1757 1336 1960 1378 eorum
1987 1322 2295 1397 apparuit3

182 1427 238 1480 ct
272 1423 426 1498 quia
460 1420 728 1480 Verbum
763 1422 826 1478 in
858 1420 1036 1479 litera
1069 1425 1163 1478 est
1195 1418 1526 1478 secundum
1562 1422 1971 1496 apparentias,
2008 1421 2144 1480 ideo
2180 1420 2295 1480 hoc

178 1527 438 1580 vocatur
472 1519 558 1578 ibi
589 1522 842 1598 primum
861 1565 880 1590 ,
928 1520 1314 1597 principium,
1364 1524 1425 1578 ct
1470 1521 1947 1596 primogenitum.
2015 1519 2109 1582 Ob
2143 1519 2297 1579 hanc

182 1639 434 1681 causam
471 1619 724 1696 Petrus,
775 1639 889 1698 per
923 1637 1100 1696 quem
1134 1625 1592 1696 repraesentata
1628 1627 1720 1680 est
1751 1619 1931 1679 Fides
1966 1621 2295 1695 Ecclesiae,

181 1723 376 1783 dictus
428 1727 524 1780 est
568 1723 806 1782 Primus
850 1720 1311 1796 Apostolorum,
1376 1737 1513 1779 cum
1561 1728 1761 1780 tamen
1796 1721 1835 1780 J
1840 1719 2105 1781 ohannes
2169 1726 2299 1780 erat

177 1825 445 1900 primus,
500 1825 779 1897 quoniam
826 1839 938 1899 per
969 1816 1310 1880 Johannem
1356 1829 1876 1896 repraesentatum
1938 1829 2031 1883 est
2076 1821 2299 1881 bonum

183 1923 522 1997 charitatis3
561 1923 722 2002 qnod
755 1940 872 1982 non
904 1922 1128 1982 Petrus
1163 1921 1272 1980 sed
1298 1920 1609 1982 Johannes
1662 1929 1825 1982 esset
1858 1926 2085 2000 primus
2129 1922 2301 2000 Apo-

180 2024 504 2099 stolorum,
565 2029 736 2100 patet
785 2040 860 2082 ex·
911 2039 982 2080 eo
1031 2021 1191 2098 quod
1224 2021 1535 2082 Johannes
1576 2021 1925 2082 accubuerit
1969 2023 2047 2082 ad
2079 2029 2295 2100 pectus

180 2125 452 2198 Domini,
494 2130 556 2184 et
593 2123 752 2200 quod
785 2128 1077 2199 sequutus
1113 2123 1193 2180 sit
1225 2123 1552 2181 Dominum
1588 2128 1649 2182 et
1681 2139 1800 2180 non
1833 2123 2049 2182 Petrus
2072 2167 2091 2199 ,
2142 2121 2299 2183 Joh:

179 2222 367 2286 XXI:
412 2227 527 2284 20.
571 2226 683 2284 21.
739 2227 864 2282 221
921 2221 1080 2300 quod
1139 2238 1252 2298 per
1299 2222 1613 2280 duodecim
1658 2221 2005 2299 Discipulos
2058 2223 2303 2284 Domini

181 2331 642 2401 repraesentata
673 2323 892 2383 fuerint
928 2324 1126 2383 omnia
1160 2321 1325 2384 Vera
1363 2328 1423 2381 et
1455 2322 1627 2381 Bona
1661 2319 1989 2398 Ecclesiae,
2026 2324 2303 2382 videatur

181 2425 269 2484 112'
297 2427 510 2484 2129.
555 2426 769 2485 3354.
814 2425 1024 2510 3488.
1071 2425 1281 2484 3858.
1329 2425 1552 2484 63971
1590 2421 1751 2499 quod
1775 2440 1889 2499 per
1912 2423 2163 2482 Petrum
2197 2440 2296 2482 re..

181 2528 572 2599 praesentata
604 2527 684 2610 sit
708 2523 906 2598 Fides,
945 2543 1004 2582 n:
1037 2525 1252 2583 4738.
1290 2524 1501 2584 6000.
1536 2523 1746 2583 6073.
1784 2523 2289 2584 6344..10087.

188 2625 222 2681 1
244 2623 472 2683 0580:
523 2631 580 2684 et
627 2625 789 2702 quod
832 2641 944 2700 per
984 2622 1326 2684 Johannem
1374 2628 1894 2699 repraesentatum
1953 2623 2031 2681 sit
2064 2621 2297 2680 Bonum

183 2722 539 2800 Chai-itatis,
623 2743 692 2784 n:
749 2725 960 2784 3934.
1017 2725 1227 2783 6073.
1289 2726 1550 2784 10087.
1641 2721 1733 2784 Ob
1802 2721 2052 2783 eandem
2114 2723 2295 2780 etiam

181 2839 426 2883 causam
461 2842 574 2900 per
605 2825 948 2898 Rubenem,
986 2825 1126 2901 quia
1159 2824 1591 2901 primogenitus
1625 2822 1876 2882 filiorum
1913 2821 2131 2883 Jacobi
2164 2821 2295 2890 fuit,

179 2931 636 3000 repraesentata
671 2931 762 2984 est
795 2924 1006 2994 Fides,
1054 2929 1116 2983 et
1149 2924 1441 2984 creditum
1478 2923 1637 3000 quod
1673 2923 1890 2984 Tribus
1928 2923 2005 2982 ab
2038 2922 2143 2982 illo
2178 2938 2291 2980 110-

177 3027 405 3084 minata
453 3031 616 3085 esset
659 3028 883 3102 prima,
928 3024 1041 3084 sed
1083 3040 1279 3101 usque
1330 3041 1451 3084 non
1495 3022 1602 3083 illa
1637 3024 1854 3084 Tribus
1906 3029 2035 3083 erat
2080 3024 2293 3100 prima,

175 3141 386 3184 verum
441 3124 660 3184 Tribus
707 3125 886 3198 Levi,
918 3171 920 3174 >
953 3127 1232 3201 quoniam
1278 3141 1394 3202 per
1430 3123 1580 3182 Levi
1638 3131 2154 3201 repraesentatum
2205 3128 2299 3182 est

174 3221 406 3283 Bonum
447 3223 766 3285 Char-itatis
785 3269 802 3300 ,
863 3243 1050 3302 quare
1089 3225 1268 3284 etiam
1301 3225 1465 3284 haec·
1493 3225 1712 3284 Tribus
1769 3225 1929 3286 facta
1964 3231 2059 3286 est
2093 3241 2300 3285 sacer-

176 3323 430 3399 dotium,
469 3342 540 3384 ac
573 3326 976 3386 sacerdotium
1011 3331 1109 3385 est
1141 3327 1403 3403 primum
1432 3324 1775 3386 Ecclesiae:
1815 3327 1972 3402 quod
2005 3346 2115 3402 per
2146 3326 2297 3384 duo-

179 3422 366 3483 decim
415 3424 572 3486 111103
621 3425 840 3486 Jacobi
887 3443 1000 3485 seu
1041 3443 1156 3503 per
1195 3425 1514 3486 duodecim
1565 3427 1785 3486 Tribus
1829 3426 1904 3485 ab
1942 3426 2061 3484 illis
2102 3425 2295 3482 nomi-

173 3531 343 3585 natas
396 3533 852 3603 repraesentata
905 3527 1128 3585 fuerint
1183 3527 1387 3586 omnia
1434 3526 1600 3586 Vera
1650 3531 1711 3585 et
1763 3525 1933 3584 Bona
1964 3521 2295 3597 Ecclesiae,
2386 3566 2391 3572 .

174 3625 453 3684 videatur
527 3645 599 3686 n:
678 3629 892 3688 3858.
963 3628 1173 3687 3926.
1239 3627 1454 3686 4060.
1525 3625 1733 3684 6335.
1807 3624 2016 3682 7836.
2083 3623 2294 3680 7891.

182 3727 404 3787 79961
444 3727 602 3803 quod
635 3743 746 3804 per
781 3727 1091 3788 Rubenem
1125 3729 1583 3804 repraesentata
1622 3727 1701 3782 sit
1724 3722 1925 3796 Fides,
1964 3741 2034 3782 n:
2079 3720 2291 3782 3861.

180 3825 392 3885 3866.
454 3829 666 3888 4605.
733 3831 946 3888 4731.
1006 3828 1219 3887 4734.
1289 3825 1504 3885 4761.
1571 3825 1755 3884 6342
1810 3821 1887 3880 ad
1946 3823 2171 3883 6345:
2236 3829 2297 3881 et

175 3924 331 3999 quod
364 3943 480 4003 per
503 3927 656 3990 Levi
677 3933 1198 4005 repraesentatum
1233 3929 1313 3986 sit
1346 3926 1571 3985 bonum
1606 3923 1932 3994 charitatiS,
1967 3941 2037 3982 n:
2076 3923 2209 3982 387
2228 3925 2286 3982 5.
2334 3934 2496 4002 [240]

176 4025 391 4086 4497.
449 4028 666 4088 4502.
712 4029 928 4090 4503.
1009 4027 1102 4088 Ob
1159 4026 1413 4087 eandem
1466 4041 1713 4084 causam
1748 4025 1929 4083 etiam
1966 4029 2087 4100 est,
2144 4022 2301 4100 quod
2376 4020 2381 4025 ’

174 4123 229 4181 in
281 4125 486 4187 Primo
543 4127 757 4207 Capite
812 4129 1124 4190 Geneseos
1137 4173 1156 4204 ,
1208 4126 1312 4187 ubi
1370 4129 1564 4204 agitur
1614 4129 1676 4184 in
1732 4139 1920 4184 sensu
1964 4125 2175 4185 literae
2226 4123 2301 4184 de

174 4229 472 4290 creatione
537 4229 704 4294 Coeli
767 4237 826 4292 et
877 4229 1135 4305 Terrae,
1199 4227 1312 4288 sed
1368 4230 1429 4288 in
1492 4243 1681 4287 sensu
1727 4227 1960 4286 interno
2016 4225 2092 4284 de
2142 4241 2327 4286 nova,
