2700 4792
451 362 562 416 426
697 405 704 414 ,
753 348 1242 407 APOCALYPSIS
1284 349 1727 406 EXPLICATA.
1812 348 1861 416 Β.
1904 357 2035 442 292.
2098 356 2230 412 253.

447 512 618 588 virgo
652 507 1102 586 Hierosolyma,
1141 514 1202 568 et
1237 507 1399 584 quod
1432 509 1495 566 in
1532 503 1917 582 Apocalypsi
1952 505 2203 579 dicatur,
2258 505 2417 582 quod
2444 509 2561 566 vir-

447 612 618 688 gines
653 615 982 686 sequantur
1015 611 1289 686 Agnum3
1344 624 1457 686 per
1502 607 1819 682 lampadas
1836 649 1853 681 ,
1914 623 2071 683 quas
2117 613 2475 683 acceperunt
2504 612 2565 665 ut

451 712 682 770 exirent
737 711 802 768 in
863 727 1182 770 occursum
1243 709 1483 785 sponsi,
1552 705 1972 788 significantur
2033 723 2185 766 vera
2241 706 2407 781 fidei,
2461 724 2563 782 per

450 825 740 888 sponsum
775 811 1126 888 int-elligitur
1149 809 1443 868 Dominus
1472 806 1673 884 quoad
1708 801 2199 884 conjunctionem
2236 823 2371 868 oum
2398 805 2561 866 Coelo

449 917 512 974 et
545 908 822 970 Ecclesia
855 927 966 987 per
1002 927 1264 970 amorem
1301 915 1361 968 et
1394 908 1569 968 fidem
1590 947 1607 977 ‚
1642 909 1841 984 agitur
1880 909 2045 966 enim
2082 907 2157 966 de
2194 907 2429 983 nuptii3‚
2462 922 2560 981 per

449 1026 604 1094 quas
639 1010 1008 1087 significatur
1066 1009 1174 1070 illa
1208 1010 1583 1085 conjunctim
1638 1025 1749 1084 per
1796 1008 2073 1084 quinque
2120 1009 2381 1083 virgines
2424 1023 2552 1082 pru-

449 1109 662 1170 dentes
697 1117 760 1170 et
792 1128 902 1186 per
937 1113 1198 1187 quinque
1231 1110 1429 1168 famas
1466 1108 1880 1185 significantur
1914 1107 2006 1166 illi
2057 1106 2137 1165 ab
2171 1105 2439 1166 Ecclesia
2470 1105 2555 1180 qui

445 1211 510 1270 in
540 1209 658 1268 fide
693 1217 834 1270 sunt
868 1229 945 1270 ex
980 1217 1214 1280 amore,
1267 1215 1328 1268 et
1364 1210 1469 1286 qui
1498 1211 1561 1268 in
1594 1208 1711 1268 fide
1748 1214 1893 1266 sunt
1930 1207 2169 1289 absque
2204 1223 2431 1276 amore,
2479 1206 2552 1262 si-

447 1309 667 1371 militer
702 1327 774 1370 ae
809 1328 921 1387 per
953 1309 1280 1387 prudentes
1329 1315 1391 1369 et
1434 1309 1633 1370 fatuos
1669 1307 1900 1366 Matth:
1937 1306 2095 1368 VII:
2140 1309 2252 1365 24.
2296 1308 2407 1380 263
2458 1319 2553 1379 per

447 1410 708 1470 mediam
741 1417 1006 1485 noctem,
1061 1427 1184 1487 qua
1229 1409 1453 1470 elamor
1504 1414 1670 1468 ortus
1708 1412 1836 1481 est,
1895 1407 2270 1484 significatur
2302 1403 2550 1462 ultimum

437 1510 760 1588 judicium,
817 1517 880 1570 et
924 1513 984 1569 in
1019 1527 1243 1588 genere
1274 1509 1553 1570 ultimum
1586 1510 1749 1568 vitae
1782 1506 2049 1570 hominis
2062 1551 2081 1582 ,
2140 1504 2371 1584 qnando
2397 1500 2546 1581 judi-

447 1611 681 1672 cabitur
722 1610 824 1670 vel
869 1611 946 1670 ad
983 1609 1230 1672 Coelum
1292 1609 1393 1670 vel
1440 1609 1519 1668 ad
1568 1608 1907 1683 Infernum3
1966 1607 2130 1686 quod
2178 1612 2318 1666 tunc
2366 1605 2547 1662 fatuae

445 1710 704 1769 dixerint
761 1711 838 1770 ad
873 1710 1232 1787 prudenteS,
1292 1717 1361 1770 ut
1394 1710 1607 1770 darent
1653 1708 1771 1768 illis
1810 1726 1890 1768 ex
1927 1708 2067 1768 oleo
2112 1723 2260 1776 suo,
2317 1710 2375 1762 et
2407 1698 2547 1778 quod

445 1809 774 1887 prudentes
807 1810 1226 1887 responderint
1263 1810 1427 1888 quod·
1456 1812 1613 1870 irent
1646 1808 1725 1868 ad
1749 1807 1889 1870 illos
1928 1811 2035 1887 qui
2059 1807 2343 1873 vendunt,
2375 1802 2541 1879 signi-

446 1911 661 1970 ficatur
697 1918 894 1970 status
929 1912 1192 1970 omnium
1225 1918 1370 1988 post
1404 1916 1686 1984 mortem,
1726 1911 1891 1986 quod
1930 1909 2023 1969 illi
2058 1911 2163 1985 qui
2196 1922 2312 1964 non
2344 1902 2543 1962 habent

446 2010 668 2072 bonum
706 2013 924 2070 amoris
976 2013 1037 2068 in
1071 2010 1187 2070 fide
1239 2027 1350 2070 seu
1386 2029 1597 2070 verum
1630 2009 1772 2070 fidei
1808 2028 1884 2070 ex
1923 2010 2084 2070 bono
2122 2007 2367 2079 amoris,
2420 2008 2543 2060 tunc

442 2112 630 2172 velint
673 2127 1024 2188 comparare
1073 2111 1214 2184 sibi,
1271 2111 1382 2170 sed
1429 2112 1679 2185 frustra,
1736 2112 1878 2188 quia
1936 2109 2137 2188 qualis
2180 2109 2304 2167 vita
2343 2098 2540 2164 homini

441 2213 556 2275 suit
587 2213 647 2268 in
682 2212 932 2284 mundo,
967 2213 1106 2271 talis
1137 2217 1369 2272 manet:
1422 2211 1560 2270 inde
1600 2228 1755 2271 nunc
1780 2217 1991 2287 patet,
2028 2209 2175 2287 quid
2203 2205 2539 2283 significatur

439 2330 552 2390 per
595 2311 757 2387 quod
799 2313 1128 2389 prudentes
1162 2313 1535 2372 introiverint
1579 2315 1639 2370 in
1685 2313 1961 2388 nuptias,
2018 2319 2079 2371 et
2124 2307 2281 2386 quod
2328 2306 2527 2368 fatuae,

445 2413 714 2478 dicentes
762 2413 1047 2488 Domine,
1086 2414 1374 2485 Domine,
1438 2415 1609 2489 aperi
1643 2412 1845 2487 nobis,
1902 2425 2266 2488 responsum
2298 2401 2529 2467 tulerint,

441 2531 619 2573 amen
653 2513 786 2573 dico
819 2515 992 2574 vobis
1027 2531 1148 2572 non
1182 2515 1321 2571 novi
1354 2529 1499 2586 vos;
1552 2529 1664 2589 per
1698 2529 1817 2572 non
1850 2516 2000 2572 novi
2031 2527 2163 2580 v08,
2198 2503 2531 2584 significatur

441 2614 604 2692 quod
637 2613 934 2674 Domuus
967 2614 1088 2674 illis
1123 2629 1243 2674 non
1278 2614 1629 2690 conjunctus
1664 2615 1777 2687 sit,
1833 2629 2009 2673 amor
2044 2613 2199 2672 eni-m
2232 2596 2529 2684 spiritualis

439 2716 768 2792 eonjungit,
809 2722 868 2775 et
903 2733 1020 2775 non
1055 2714 1204 2773 fides
1243 2713 1473 2789 absque
1510 2730 1731 2787 amore,
1771 2713 2069 2773 Dominus
2106 2713 2260 2770 enim
2290 2699 2527 2763 mansio-

440 2831 579 2874 nem
611 2815 796 2876 habet
829 2815 991 2894 apud
1025 2813 1186 2874 illos,
1213 2816 1315 2890 qui
1347 2815 1409 2872 in
1444 2830 1647 2872 amore
1700 2819 1760 2873 et
1804 2812 1946 2873 inde
1981 2811 2099 2872 fide
2134 2814 2297 2879 sunt,
2348 2807 2403 2862 et
2430 2797 2525 2856 hos

441 2916 608 2974 novit
641 2918 782 2990 quia
814 2916 956 2991 Ip'se
991 2915 1074 2974 ibi
1111 2922 1221 2974 est.

598 3014 760 3072 253.
828 3014 1091 3074 Vincens
1138 3015 1292 3073 dabo
1340 3017 1401 3073 ei
1446 3014 1662 3074 sedere
1710 3015 1951 3074 Mecum
1995 3017 2058 3072 in
2106 3011 2337 3072 Throno
2384 3009 2516 3064 meo,

440 3111 601 3189 quod
637 3113 932 3188 significet
967 3116 1068 3190 qui
1103 3122 1246 3174 tune
1280 3123 1595 3191 permanet
1628 3115 1707 3175 ad
1740 3115 1917 3174 finem
1954 3117 2117 3174 vitae
2137 3155 2155 3184 ,
2208 3103 2360 3184 quod
2392 3110 2517 3156 oon·-

430 3212 680 3288 junctus
718 3215 832 3271 erit
869 3212 1053 3272 Coelo
1089 3214 1193 3273 ubi
1224 3215 1537 3287 Dominus,
1574 3220 1809 3276 constat
1844 3233 1917 3274 ex
1955 3211 2374 3292 significatione
2400 3198 2513 3255 vin·

441 3329 612 3383 cere,
667 3313 826 3388 quod
873 3316 951 3372 sit
984 3330 1334 3390 permanere
1384 3317 1447 3373 in
1480 3315 1794 3375 affectione
1832 3319 1963 3376 veri
2010 3306 2303 3391 spirituali
2347 3305 2514 3372 usq¹¹⁰

439 3413 519 3473 ad
551 3411 728 3490 finem
765 3415 953 3486 vitae,
1006 3415 1080 3474 de
1118 3432 1238 3491 qua
1271 3432 1457 3492 supra
1492 3435 1561 3476 n:
1608 3419 1766 3489 128,
1804 3416 1901 3475 hio
1936 3432 2081 3476 vero
2118 3416 2181 3472 in
2214 3409 2367 3468 statu
2394 3389 2512 3456 fidei

439 3531 518 3578 ex
549 3513 871 3590 charitate,
924 3517 1064 3593 quia
1123 3515 1196 3574 de
1241 3515 1348 3574 illa
1396 3519 1621 3592 agitur3
1677 3514 1837 3592 quod
1868 3518 2111 3576 vincere
2144 3510 2206 3570 id
2236 3493 2511 3581 significssss

439 3623 534 3676 est
569 3617 710 3691 quia
745 3615 950 3692 homo,
993 3616 1280 3694 quamdiu
1316 3617 1467 3678 vivit
1498 3620 1561 3675 in
1594 3616 1848 3691 mundo,
1882 3619 1945 3675 in
1976 3628 2181 3694 pugna
2213 3611 2303 3668 est
2334 3597 2509 3658 eontra

437 3714 600 3774 mala
646 3722 708 3774 et
740 3717 878 3776 inde
913 3717 1070 3776 salsa
1115 3733 1272 3794 quae
1317 3716 1479 3792 apud
1512 3717 1713 3788 illum,
1768 3723 1829 3776 et
1864 3720 1967 3793 qui
1997 3720 2059 3774 in
2090 3723 2287 3790 pugna
2332 3701 2415 3760 ⁰8ss
2457 3691 2509 3746 ⁰³

437 3823 750 3892 permanet
781 3820 844 3876 in
877 3818 994 3877 fide
1032 3818 1338 3877 charitatis
1374 3833 1566 3894 usque
1603 3818 1681 3876 ad
1712 3817 1893 3876 finem
1925 3821 2117 3886 vitae,
2149 3813 2199 3868 is
2234 3798 2422 3867 vineit,
2456 3788 2505 3844 θ*

437 3918 542 3992 qui
574 3918 636 3975 in
671 3918 888 3977 mundo
919 3920 1102 3978 vineit
1133 3921 1185 3976 is
1220 3919 1406 3976 vineit
1438 3919 1499 3976 in
1528 3925 1865 3990 aeternum,
1904 3919 2179 4002 quoniam
2202 3908 2365 3967 homo
2384 3887 2505 3970 Ροίῖβι

434 4022 688 4072 mortem
733 4017 870 4076 talis
907 4024 1002 4078 est
1049 4018 1244 4094 qualis
1279 4018 1479 4093 fuerat
1522 4019 1720 4094 quoad
1755 4021 1940 4078 vitam
1975 4021 2035 4078 in
2072 4007 2305 4078 mund03
2356 3997 2409 4054 et
2436 3997 2500 4044 ⁶¹

435 4111 864 4182 significatione
913 4116 1128 4177 sedere
1163 4119 1400 4179 Mecum
1448 4120 1511 4177 in
1567 4119 1809 4179 Throno
1859 4137 2021 4194 meo,
2076 4109 2229 4191 quod
2268 4103 2343 4162 Sit
2372 4101 2495 4196 ⁰⁰¹?

427 4207 676 4281 junctus
718 4225 854 4270 esse
892 4212 1076 4274 Coelo
1125 4218 1226 4276 ubi
1275 4219 1604 4290 Dominus,
1657 4237 1768 4296 per
1806 4219 2107 4280 Thronum
2148 4209 2293 4274 enim
2334 4195 2493 4266 sign?
