2700 4792
360 325 592 382 cAPUT
630 323 972 384 TERTIUM.
1720 322 1937 382 VERSz
2000 336 2055 390 3.
2212 339 2322 394 279

219 487 346 564 quia
379 493 479 546 est
508 501 750 566 verum,
794 483 1051 561 proinde
1081 485 1180 561 qui
1217 485 1277 544 in
1313 483 1627 546 affectione
1663 485 1791 544 veri
1826 487 2129 563 spirituali
2162 496 2320 565 sunt,

215 605 277 646 n:
321 587 536 646 8521.
615 584 796 662 Quod
831 584 936 643 lux
971 584 1433 644 confirmationis
1484 585 1565 643 sit
1598 584 1703 644 lux
1736 587 2057 658 naturam,
2110 595 2171 648 et
2205 607 2325 650 non

217 686 564 764 spirituali8‚
619 685 836 746 dabilis
875 687 1056 744 etiam
1093 684 1255 762 apud
1290 683 1515 759 maloS,
1568 703 1639 743 n:
1685 687 1896 746 8780.

357 791 386 846 l
406 789 520 846 91.
590 787 668 846 Et
700 787 1009 862 resipisce,
1061 786 1221 862 quod
1253 784 1551 862 significet
1584 787 1675 845 sic
1704 788 1889 846 vitam
1924 787 2315 866 spiritualem,

219 891 434 946 constat
471 903 549 946 ex
581 886 701 946 illis
739 903 894 962 quae
929 903 1088 947 nunc
1123 902 1314 962 supra
1345 885 1507 946 dicta
1542 893 1717 957 sunt,
1767 890 1853 947 ita
1888 887 2117 964 absque
2154 890 2315 953 ulte-

215 989 352 1048 riore
387 987 808 1064 explicatione.

358 1090 522 1146 192.
606 1086 672 1148 Si
729 1104 872 1162 ergo
937 1104 1056 1146 non
1115 1086 1709 1163 vigilaveri8‚‚quod
1758 1087 2052 1162 significet
2098 1089 2151 1146 si
2198 1107 2315 1148 non

215 1189 382 1246 vitam
419 1187 796 1264 spiritualem
831 1203 1162 1264 compares,
1201 1192 1439 1246 constat
1476 1205 1550 1246 ex
1586 1186 2017 1262 significatione
2042 1188 2311 1264 vigilare,

211 1287 362 1363 quod
419 1289 502 1346 sit
561 1289 746 1347 vitam
792 1287 1169 1364 spiritualem
1215 1287 1332 1346 sibi
1380 1304 1761 1363 comparare,
1822 1286 1903 1369 „de
1954 1303 2075 1364 qua
2127 1305 2315 1366 supra

209 1405 275 1447 n:
317 1392 345 1447 l
366 1390 452 1447 87
465 1433 478 1446 .

359 1491 524 1548 193.
615 1487 872 1550 Veniam
933 1506 1122 1565 super
1170 1495 1228 1548 te
1277 1493 1559 1564 tanquam
1606 1488 1729 1566 sur,
1804 1487 1965 1564 quod
2022 1489 2314 1565 significet

204 1591 408 1650 mortis
456 1595 696 1665 tempus
751 1590 1122 1664 inopinatum
1179 1588 1417 1664 quando
1468 1590 1795 1663 eripientur
1844 1605 2051 1650 omnes
2101 1592 2310 1666 cogni-

201 1692 394 1750 tiones
443 1695 826 1765 comparatae
893 1706 968 1750 ex
1015 1688 1252 1760 Verbo,
1319 1705 1475 1765 quae
1534 1705 1651 1746 non
1710 1688 2082 1766 spiritualem
2128 1693 2313 1748 vitam

207 1790 464 1868 adeptae
517 1795 690 1861 sunt,
739 1796 972 1850 constat
1019 1807 1092 1848 ex
1128 1787 1561 1866 significatione
1614 1791 2154 1874 venire,tanquam
2198 1791 2309 1865 sur,

203 1908 336 1951 cum
383 1889 458 1948 de
493 1889 612 1948 illis
665 1890 765 1966 qui
817 1906 936 1949 non
971 1889 1254 1966 vigilant,
1308 1888 1424 1948 hoc
1471 1895 1594 1960 cst,
1662 1891 1767 1968 qui
1810 1907 1927 1948 non
1966 1898 2315 1967 comparant

199 1990 316 2052 sibi
358 1992 548 2048 vitam
609 1989 1014 2066 spiritualem,
1078 1989 1238 2067 quod
1299 1991 1380 2048 sit
1431 1988 1591 2064 quod
1640 1991 2017 2050 auferrentur
2064 1992 2141 2049 ab
2192 1991 2311 2051 illis

199 2107 408 2150 omnes
464 2091 832 2165 cognitiones
895 2096 1278 2166 comparatae
1329 2108 1406 2149 ex
1454 2088 1687 2163 Verbo,
1757 2073 1913 2166 quae
1961 2109 2081 2151 non
2125 2093 2309 2167 spiri-

197 2191 424 2250 tualem
472 2192 656 2248 vitam
715 2189 972 2266 adeptae
1023 2197 1196 2248 sunt:
1253 2189 1414 2267 quod
1466 2191 1643 2248 etiam
1706 2209 1817 2267 per
1864 2189 2075 2250 eadem
2126 2191 2313 2250 verba

199 2290 572 2369 significetur
615 2292 820 2350 mortis
871 2296 1108 2367 tempus
1155 2291 1555 2367 inopinatum,
1612 2296 1705 2350 est
1753 2293 1897 2374 quia
1948 2307 2109 2350 mors
2145 2292 2313 2350 venit

197 2394 539 2468 inopinato,
595 2397 658 2450 ot
691 2406 884 2468 usque
931 2389 1110 2450 homo
1163 2397 1302 2467 post
1339 2397 1589 2450 mortem
1624 2397 1825 2449 manet
1858 2391 1921 2449 in
1954 2396 2117 2450 statu
2150 2391 2315 2450 illius

187 2495 368 2574 *vitae
413 2493 480 2549 in
521 2498 830 2550 aeternum
848 2535 864 2565 ,
922 2508 1100 2566 quam
1159 2491 1274 2549 sibi
1323 2493 1387 2547 in
1430 2490 1651 2550 mundo
1702 2492 2103 2566 comparavit,
2154 2508 2310 2567 qua-

203 2599 462 2668 propter
486 2591 768 2668 vigilabit.
826 2591 982 2666 Quia
1015 2594 1230 2667 paucis
1267 2597 1473 2650 notum
1502 2597 1625 2663 est,
1662 2591 1820 2667 quod
1854 2607 2059 2648 omnes
2097 2593 2312 2665 cogni-

200 2694 393 2750 tiones
458 2699 841 2768 comparatae
893 2707 968 2750 ex
1015 2691 1250 2765 Verb0‚
1315 2709 1473 2769 quae
1532 2709 1651 2749 non
1708 2688 2082 2767 spiritualem
2130 2692 2313 2748 vitam

195 2793 458 2868 adeptae
497 2799 662 2865 sunt,
719 2793 1064 2868 eripiantur,
1117 2792 1252 2852 ideo
1301 2797 1539 2869 oportet
1584 2792 1698 2850 dici
1734 2790 2028 2868 quomodo
2062 2788 2177 2848 hoc
2212 2789 2313 2856 fit;

198 2898 395 2954 omnia
449 2909 606 2968 quae
651 2894 713 2950 in
761 2893 976 2968 spiritu
1027 2892 1284 2952 hominis
1333 2899 1503 2967 sunt,
1558 2899 1801 2950 manent
1844 2890 2007 2968 apud
2049 2891 2315 2951 illumin

197 3001 548 3062 aeternum,
600 3010 754 3068 quae
791 3001 990 3050 autem
1029 3009 1146 3050 non
1181 2995 1239 3050 in
1275 2995 1493 3068 spiritu
1526 2993 1779 3052 hominis
1813 2998 1987 3064 sunt,
2038 2991 2143 3052 illa
2175 2997 2316 3067 post

198 3102 476 3162 mortem,
528 3110 662 3154 cum
708 3093 885 3151 homo
935 3091 1000 3150 fit
1035 3095 1310 3168 spiritus,
1365 3092 1762 3170 dissipantur:
1826 3092 1934 3152 illa
1966 3100 2209 3151 manent
2252 3095 2317 3150 in

195 3196 416 3269 spiritu
462 3193 714 3254 hominis
766 3209 920 3268 quae
969 3191 1148 3252 homo
1207 3211 1282 3252 ex
1330 3210 1435 3266 se,
1489 3194 1737 3269 proinde
1790 3193 1923 3267 illa,
1979 3210 2135 3270 quae
2180 3209 2316 3251 cum

201 3293 364 3354 solus
413 3294 532 3352 sibi
575 3295 714 3368 fuit,
769 3311 844 3352 ex
886 3309 1000 3352 suo
1051 3309 1252 3352 amore
1303 3295 1615 3369 cogitavit,
1671 3302 1811 3352 tunc
1866 3294 2021 3353 enim
2070 3295 2315 3369 spiritus

203 3392 334 3467 ejus
372 3396 595 3470 cogitat
631 3412 703 3454 ex
742 3409 845 3464 se,
899 3399 959 3454 et
993 3409 1113 3451 non
1149 3411 1224 3452 ex
1257 3395 1377 3452 illis
1427 3411 1581 3470 quae
1630 3397 1689 3454 in
1728 3395 2015 3453 memoria
2050 3393 2315 3467 corporis

195 3493 290 3550 sui
321 3512 452 3554 non
487 3511 668 3553 unum
717 3494 946 3553 faciunt
995 3511 1134 3554 cum
1169 3511 1371 3554 amore
1406 3509 1551 3553 suo:
1605 3502 1743 3554 sunt
1788 3495 1910 3552 bini
1956 3498 2153 3550 status
2198 3490 2315 3546 ho·-

194 3594 365 3654 minis
375 3640 396 3671 ,
459 3611 614 3653 unus
652 3610 786 3655 cum
823 3595 1046 3670 cogitat
1083 3611 1160 3655 ex
1193 3610 1304 3653 suo
1340 3595 1586 3671 spiritu,
1640 3601 1700 3652 et
1736 3593 1888 3652 alter
1918 3607 2055 3660 cum
2096 3590 2318 3665 cogitat

198 3705 268 3749 ex
325 3695 624 3755 memoria
685 3695 950 3770 corporis
1013 3695 1150 3769 sui3
1230 3695 1334 3772 qui
1392 3695 1516 3753 bini
1578 3698 1772 3750 status
1842 3692 1895 3748 si
1954 3706 2073 3748 non
2132 3706 2318 3746 unum

197 3789 425 3855 iaciunt
448 3839 462 3864 ‚
517 3800 718 3870 potest
764 3795 941 3854 homo
993 3794 1166 3854 aliter
1213 3796 1478 3870 cogitare
1530 3807 1767 3862 secum,
1822 3807 1893 3848 ac
1930 3788 2103 3848 aliter
2148 3786 2314 3862 cogi-

198 3894 321 3952 tare
361 3902 432 3954 et
463 3895 630 3971 loqui
667 3912 804 3956 cum
838 3895 1003 3969 aliis;
1057 3911 1166 3972 pro
1205 3893 1483 3970 exemplo
1520 3893 1601 3949 sit
1621 3933 1638 3961 ,
1691 3889 2077 3950 Praedicator
2112 3887 2215 3963 qui
2248 3901 2317 3945 se

202 3996 260 4048 et
292 3994 588 4057 mundum
623 3990 808 4072 supra
843 3995 1044 4054 omnia
1079 3999 1273 4065 amat,
1328 4000 1389 4052 et
1421 3987 1710 4050 Divinum
1747 3990 1914 4049 nihili
1951 3989 2094 4048 facit
2126 4004 2321 4064 usque

201 4096 264 4148 ut
299 4094 484 4154 corde
521 4100 703 4171 neget
739 4096 832 4168 id,
887 4101 945 4154 et
979 4099 1417 4172 consequenter
1451 4090 1824 4150 machinatur
1860 4091 2047 4150 omnis
2084 4090 2321 4168 generis

207 4192 364 4251 mala
412 4196 474 4252 in
511 4199 812 4282 consortio
851 4213 986 4255 cum
1023 4197 1238 4255 astutis
1292 4201 1354 4254 et
1386 4191 1699 4252 malitiosis
1736 4193 1971 4267 mundi,
2026 4192 2077 4250 is
2124 4197 2329 4249 tamen
