<?xml version="1.0" encoding="UTF-8"?>
<!DOCTYPE html PUBLIC "-//W3C//DTD XHTML 1.0 Transitional//EN"
    "http://www.w3.org/TR/xhtml1/DTD/xhtml1-transitional.dtd">
<html xmlns="http://www.w3.org/1999/xhtml" xml:lang="en" lang="en">
 <head>
  <title>
</title>
<meta http-equiv="Content-Type" content="text/html;charset=utf-8" />
  <meta name='ocr-system' content='tesseract 3.04.00' />
  <meta name='ocr-capabilities' content='ocr_page ocr_carea ocr_par ocr_line ocrx_word'/>
</head>
<body>
  <div class='ocr_page' id='page_1' title='image "./apocalypsisexpl01unkngoog_0108.png"; bbox 0 0 2700 4792; ppageno 0'>
   <div class='ocr_carea' id='block_1_1' title="bbox 357 308 2091 378">
    <p class='ocr_par' dir='ltr' id='par_1_1' title="bbox 357 308 2091 378">
     <span class='ocr_line' id='line_1_1' title="bbox 357 308 2091 378; baseline 0 -13"><span class='ocrx_word' id='word_1_1' title='bbox 357 319 466 374; x_wconf 73' lang='lat'><strong>104</strong></span> <span class='ocrx_word' id='word_1_2' title='bbox 721 308 1213 364; x_wconf 75' lang='lat' dir='ltr'>APOCALYPSIS</span> <span class='ocrx_word' id='word_1_3' title='bbox 1253 308 1693 368; x_wconf 77' lang='lat' dir='ltr'><strong>EXPLIGATA.</strong></span> <span class='ocrx_word' id='word_1_4' title='bbox 1754 309 1802 378; x_wconf 82' lang='lat'><strong>§.</strong></span> <span class='ocrx_word' id='word_1_5' title='bbox 1846 317 2091 370; x_wconf 76' lang='lat'><strong>87—90.</strong></span> 
     </span>
    </p>
   </div>
   <div class='ocr_carea' id='block_1_2' title="bbox 202 463 2579 4246">
    <p class='ocr_par' dir='ltr' id='par_1_2' title="bbox 353 463 2499 1243">
     <span class='ocr_line' id='line_1_2' title="bbox 355 463 2495 544; baseline 0 -18"><span class='ocrx_word' id='word_1_6' title='bbox 355 483 514 544; x_wconf 88' lang='lat' dir='ltr'><strong>quae</strong></span> <span class='ocrx_word' id='word_1_7' title='bbox 551 467 612 524; x_wconf 86' lang='lat' dir='ltr'><strong>iu</strong></span> <span class='ocrx_word' id='word_1_8' title='bbox 647 463 1020 542; x_wconf 78' lang='lat' dir='ltr'><strong>Apocalypsi</strong></span> <span class='ocrx_word' id='word_1_9' title='bbox 1055 467 1281 542; x_wconf 84' lang='lat' dir='ltr'><strong>scripta</strong></span> <span class='ocrx_word' id='word_1_10' title='bbox 1333 472 1505 536; x_wconf 86' lang='lat' dir='ltr'><strong>sunt,</strong></span> <span class='ocrx_word' id='word_1_11' title='bbox 1568 483 1763 542; x_wconf 89' lang='lat' dir='ltr'><strong>aeque</strong></span> <span class='ocrx_word' id='word_1_12' title='bbox 1812 483 1885 525; x_wconf 89' lang='lat' dir='ltr'><strong>ac</strong></span> <span class='ocrx_word' id='word_1_13' title='bbox 1918 467 2155 542; x_wconf 78' lang='lat' dir='ltr'><strong>singula</strong></span> <span class='ocrx_word' id='word_1_14' title='bbox 2202 483 2369 542; x_wconf 83' lang='lat' dir='ltr'><strong>quae</strong></span> <span class='ocrx_word' id='word_1_15' title='bbox 2418 471 2495 526; x_wconf 79' lang='lat' dir='ltr'><strong>in</strong></span> 
     </span>
     <span class='ocr_line' id='line_1_3' title="bbox 355 564 2499 641; baseline -0 -14"><span class='ocrx_word' id='word_1_16' title='bbox 355 565 735 641; x_wconf 85' lang='lat' dir='ltr'><strong>Propheticis</strong></span> <span class='ocrx_word' id='word_1_17' title='bbox 773 564 961 624; x_wconf 83' lang='lat' dir='ltr'><strong>Verbi</strong></span> <span class='ocrx_word' id='word_1_18' title='bbox 996 565 1168 636; x_wconf 87' lang='lat' dir='ltr'><strong>alibi,</strong></span> <span class='ocrx_word' id='word_1_19' title='bbox 1221 582 1469 625; x_wconf 88' lang='lat' dir='ltr'><strong>sensum</strong></span> <span class='ocrx_word' id='word_1_20' title='bbox 1504 567 1801 624; x_wconf 85' lang='lat' dir='ltr'><strong>internum</strong></span> <span class='ocrx_word' id='word_1_21' title='bbox 1834 565 2089 636; x_wconf 86' lang='lat' dir='ltr'><strong>habent,</strong></span> <span class='ocrx_word' id='word_1_22' title='bbox 2140 585 2215 626; x_wconf 88' lang='lat' dir='ltr'><strong>ac</strong></span> <span class='ocrx_word' id='word_1_23' title='bbox 2250 583 2499 626; x_wconf 72' lang='lat' dir='ltr'><strong>sensns</strong></span> 
     </span>
     <span class='ocr_line' id='line_1_4' title="bbox 355 663 2495 744; baseline 0.001 -18"><span class='ocrx_word' id='word_1_24' title='bbox 355 669 626 726; x_wconf 86' lang='lat' dir='ltr'><strong>internus</strong></span> <span class='ocrx_word' id='word_1_25' title='bbox 667 672 764 724; x_wconf 86' lang='lat' dir='ltr'><strong>est</strong></span> <span class='ocrx_word' id='word_1_26' title='bbox 795 666 858 723; x_wconf 88' lang='lat' dir='ltr'><strong>in</strong></span> <span class='ocrx_word' id='word_1_27' title='bbox 891 663 1028 726; x_wconf 91' lang='lat' dir='ltr'><strong>luce</strong></span> <span class='ocrx_word' id='word_1_28' title='bbox 1065 665 1250 738; x_wconf 88' lang='lat' dir='ltr'><strong>coeli,</strong></span> <span class='ocrx_word' id='word_1_29' title='bbox 1307 683 1464 744; x_wconf 86' lang='lat' dir='ltr'><strong>quae</strong></span> <span class='ocrx_word' id='word_1_30' title='bbox 1502 673 1597 725; x_wconf 87' lang='lat' dir='ltr'><strong>est</strong></span> <span class='ocrx_word' id='word_1_31' title='bbox 1648 665 1934 726; x_wconf 87' lang='lat' dir='ltr'><strong>Divinum</strong></span> <span class='ocrx_word' id='word_1_32' title='bbox 1970 666 2203 726; x_wconf 83' lang='lat' dir='ltr'><strong>Verum</strong></span> <span class='ocrx_word' id='word_1_33' title='bbox 2242 685 2495 743; x_wconf 87' lang='lat' dir='ltr'><strong>proce-</strong></span> 
     </span>
     <span class='ocr_line' id='line_1_5' title="bbox 359 765 2497 844; baseline 0.001 -18"><span class='ocrx_word' id='word_1_34' title='bbox 359 766 510 826; x_wconf 87' lang='lat' dir='ltr'><strong>dens</strong></span> <span class='ocrx_word' id='word_1_35' title='bbox 546 783 584 823; x_wconf 87' lang='lat' dir='ltr'><strong>a</strong></span> <span class='ocrx_word' id='word_1_36' title='bbox 621 765 912 824; x_wconf 85' lang='lat' dir='ltr'><strong>Domino:</strong></span> <span class='ocrx_word' id='word_1_37' title='bbox 965 765 1064 826; x_wconf 85' lang='lat' dir='ltr'><strong>hic</strong></span> <span class='ocrx_word' id='word_1_38' title='bbox 1089 765 1304 826; x_wconf 86' lang='lat' dir='ltr'><strong>dicitur</strong></span> <span class='ocrx_word' id='word_1_39' title='bbox 1331 783 1499 844; x_wconf 71' lang='lat' dir='ltr'><strong>quae,</strong></span> <span class='ocrx_word' id='word_1_40' title='bbox 1525 766 1731 826; x_wconf 87' lang='lat' dir='ltr'><strong>vidisti</strong></span> <span class='ocrx_word' id='word_1_41' title='bbox 1760 772 1821 826; x_wconf 91' lang='lat' dir='ltr'><strong>et</strong></span> <span class='ocrx_word' id='word_1_42' title='bbox 1844 783 2000 844; x_wconf 86' lang='lat' dir='ltr'><strong>quae</strong></span> <span class='ocrx_word' id='word_1_43' title='bbox 2036 773 2177 826; x_wconf 86' lang='lat' dir='ltr'><strong>sunt</strong></span> <span class='ocrx_word' id='word_1_44' title='bbox 2212 774 2277 826; x_wconf 84' lang='lat' dir='ltr'><strong>et</strong></span> <span class='ocrx_word' id='word_1_45' title='bbox 2316 786 2497 844; x_wconf 70' lang='lat' dir='ltr'><strong>quae</strong></span> 
     </span>
     <span class='ocr_line' id='line_1_6' title="bbox 355 865 2499 944; baseline 0 -17"><span class='ocrx_word' id='word_1_46' title='bbox 355 868 589 940; x_wconf 80' lang='lat' dir='ltr'><strong>futura,</strong></span> <span class='ocrx_word' id='word_1_47' title='bbox 657 868 797 940; x_wconf 86' lang='lat' dir='ltr'><strong>quia</strong></span> <span class='ocrx_word' id='word_1_48' title='bbox 831 883 1020 943; x_wconf 88' lang='lat' dir='ltr'><strong>supra</strong></span> <span class='ocrx_word' id='word_1_49' title='bbox 1065 866 1141 924; x_wconf 76' lang='lat' dir='ltr'><strong>de</strong></span> <span class='ocrx_word' id='word_1_50' title='bbox 1189 865 1449 926; x_wconf 88' lang='lat' dir='ltr'><strong>Domino</strong></span> <span class='ocrx_word' id='word_1_51' title='bbox 1502 865 1725 926; x_wconf 89' lang='lat' dir='ltr'><strong>dictum</strong></span> <span class='ocrx_word' id='word_1_52' title='bbox 1764 872 1861 926; x_wconf 90' lang='lat' dir='ltr'><strong>est</strong></span> <span class='ocrx_word' id='word_1_53' title='bbox 1902 865 2023 942; x_wconf 85' lang='lat' dir='ltr'><strong>Qui</strong></span> <span class='ocrx_word' id='word_1_54' title='bbox 2066 867 2179 926; x_wconf 89' lang='lat' dir='ltr'><strong>Est</strong></span> <span class='ocrx_word' id='word_1_55' title='bbox 2234 875 2304 926; x_wconf 83' lang='lat' dir='ltr'><strong>et</strong></span> <span class='ocrx_word' id='word_1_56' title='bbox 2363 867 2499 944; x_wconf 75' lang='lat' dir='ltr'><strong>Qui</strong></span> 
     </span>
     <span class='ocr_line' id='line_1_7' title="bbox 356 965 2493 1040; baseline 0 -14"><span class='ocrx_word' id='word_1_57' title='bbox 356 968 498 1026; x_wconf 85' lang='lat' dir='ltr'><strong>Fuit</strong></span> <span class='ocrx_word' id='word_1_58' title='bbox 531 973 592 1024; x_wconf 90' lang='lat' dir='ltr'><strong>et</strong></span> <span class='ocrx_word' id='word_1_59' title='bbox 627 965 748 1040; x_wconf 82' lang='lat' dir='ltr'><strong>Qui</strong></span> <span class='ocrx_word' id='word_1_60' title='bbox 783 965 1124 1040; x_wconf 88' lang='lat' dir='ltr'><strong>Venturus,</strong></span> <span class='ocrx_word' id='word_1_61' title='bbox 1165 965 1276 1040; x_wconf 88' lang='lat' dir='ltr'><strong>ibi,</strong></span> <span class='ocrx_word' id='word_1_62' title='bbox 1327 966 1433 1024; x_wconf 84' lang='lat' dir='ltr'><strong>ubi</strong></span> <span class='ocrx_word' id='word_1_63' title='bbox 1468 969 1554 1025; x_wconf 91' lang='lat' dir='ltr'><strong>ita</strong></span> <span class='ocrx_word' id='word_1_64' title='bbox 1588 965 1809 1026; x_wconf 87' lang='lat' dir='ltr'><strong>dictum</strong></span> <span class='ocrx_word' id='word_1_65' title='bbox 1850 974 1972 1039; x_wconf 87' lang='lat' dir='ltr'><strong>est,</strong></span> <span class='ocrx_word' id='word_1_66' title='bbox 2020 974 2219 1026; x_wconf 90' lang='lat' dir='ltr'><strong>actum</strong></span> <span class='ocrx_word' id='word_1_67' title='bbox 2256 975 2369 1026; x_wconf 87' lang='lat' dir='ltr'><strong>est</strong></span> <span class='ocrx_word' id='word_1_68' title='bbox 2406 969 2493 1027; x_wconf 86' lang='lat' dir='ltr'><strong>de</strong></span> 
     </span>
     <span class='ocr_line' id='line_1_8' title="bbox 354 1065 2493 1144; baseline 0.001 -18"><span class='ocrx_word' id='word_1_69' title='bbox 354 1065 500 1144; x_wconf 84' lang='lat' dir='ltr'><strong>Ipso</strong></span> <span class='ocrx_word' id='word_1_70' title='bbox 548 1066 839 1134; x_wconf 86' lang='lat' dir='ltr'><strong>Domino,</strong></span> <span class='ocrx_word' id='word_1_71' title='bbox 916 1065 1014 1126; x_wconf 89' lang='lat' dir='ltr'><strong>hic</strong></span> <span class='ocrx_word' id='word_1_72' title='bbox 1065 1071 1266 1124; x_wconf 86' lang='lat' dir='ltr'><strong>autem</strong></span> <span class='ocrx_word' id='word_1_73' title='bbox 1319 1066 1395 1124; x_wconf 93' lang='lat' dir='ltr'><strong>de</strong></span> <span class='ocrx_word' id='word_1_74' title='bbox 1448 1065 1683 1125; x_wconf 75' lang='lat' dir='ltr'><strong>Divinis</strong></span> <span class='ocrx_word' id='word_1_75' title='bbox 1740 1067 1817 1126; x_wconf 89' lang='lat' dir='ltr'><strong>ab</strong></span> <span class='ocrx_word' id='word_1_76' title='bbox 1864 1066 2009 1142; x_wconf 88' lang='lat' dir='ltr'><strong>Ipso</strong></span> <span class='ocrx_word' id='word_1_77' title='bbox 2056 1066 2223 1144; x_wconf 87' lang='lat' dir='ltr'><strong>apud</strong></span> <span class='ocrx_word' id='word_1_78' title='bbox 2264 1067 2493 1128; x_wconf 87' lang='lat' dir='ltr'><strong>homi-</strong></span> 
     </span>
     <span class='ocr_line' id='line_1_9' title="bbox 353 1165 2495 1243; baseline 0.002 -19"><span class='ocrx_word' id='word_1_79' title='bbox 353 1183 526 1235; x_wconf 88' lang='lat' dir='ltr'><strong>nem,</strong></span> <span class='ocrx_word' id='word_1_80' title='bbox 576 1172 643 1226; x_wconf 88' lang='lat' dir='ltr'><strong>ut</strong></span> <span class='ocrx_word' id='word_1_81' title='bbox 681 1171 958 1227; x_wconf 80' lang='lat' dir='ltr'><strong>constare</strong></span> <span class='ocrx_word' id='word_1_82' title='bbox 991 1171 1194 1242; x_wconf 88' lang='lat' dir='ltr'><strong>potest</strong></span> <span class='ocrx_word' id='word_1_83' title='bbox 1231 1183 1268 1224; x_wconf 93' lang='lat' dir='ltr'><strong>a</strong></span> <span class='ocrx_word' id='word_1_84' title='bbox 1300 1165 1807 1243; x_wconf 78' lang='lat' dir='ltr'><strong>praecedentibus</strong></span> <span class='ocrx_word' id='word_1_85' title='bbox 1846 1173 1907 1226; x_wconf 87' lang='lat' dir='ltr'><strong>et</strong></span> <span class='ocrx_word' id='word_1_86' title='bbox 1956 1166 2375 1243; x_wconf 84' lang='lat' dir='ltr'><strong>sequentibus</strong></span> <span class='ocrx_word' id='word_1_87' title='bbox 2428 1172 2495 1228; x_wconf 86' lang='lat' dir='ltr'><strong>in</strong></span> 
     </span>
    </p>

    <p class='ocr_par' dir='ltr' id='par_1_3' title="bbox 355 1267 2579 1328">
     <span class='ocr_line' id='line_1_10' title="bbox 355 1267 2579 1328; baseline -0 0"><span class='ocrx_word' id='word_1_88' title='bbox 355 1267 532 1328; x_wconf 85' lang='lat' dir='ltr'><strong>serie.</strong></span> <span class='ocrx_word' id='word_1_89' title='bbox 2572 1268 2579 1272; x_wconf 74' lang='grc'><strong>“</strong></span> 
     </span>
    </p>

    <p class='ocr_par' dir='ltr' id='par_1_4' title="bbox 521 1366 2497 1446">
     <span class='ocr_line' id='line_1_11' title="bbox 521 1366 2497 1446; baseline 0.001 -20"><span class='ocrx_word' id='word_1_90' title='bbox 521 1369 634 1428; x_wconf 87' lang='grc'><strong>88.</strong></span> <span class='ocrx_word' id='word_1_91' title='bbox 705 1366 1060 1444; x_wconf 84' lang='lat' dir='ltr'><strong>Mysterium</strong></span> <span class='ocrx_word' id='word_1_92' title='bbox 1093 1374 1328 1445; x_wconf 83' lang='lat' dir='ltr'><strong>septem</strong></span> <span class='ocrx_word' id='word_1_93' title='bbox 1366 1368 1676 1428; x_wconf 85' lang='lat' dir='ltr'><strong>stellarum</strong></span> <span class='ocrx_word' id='word_1_94' title='bbox 1724 1385 1875 1446; x_wconf 88' lang='lat' dir='ltr'><strong>quas</strong></span> <span class='ocrx_word' id='word_1_95' title='bbox 1914 1368 2114 1428; x_wconf 82' lang='lat' dir='ltr'><strong>vidisti</strong></span> <span class='ocrx_word' id='word_1_96' title='bbox 2146 1371 2207 1426; x_wconf 90' lang='lat' dir='ltr'><strong>in</strong></span> <span class='ocrx_word' id='word_1_97' title='bbox 2250 1368 2497 1428; x_wconf 75' lang='lat' dir='ltr'><strong>dextra</strong></span> 
     </span>
    </p>

    <p class='ocr_par' dir='ltr' id='par_1_5' title="bbox 202 1465 2495 2544">
     <span class='ocr_line' id='line_1_12' title="bbox 202 1465 2494 1545; baseline 0.001 -19"><span class='ocrx_word' id='word_1_98' title='bbox 202 1468 324 1536; x_wconf 75' lang='lat'>[74]</span> <span class='ocrx_word' id='word_1_99' title='bbox 365 1485 530 1542; x_wconf 88' lang='lat' dir='ltr'><strong>mea,</strong></span> <span class='ocrx_word' id='word_1_100' title='bbox 589 1465 750 1544; x_wconf 90' lang='lat' dir='ltr'><strong>quod</strong></span> <span class='ocrx_word' id='word_1_101' title='bbox 801 1466 1096 1543; x_wconf 86' lang='lat' dir='ltr'><strong>significet</strong></span> <span class='ocrx_word' id='word_1_102' title='bbox 1141 1468 1573 1528; x_wconf 83' lang='lat' dir='ltr'><strong>revelationem</strong></span> <span class='ocrx_word' id='word_1_103' title='bbox 1628 1468 1703 1527; x_wconf 90' lang='lat' dir='ltr'><strong>de</strong></span> <span class='ocrx_word' id='word_1_104' title='bbox 1750 1468 1921 1527; x_wconf 87' lang='lat' dir='ltr'><strong>bonis</strong></span> <span class='ocrx_word' id='word_1_105' title='bbox 1978 1475 2039 1528; x_wconf 86' lang='lat' dir='ltr'><strong>et</strong></span> <span class='ocrx_word' id='word_1_106' title='bbox 2094 1470 2255 1528; x_wconf 83' lang='lat' dir='ltr'><strong>veris</strong></span> <span class='ocrx_word' id='word_1_107' title='bbox 2316 1488 2494 1545; x_wconf 88' lang='lat' dir='ltr'><strong>quae</strong></span> 
     </span>
     <span class='ocr_line' id='line_1_13' title="bbox 358 1567 2495 1645; baseline 0 -17"><span class='ocrx_word' id='word_1_108' title='bbox 358 1570 556 1628; x_wconf 88' lang='lat' dir='ltr'><strong>omnia</strong></span> <span class='ocrx_word' id='word_1_109' title='bbox 593 1568 668 1626; x_wconf 88' lang='lat' dir='ltr'><strong>ab</strong></span> <span class='ocrx_word' id='word_1_110' title='bbox 702 1567 876 1645; x_wconf 86' lang='lat' dir='ltr'><strong>Ipse,</strong></span> <span class='ocrx_word' id='word_1_111' title='bbox 933 1574 1168 1626; x_wconf 88' lang='lat' dir='ltr'><strong>constat</strong></span> <span class='ocrx_word' id='word_1_112' title='bbox 1213 1585 1290 1628; x_wconf 82' lang='lat' dir='ltr'><strong>ex</strong></span> <span class='ocrx_word' id='word_1_113' title='bbox 1337 1568 1773 1644; x_wconf 83' lang='lat' dir='ltr'><strong>significatione</strong></span> <span class='ocrx_word' id='word_1_114' title='bbox 1822 1569 2117 1644; x_wconf 81' lang='lat' dir='ltr'><strong>mysterii,</strong></span> <span class='ocrx_word' id='word_1_115' title='bbox 2176 1569 2355 1644; x_wconf 89' lang='lat' dir='ltr'><strong>quod</strong></span> <span class='ocrx_word' id='word_1_116' title='bbox 2406 1574 2495 1628; x_wconf 82' lang='lat' dir='ltr'><strong>sit</strong></span> 
     </span>
     <span class='ocr_line' id='line_1_14' title="bbox 361 1666 2491 1744; baseline 0.001 -18"><span class='ocrx_word' id='word_1_117' title='bbox 361 1667 523 1744; x_wconf 89' lang='lat' dir='ltr'><strong>quod</strong></span> <span class='ocrx_word' id='word_1_118' title='bbox 567 1667 940 1726; x_wconf 86' lang='lat' dir='ltr'><strong>reconditum</strong></span> <span class='ocrx_word' id='word_1_119' title='bbox 994 1666 1142 1727; x_wconf 87' lang='lat' dir='ltr'><strong>latet</strong></span> <span class='ocrx_word' id='word_1_120' title='bbox 1185 1671 1247 1728; x_wconf 91' lang='lat' dir='ltr'><strong>in</strong></span> <span class='ocrx_word' id='word_1_121' title='bbox 1290 1670 1521 1728; x_wconf 78' lang='lat' dir='ltr'><strong>visione</strong></span> <span class='ocrx_word' id='word_1_122' title='bbox 1570 1685 1725 1744; x_wconf 86' lang='lat' dir='ltr'><strong>quae</strong></span> <span class='ocrx_word' id='word_1_123' title='bbox 1760 1667 2053 1742; x_wconf 72' lang='lat' dir='ltr'><strong>solmam,</strong></span> <span class='ocrx_word' id='word_1_124' title='bbox 2108 1667 2205 1726; x_wconf 86' lang='lat' dir='ltr'><strong>hic</strong></span> <span class='ocrx_word' id='word_1_125' title='bbox 2259 1677 2491 1729; x_wconf 87' lang='lat' dir='ltr'><strong>autem</strong></span> 
     </span>
     <span class='ocr_line' id='line_1_15' title="bbox 357 1765 2487 1844; baseline 0.001 -18"><span class='ocrx_word' id='word_1_126' title='bbox 357 1767 422 1826; x_wconf 86' lang='lat' dir='ltr'><strong>id</strong></span> <span class='ocrx_word' id='word_1_127' title='bbox 455 1765 814 1842; x_wconf 84' lang='lat' dir='ltr'><strong>revelatum,</strong></span> <span class='ocrx_word' id='word_1_128' title='bbox 871 1769 1150 1844; x_wconf 86' lang='lat' dir='ltr'><strong>quoniam</strong></span> <span class='ocrx_word' id='word_1_129' title='bbox 1199 1771 1260 1826; x_wconf 87' lang='lat' dir='ltr'><strong>in</strong></span> <span class='ocrx_word' id='word_1_130' title='bbox 1295 1785 1453 1828; x_wconf 88' lang='lat' dir='ltr'><strong>nunc</strong></span> <span class='ocrx_word' id='word_1_131' title='bbox 1490 1767 1881 1844; x_wconf 86' lang='lat' dir='ltr'><strong>sequentibus</strong></span> <span class='ocrx_word' id='word_1_132' title='bbox 1920 1767 2137 1827; x_wconf 87' lang='lat' dir='ltr'><strong>dicitur</strong></span> <span class='ocrx_word' id='word_1_133' title='bbox 2176 1768 2331 1843; x_wconf 86' lang='lat' dir='ltr'><strong>quid</strong></span> <span class='ocrx_word' id='word_1_134' title='bbox 2378 1772 2487 1828; x_wconf 87' lang='lat' dir='ltr'><strong>in-</strong></span> 
     </span>
     <span class='ocr_line' id='line_1_16' title="bbox 357 1866 2485 1944; baseline 0.001 -18"><span class='ocrx_word' id='word_1_135' title='bbox 357 1866 666 1928; x_wconf 81' lang='lat' dir='ltr'><strong>tellectum</strong></span> <span class='ocrx_word' id='word_1_136' title='bbox 699 1872 792 1926; x_wconf 88' lang='lat' dir='ltr'><strong>est</strong></span> <span class='ocrx_word' id='word_1_137' title='bbox 824 1884 936 1944; x_wconf 88' lang='lat' dir='ltr'><strong>per</strong></span> <span class='ocrx_word' id='word_1_138' title='bbox 979 1874 1213 1944; x_wconf 80' lang='lat' dir='ltr'><strong>septem</strong></span> <span class='ocrx_word' id='word_1_139' title='bbox 1249 1868 1475 1928; x_wconf 83' lang='lat' dir='ltr'><strong>Stellas</strong></span> <span class='ocrx_word' id='word_1_140' title='bbox 1510 1875 1571 1927; x_wconf 87' lang='lat' dir='ltr'><strong>et</strong></span> <span class='ocrx_word' id='word_1_141' title='bbox 1616 1885 1727 1944; x_wconf 89' lang='lat' dir='ltr'><strong>per</strong></span> <span class='ocrx_word' id='word_1_142' title='bbox 1780 1876 2012 1943; x_wconf 86' lang='lat' dir='ltr'><strong>septem</strong></span> <span class='ocrx_word' id='word_1_143' title='bbox 2052 1866 2485 1944; x_wconf 78' lang='lat' dir='ltr'><strong>Candelabra3</strong></span> 
     </span>
     <span class='ocr_line' id='line_1_17' title="bbox 363 1966 2481 2045; baseline 0.001 -18"><span class='ocrx_word' id='word_1_144' title='bbox 363 1973 426 2027; x_wconf 91' lang='lat' dir='ltr'><strong>et</strong></span> <span class='ocrx_word' id='word_1_145' title='bbox 461 1983 538 2024; x_wconf 80' lang='lat' dir='ltr'><strong>ex</strong></span> <span class='ocrx_word' id='word_1_146' title='bbox 581 1966 1010 2042; x_wconf 85' lang='lat' dir='ltr'><strong>significatione</strong></span> <span class='ocrx_word' id='word_1_147' title='bbox 1061 1973 1296 2045; x_wconf 84' lang='lat' dir='ltr'><strong>septem</strong></span> <span class='ocrx_word' id='word_1_148' title='bbox 1339 1969 1680 2041; x_wconf 88' lang='lat' dir='ltr'><strong>stellarum,</strong></span> <span class='ocrx_word' id='word_1_149' title='bbox 1742 1968 1901 2044; x_wconf 87' lang='lat' dir='ltr'><strong>quod</strong></span> <span class='ocrx_word' id='word_1_150' title='bbox 1936 1970 2055 2026; x_wconf 84' lang='lat' dir='ltr'><strong>sint</strong></span> <span class='ocrx_word' id='word_1_151' title='bbox 2090 1970 2481 2044; x_wconf 76' lang='lat' dir='ltr'><strong>cognitiones</strong></span> 
     </span>
     <span class='ocr_line' id='line_1_18' title="bbox 359 2065 2481 2146; baseline 0.001 -21"><span class='ocrx_word' id='word_1_152' title='bbox 359 2068 620 2126; x_wconf 87' lang='lat' dir='ltr'><strong>omnium</strong></span> <span class='ocrx_word' id='word_1_153' title='bbox 656 2065 798 2125; x_wconf 88' lang='lat' dir='ltr'><strong>boni</strong></span> <span class='ocrx_word' id='word_1_154' title='bbox 833 2073 894 2126; x_wconf 90' lang='lat' dir='ltr'><strong>et</strong></span> <span class='ocrx_word' id='word_1_155' title='bbox 931 2069 1090 2136; x_wconf 87' lang='lat' dir='ltr'><strong>veri,</strong></span> <span class='ocrx_word' id='word_1_156' title='bbox 1151 2075 1214 2127; x_wconf 90' lang='lat' dir='ltr'><strong>et</strong></span> <span class='ocrx_word' id='word_1_157' title='bbox 1257 2067 1397 2127; x_wconf 90' lang='lat' dir='ltr'><strong>inde</strong></span> <span class='ocrx_word' id='word_1_158' title='bbox 1447 2069 1647 2127; x_wconf 85' lang='lat' dir='ltr'><strong>omnia</strong></span> <span class='ocrx_word' id='word_1_159' title='bbox 1690 2068 1851 2128; x_wconf 86' lang='lat' dir='ltr'><strong>bona</strong></span> <span class='ocrx_word' id='word_1_160' title='bbox 1900 2075 1960 2127; x_wconf 88' lang='lat' dir='ltr'><strong>et</strong></span> <span class='ocrx_word' id='word_1_161' title='bbox 1998 2085 2172 2139; x_wconf 85' lang='lat' dir='ltr'><strong>vera,</strong></span> <span class='ocrx_word' id='word_1_162' title='bbox 2228 2069 2306 2126; x_wconf 89' lang='lat' dir='ltr'><strong>de</strong></span> <span class='ocrx_word' id='word_1_163' title='bbox 2352 2087 2481 2146; x_wconf 83' lang='lat' dir='ltr'><strong>qua</strong></span> 
     </span>
     <span class='ocr_line' id='line_1_19' title="bbox 359 2167 2477 2243; baseline 0.001 -17"><span class='ocrx_word' id='word_1_164' title='bbox 359 2183 550 2243; x_wconf 86' lang='lat' dir='ltr'><strong>supra</strong></span> <span class='ocrx_word' id='word_1_165' title='bbox 583 2185 658 2227; x_wconf 87' lang='lat' dir='ltr'><strong>n:</strong></span> <span class='ocrx_word' id='word_1_166' title='bbox 718 2171 749 2224; x_wconf 82' lang='grc'><strong>’1</strong></span> <span class='ocrx_word' id='word_1_167' title='bbox 766 2169 844 2242; x_wconf 74' lang='grc'><strong>2;</strong></span> <span class='ocrx_word' id='word_1_168' title='bbox 896 2174 956 2226; x_wconf 87' lang='lat' dir='ltr'><strong>et</strong></span> <span class='ocrx_word' id='word_1_169' title='bbox 1001 2185 1080 2229; x_wconf 74' lang='lat' dir='ltr'><strong>ex</strong></span> <span class='ocrx_word' id='word_1_170' title='bbox 1125 2167 1557 2243; x_wconf 85' lang='lat' dir='ltr'><strong>significatione</strong></span> <span class='ocrx_word' id='word_1_171' title='bbox 1604 2170 1667 2226; x_wconf 89' lang='lat' dir='ltr'><strong>in</strong></span> <span class='ocrx_word' id='word_1_172' title='bbox 1716 2167 1959 2237; x_wconf 83' lang='lat' dir='ltr'><strong>dextra,</strong></span> <span class='ocrx_word' id='word_1_173' title='bbox 2014 2185 2152 2227; x_wconf 88' lang='lat' dir='ltr'><strong>cum</strong></span> <span class='ocrx_word' id='word_1_174' title='bbox 2200 2168 2277 2227; x_wconf 89' lang='lat' dir='ltr'><strong>de</strong></span> <span class='ocrx_word' id='word_1_175' title='bbox 2332 2169 2477 2228; x_wconf 90' lang='lat' dir='ltr'><strong>Do·-</strong></span> 
     </span>
     <span class='ocr_line' id='line_1_20' title="bbox 362 2265 2474 2344; baseline 0.002 -20"><span class='ocrx_word' id='word_1_176' title='bbox 362 2269 552 2342; x_wconf 87' lang='lat' dir='ltr'><strong>min0,</strong></span> <span class='ocrx_word' id='word_1_177' title='bbox 609 2265 769 2341; x_wconf 89' lang='lat' dir='ltr'><strong>quod</strong></span> <span class='ocrx_word' id='word_1_178' title='bbox 813 2269 892 2326; x_wconf 83' lang='lat' dir='ltr'><strong>sit</strong></span> <span class='ocrx_word' id='word_1_179' title='bbox 941 2267 1102 2344; x_wconf 86' lang='lat' dir='ltr'><strong>quod</strong></span> <span class='ocrx_word' id='word_1_180' title='bbox 1145 2267 1222 2326; x_wconf 87' lang='lat' dir='ltr'><strong>ab</strong></span> <span class='ocrx_word' id='word_1_181' title='bbox 1268 2268 1445 2344; x_wconf 90' lang='lat' dir='ltr'><strong>Ipso,</strong></span> <span class='ocrx_word' id='word_1_182' title='bbox 1510 2267 1585 2326; x_wconf 91' lang='lat' dir='ltr'><strong>de</strong></span> <span class='ocrx_word' id='word_1_183' title='bbox 1630 2285 1749 2344; x_wconf 91' lang='lat' dir='ltr'><strong>qua</strong></span> <span class='ocrx_word' id='word_1_184' title='bbox 1798 2269 1979 2327; x_wconf 86' lang='lat' dir='ltr'><strong>etiam</strong></span> <span class='ocrx_word' id='word_1_185' title='bbox 2014 2286 2089 2328; x_wconf 90' lang='lat' dir='ltr'><strong>n:</strong></span> <span class='ocrx_word' id='word_1_186' title='bbox 2148 2271 2267 2342; x_wconf 81' lang='lat'><strong>723</strong></span> <span class='ocrx_word' id='word_1_187' title='bbox 2326 2269 2474 2328; x_wconf 87' lang='lat' dir='ltr'><strong>inde</strong></span> 
     </span>
     <span class='ocr_line' id='line_1_21' title="bbox 361 2367 2470 2444; baseline 0.001 -19"><span class='ocrx_word' id='word_1_188' title='bbox 361 2373 562 2444; x_wconf 88' lang='lat' dir='ltr'><strong>patet,</strong></span> <span class='ocrx_word' id='word_1_189' title='bbox 624 2367 782 2442; x_wconf 88' lang='lat' dir='ltr'><strong>quod</strong></span> <span class='ocrx_word' id='word_1_190' title='bbox 831 2385 944 2444; x_wconf 89' lang='lat' dir='ltr'><strong>per</strong></span> <span class='ocrx_word' id='word_1_191' title='bbox 986 2369 1335 2444; x_wconf 81' lang='lat' dir='ltr'><strong>mysterium</strong></span> <span class='ocrx_word' id='word_1_192' title='bbox 1382 2373 1619 2444; x_wconf 85' lang='lat' dir='ltr'><strong>septem</strong></span> <span class='ocrx_word' id='word_1_193' title='bbox 1676 2368 1985 2428; x_wconf 87' lang='lat' dir='ltr'><strong>stellarum</strong></span> <span class='ocrx_word' id='word_1_194' title='bbox 2038 2383 2185 2444; x_wconf 86' lang='lat' dir='ltr'><strong>quas</strong></span> <span class='ocrx_word' id='word_1_195' title='bbox 2240 2369 2470 2442; x_wconf 84' lang='lat' dir='ltr'><strong>vidisti,</strong></span> 
     </span>
     <span class='ocr_line' id='line_1_22' title="bbox 359 2466 2397 2544; baseline 0 -18"><span class='ocrx_word' id='word_1_196' title='bbox 359 2467 730 2544; x_wconf 84' lang='lat' dir='ltr'><strong>significetur</strong></span> <span class='ocrx_word' id='word_1_197' title='bbox 763 2467 1052 2528; x_wconf 84' lang='lat' dir='ltr'><strong>revelatio</strong></span> <span class='ocrx_word' id='word_1_198' title='bbox 1090 2466 1164 2526; x_wconf 89' lang='lat' dir='ltr'><strong>de</strong></span> <span class='ocrx_word' id='word_1_199' title='bbox 1191 2466 1365 2526; x_wconf 88' lang='lat' dir='ltr'><strong>bonis</strong></span> <span class='ocrx_word' id='word_1_200' title='bbox 1402 2475 1463 2526; x_wconf 90' lang='lat' dir='ltr'><strong>et</strong></span> <span class='ocrx_word' id='word_1_201' title='bbox 1498 2469 1657 2526; x_wconf 86' lang='lat' dir='ltr'><strong>veris</strong></span> <span class='ocrx_word' id='word_1_202' title='bbox 1694 2485 1849 2544; x_wconf 85' lang='lat' dir='ltr'><strong>quae</strong></span> <span class='ocrx_word' id='word_1_203' title='bbox 1888 2469 2085 2528; x_wconf 87' lang='lat' dir='ltr'><strong>omnia</strong></span> <span class='ocrx_word' id='word_1_204' title='bbox 2118 2466 2196 2524; x_wconf 87' lang='lat' dir='ltr'><strong>ab</strong></span> <span class='ocrx_word' id='word_1_205' title='bbox 2222 2467 2397 2544; x_wconf 88' lang='lat' dir='ltr'><strong>Ipso.</strong></span> 
     </span>
    </p>

    <p class='ocr_par' dir='ltr' id='par_1_6' title="bbox 355 2565 2473 3342">
     <span class='ocr_line' id='line_1_23' title="bbox 519 2565 2473 2645; baseline -0.001 -15"><span class='ocrx_word' id='word_1_206' title='bbox 519 2570 628 2630; x_wconf 78' lang='lat'><strong>89.</strong></span> <span class='ocrx_word' id='word_1_207' title='bbox 691 2569 770 2627; x_wconf 88' lang='lat' dir='ltr'><strong>Et</strong></span> <span class='ocrx_word' id='word_1_208' title='bbox 803 2575 1038 2644; x_wconf 85' lang='lat' dir='ltr'><strong>septem</strong></span> <span class='ocrx_word' id='word_1_209' title='bbox 1075 2566 1453 2628; x_wconf 79' lang='lat' dir='ltr'><strong>candelabra</strong></span> <span class='ocrx_word' id='word_1_210' title='bbox 1489 2585 1703 2637; x_wconf 83' lang='lat' dir='ltr'><strong>aurea,</strong></span> <span class='ocrx_word' id='word_1_211' title='bbox 1756 2568 1917 2644; x_wconf 86' lang='lat' dir='ltr'><strong>quod</strong></span> <span class='ocrx_word' id='word_1_212' title='bbox 1950 2565 2247 2645; x_wconf 86' lang='lat' dir='ltr'><strong>significet</strong></span> <span class='ocrx_word' id='word_1_213' title='bbox 2290 2576 2357 2626; x_wconf 86' lang='lat' dir='ltr'><strong>et</strong></span> <span class='ocrx_word' id='word_1_214' title='bbox 2396 2571 2473 2628; x_wconf 87' lang='lat' dir='ltr'><strong>de</strong></span> 
     </span>
     <span class='ocr_line' id='line_1_24' title="bbox 357 2667 2471 2744; baseline 0 -16"><span class='ocrx_word' id='word_1_215' title='bbox 357 2669 478 2728; x_wconf 88' lang='lat' dir='ltr'><strong>illis</strong></span> <span class='ocrx_word' id='word_1_216' title='bbox 503 2672 566 2727; x_wconf 91' lang='lat' dir='ltr'><strong>in</strong></span> <span class='ocrx_word' id='word_1_217' title='bbox 607 2686 760 2728; x_wconf 89' lang='lat' dir='ltr'><strong>novo</strong></span> <span class='ocrx_word' id='word_1_218' title='bbox 800 2668 984 2730; x_wconf 83' lang='lat' dir='ltr'><strong>Coelo</strong></span> <span class='ocrx_word' id='word_1_219' title='bbox 1023 2675 1082 2728; x_wconf 91' lang='lat' dir='ltr'><strong>et</strong></span> <span class='ocrx_word' id='word_1_220' title='bbox 1116 2671 1177 2726; x_wconf 87' lang='lat' dir='ltr'><strong>in</strong></span> <span class='ocrx_word' id='word_1_221' title='bbox 1212 2685 1369 2726; x_wconf 87' lang='lat' dir='ltr'><strong>nova</strong></span> <span class='ocrx_word' id='word_1_222' title='bbox 1397 2667 1619 2736; x_wconf 86' lang='lat' dir='ltr'><strong>Terra,</strong></span> <span class='ocrx_word' id='word_1_223' title='bbox 1656 2674 1890 2727; x_wconf 88' lang='lat' dir='ltr'><strong>constat</strong></span> <span class='ocrx_word' id='word_1_224' title='bbox 1928 2687 2001 2727; x_wconf 80' lang='lat' dir='ltr'><strong>ex</strong></span> <span class='ocrx_word' id='word_1_225' title='bbox 2030 2667 2471 2744; x_wconf 81' lang='lat' dir='ltr'><strong>signifi-catione</strong></span> 
     </span>
     <span class='ocr_line' id='line_1_25' title="bbox 359 2766 2473 2846; baseline 0 -18"><span class='ocrx_word' id='word_1_226' title='bbox 359 2777 592 2846; x_wconf 83' lang='lat' dir='ltr'><strong>septem</strong></span> <span class='ocrx_word' id='word_1_227' title='bbox 645 2766 1166 2842; x_wconf 82' lang='lat' dir='ltr'><strong>candelabrorum,</strong></span> <span class='ocrx_word' id='word_1_228' title='bbox 1226 2769 1385 2845; x_wconf 89' lang='lat' dir='ltr'><strong>quod</strong></span> <span class='ocrx_word' id='word_1_229' title='bbox 1436 2771 1555 2827; x_wconf 87' lang='lat' dir='ltr'><strong>sint</strong></span> <span class='ocrx_word' id='word_1_230' title='bbox 1604 2785 1827 2826; x_wconf 85' lang='lat' dir='ltr'><strong>novum</strong></span> <span class='ocrx_word' id='word_1_231' title='bbox 1880 2767 2131 2827; x_wconf 82' lang='lat' dir='ltr'><strong>Coelum</strong></span> <span class='ocrx_word' id='word_1_232' title='bbox 2182 2775 2243 2826; x_wconf 86' lang='lat' dir='ltr'><strong>et</strong></span> <span class='ocrx_word' id='word_1_233' title='bbox 2302 2786 2473 2828; x_wconf 78' lang='lat' dir='ltr'><strong>nova</strong></span> 
     </span>
     <span class='ocr_line' id='line_1_26' title="bbox 358 2867 2469 2945; baseline 0.001 -19"><span class='ocrx_word' id='word_1_234' title='bbox 358 2867 651 2939; x_wconf 83' lang='lat' dir='ltr'><strong>Ecclesia,</strong></span> <span class='ocrx_word' id='word_1_235' title='bbox 699 2868 772 2926; x_wconf 86' lang='lat' dir='ltr'><strong>de</strong></span> <span class='ocrx_word' id='word_1_236' title='bbox 809 2886 928 2944; x_wconf 86' lang='lat' dir='ltr'><strong>qua</strong></span> <span class='ocrx_word' id='word_1_237' title='bbox 967 2885 1156 2945; x_wconf 88' lang='lat' dir='ltr'><strong>supra</strong></span> <span class='ocrx_word' id='word_1_238' title='bbox 1191 2885 1264 2927; x_wconf 86' lang='lat' dir='ltr'><strong>n:</strong></span> <span class='ocrx_word' id='word_1_239' title='bbox 1307 2870 1394 2928; x_wconf 82' lang='lat'><strong>62</strong></span> <span class='ocrx_word' id='word_1_240' title='bbox 1414 2889 1431 2944; x_wconf 84' lang='lat'>3</span> <span class='ocrx_word' id='word_1_241' title='bbox 1488 2868 1649 2944; x_wconf 86' lang='lat' dir='ltr'><strong>quod</strong></span> <span class='ocrx_word' id='word_1_242' title='bbox 1686 2869 1807 2926; x_wconf 89' lang='lat' dir='ltr'><strong>sint</strong></span> <span class='ocrx_word' id='word_1_243' title='bbox 1840 2868 1999 2926; x_wconf 88' lang='lat' dir='ltr'><strong>bona</strong></span> <span class='ocrx_word' id='word_1_244' title='bbox 2036 2875 2097 2928; x_wconf 85' lang='lat' dir='ltr'><strong>et</strong></span> <span class='ocrx_word' id='word_1_245' title='bbox 2128 2885 2275 2926; x_wconf 87' lang='lat' dir='ltr'><strong>vera</strong></span> <span class='ocrx_word' id='word_1_246' title='bbox 2302 2886 2469 2943; x_wconf 84' lang='lat' dir='ltr'><strong>quae</strong></span> 
     </span>
     <span class='ocr_line' id='line_1_27' title="bbox 356 2967 2468 3044; baseline 0 -16"><span class='ocrx_word' id='word_1_247' title='bbox 356 2967 477 3028; x_wconf 88' lang='lat' dir='ltr'><strong>illis</strong></span> <span class='ocrx_word' id='word_1_248' title='bbox 515 2970 618 3044; x_wconf 92' lang='lat' dir='ltr'><strong>qui</strong></span> <span class='ocrx_word' id='word_1_249' title='bbox 649 2969 712 3026; x_wconf 89' lang='lat' dir='ltr'><strong>in</strong></span> <span class='ocrx_word' id='word_1_250' title='bbox 749 2984 906 3028; x_wconf 86' lang='lat' dir='ltr'><strong>novo</strong></span> <span class='ocrx_word' id='word_1_251' title='bbox 945 2967 1128 3028; x_wconf 88' lang='lat' dir='ltr'><strong>Coelo</strong></span> <span class='ocrx_word' id='word_1_252' title='bbox 1166 2975 1226 3028; x_wconf 89' lang='lat' dir='ltr'><strong>et</strong></span> <span class='ocrx_word' id='word_1_253' title='bbox 1258 2971 1319 3027; x_wconf 85' lang='lat' dir='ltr'><strong>in</strong></span> <span class='ocrx_word' id='word_1_254' title='bbox 1354 2985 1513 3029; x_wconf 90' lang='lat' dir='ltr'><strong>nova</strong></span> <span class='ocrx_word' id='word_1_255' title='bbox 1537 2968 1832 3043; x_wconf 84' lang='lat' dir='ltr'><strong>Ecclesia,</strong></span> <span class='ocrx_word' id='word_1_256' title='bbox 1872 2976 1965 3027; x_wconf 90' lang='lat' dir='ltr'><strong>est</strong></span> <span class='ocrx_word' id='word_1_257' title='bbox 2001 2971 2143 3043; x_wconf 84' lang='lat' dir='ltr'><strong>quia</strong></span> <span class='ocrx_word' id='word_1_258' title='bbox 2176 2970 2237 3024; x_wconf 89' lang='lat' dir='ltr'><strong>in</strong></span> <span class='ocrx_word' id='word_1_259' title='bbox 2272 2984 2468 3028; x_wconf 85' lang='lat' dir='ltr'><strong>sensu</strong></span> 
     </span>
     <span class='ocr_line' id='line_1_28' title="bbox 355 3068 2470 3144; baseline 0.001 -19"><span class='ocrx_word' id='word_1_260' title='bbox 355 3069 587 3127; x_wconf 87' lang='lat' dir='ltr'><strong>interno</strong></span> <span class='ocrx_word' id='word_1_261' title='bbox 637 3085 767 3128; x_wconf 88' lang='lat' dir='ltr'><strong>cum</strong></span> <span class='ocrx_word' id='word_1_262' title='bbox 805 3088 945 3129; x_wconf 84' lang='lat' dir='ltr'><strong>mox</strong></span> <span class='ocrx_word' id='word_1_263' title='bbox 996 3068 1499 3144; x_wconf 87' lang='lat' dir='ltr'><strong>praecedentibus</strong></span> <span class='ocrx_word' id='word_1_264' title='bbox 1552 3070 1639 3126; x_wconf 85' lang='lat' dir='ltr'><strong>ita</strong></span> <span class='ocrx_word' id='word_1_265' title='bbox 1686 3068 2047 3136; x_wconf 81' lang='lat' dir='ltr'><strong>cehaerent;</strong></span> <span class='ocrx_word' id='word_1_266' title='bbox 2103 3084 2258 3144; x_wconf 88' lang='lat' dir='ltr'><strong>quae</strong></span> <span class='ocrx_word' id='word_1_267' title='bbox 2306 3072 2470 3128; x_wconf 88' lang='lat' dir='ltr'><strong>enim</strong></span> 
     </span>
     <span class='ocr_line' id='line_1_29' title="bbox 355 3167 2463 3244; baseline 0.001 -18"><span class='ocrx_word' id='word_1_268' title='bbox 355 3171 418 3226; x_wconf 87' lang='lat' dir='ltr'><strong>in</strong></span> <span class='ocrx_word' id='word_1_269' title='bbox 457 3185 640 3228; x_wconf 86' lang='lat' dir='ltr'><strong>sensu</strong></span> <span class='ocrx_word' id='word_1_270' title='bbox 673 3167 884 3230; x_wconf 88' lang='lat' dir='ltr'><strong>literae</strong></span> <span class='ocrx_word' id='word_1_271' title='bbox 924 3183 1144 3243; x_wconf 84' lang='lat' dir='ltr'><strong>sparsa</strong></span> <span class='ocrx_word' id='word_1_272' title='bbox 1177 3175 1503 3244; x_wconf 87' lang='lat' dir='ltr'><strong>apparent,</strong></span> <span class='ocrx_word' id='word_1_273' title='bbox 1553 3170 1617 3226; x_wconf 87' lang='lat' dir='ltr'><strong>in</strong></span> <span class='ocrx_word' id='word_1_274' title='bbox 1651 3185 1835 3244; x_wconf 86' lang='lat' dir='ltr'><strong>sensu</strong></span> <span class='ocrx_word' id='word_1_275' title='bbox 1868 3170 2103 3228; x_wconf 87' lang='lat' dir='ltr'><strong>interno</strong></span> <span class='ocrx_word' id='word_1_276' title='bbox 2140 3171 2463 3228; x_wconf 86' lang='lat' dir='ltr'><strong>continen-</strong></span> 
     </span>
     <span class='ocr_line' id='line_1_30' title="bbox 355 3269 1478 3342; baseline -0.001 -16"><span class='ocrx_word' id='word_1_277' title='bbox 355 3269 440 3326; x_wconf 88' lang='lat' dir='ltr'><strong>tia</strong></span> <span class='ocrx_word' id='word_1_278' title='bbox 483 3277 650 3340; x_wconf 76' lang='lat' dir='ltr'><strong>sum,</strong></span> <span class='ocrx_word' id='word_1_279' title='bbox 707 3269 982 3331; x_wconf 89' lang='lat' dir='ltr'><strong>videatur</strong></span> <span class='ocrx_word' id='word_1_280' title='bbox 1018 3282 1204 3342; x_wconf 84' lang='lat' dir='ltr'><strong>supra</strong></span> <span class='ocrx_word' id='word_1_281' title='bbox 1237 3285 1307 3326; x_wconf 83' lang='lat' dir='ltr'><strong>n:</strong></span> <span class='ocrx_word' id='word_1_282' title='bbox 1372 3272 1401 3326; x_wconf 92' lang='lat' dir='ltr'>l</span> <span class='ocrx_word' id='word_1_283' title='bbox 1424 3274 1478 3327; x_wconf 81' lang='lat'><strong>7.</strong></span> 
     </span>
    </p>

    <p class='ocr_par' dir='ltr' id='par_1_7' title="bbox 349 3365 2465 4246">
     <span class='ocr_line' id='line_1_31' title="bbox 513 3365 2465 3444; baseline -0.001 -17"><span class='ocrx_word' id='word_1_284' title='bbox 513 3372 622 3430; x_wconf 82' lang='lat'><strong>90.</strong></span> <span class='ocrx_word' id='word_1_285' title='bbox 681 3368 929 3444; x_wconf 85' lang='lat' dir='ltr'><strong>Septem</strong></span> <span class='ocrx_word' id='word_1_286' title='bbox 985 3365 1198 3426; x_wconf 85' lang='lat' dir='ltr'><strong>stellae</strong></span> <span class='ocrx_word' id='word_1_287' title='bbox 1259 3367 1478 3444; x_wconf 86' lang='lat' dir='ltr'><strong>Angeli</strong></span> <span class='ocrx_word' id='word_1_288' title='bbox 1539 3374 1773 3444; x_wconf 88' lang='lat' dir='ltr'><strong>septem</strong></span> <span class='ocrx_word' id='word_1_289' title='bbox 1824 3367 2235 3427; x_wconf 86' lang='lat' dir='ltr'><strong>Ecclesiarum</strong></span> <span class='ocrx_word' id='word_1_290' title='bbox 2296 3373 2465 3438; x_wconf 81' lang='lat' dir='ltr'><strong>sunt,</strong></span> 
     </span>
     <span class='ocr_line' id='line_1_32' title="bbox 355 3465 2460 3546; baseline -0.001 -17"><span class='ocrx_word' id='word_1_291' title='bbox 355 3468 513 3546; x_wconf 91' lang='lat' dir='ltr'><strong>quod</strong></span> <span class='ocrx_word' id='word_1_292' title='bbox 565 3467 860 3545; x_wconf 85' lang='lat' dir='ltr'><strong>significet</strong></span> <span class='ocrx_word' id='word_1_293' title='bbox 910 3465 1045 3527; x_wconf 83' lang='lat' dir='ltr'><strong>illos</strong></span> <span class='ocrx_word' id='word_1_294' title='bbox 1093 3469 1194 3543; x_wconf 90' lang='lat' dir='ltr'><strong>qui</strong></span> <span class='ocrx_word' id='word_1_295' title='bbox 1241 3470 1539 3543; x_wconf 87' lang='lat' dir='ltr'><strong>recipiunt</strong></span> <span class='ocrx_word' id='word_1_296' title='bbox 1578 3468 1737 3526; x_wconf 88' lang='lat' dir='ltr'><strong>bona</strong></span> <span class='ocrx_word' id='word_1_297' title='bbox 1775 3477 1835 3527; x_wconf 88' lang='lat' dir='ltr'><strong>et</strong></span> <span class='ocrx_word' id='word_1_298' title='bbox 1886 3485 2033 3526; x_wconf 88' lang='lat' dir='ltr'><strong>vera</strong></span> <span class='ocrx_word' id='word_1_299' title='bbox 2088 3487 2125 3525; x_wconf 85' lang='lat' dir='ltr'><strong>a</strong></span> <span class='ocrx_word' id='word_1_300' title='bbox 2177 3468 2460 3538; x_wconf 84' lang='lat' dir='ltr'><strong>Domine,</strong></span> 
     </span>
     <span class='ocr_line' id='line_1_33' title="bbox 353 3566 2465 3644; baseline -0.001 -15"><span class='ocrx_word' id='word_1_301' title='bbox 353 3575 588 3629; x_wconf 89' lang='lat' dir='ltr'><strong>constat</strong></span> <span class='ocrx_word' id='word_1_302' title='bbox 625 3587 661 3626; x_wconf 90' lang='lat' dir='ltr'><strong>a</strong></span> <span class='ocrx_word' id='word_1_303' title='bbox 695 3566 1128 3642; x_wconf 85' lang='lat' dir='ltr'><strong>significatione</strong></span> <span class='ocrx_word' id='word_1_304' title='bbox 1163 3573 1399 3642; x_wconf 85' lang='lat' dir='ltr'><strong>septem</strong></span> <span class='ocrx_word' id='word_1_305' title='bbox 1435 3567 1774 3637; x_wconf 86' lang='lat' dir='ltr'><strong>stellarum,</strong></span> <span class='ocrx_word' id='word_1_306' title='bbox 1844 3567 2007 3644; x_wconf 86' lang='lat' dir='ltr'><strong>quod</strong></span> <span class='ocrx_word' id='word_1_307' title='bbox 2044 3572 2165 3626; x_wconf 84' lang='lat' dir='ltr'><strong>sint</strong></span> <span class='ocrx_word' id='word_1_308' title='bbox 2199 3568 2361 3626; x_wconf 86' lang='lat' dir='ltr'><strong>bona</strong></span> <span class='ocrx_word' id='word_1_309' title='bbox 2402 3573 2465 3627; x_wconf 84' lang='lat' dir='ltr'><strong>et</strong></span> 
     </span>
     <span class='ocr_line' id='line_1_34' title="bbox 351 3655 2464 3754; baseline -0 -27"><span class='ocrx_word' id='word_1_310' title='bbox 351 3686 516 3744; x_wconf 84' lang='lat' dir='ltr'><strong>vera,</strong></span> <span class='ocrx_word' id='word_1_311' title='bbox 543 3670 740 3726; x_wconf 86' lang='lat' dir='ltr'><strong>omnia</strong></span> <span class='ocrx_word' id='word_1_312' title='bbox 765 3655 852 3754; x_wconf 89' lang='lat' dir='ltr'><strong>[a]</strong></span> <span class='ocrx_word' id='word_1_313' title='bbox 873 3666 1150 3736; x_wconf 86' lang='lat' dir='ltr'><strong>Domino,</strong></span> <span class='ocrx_word' id='word_1_314' title='bbox 1180 3666 1254 3726; x_wconf 91' lang='lat' dir='ltr'><strong>de</strong></span> <span class='ocrx_word' id='word_1_315' title='bbox 1296 3685 1417 3743; x_wconf 86' lang='lat' dir='ltr'><strong>qua</strong></span> <span class='ocrx_word' id='word_1_316' title='bbox 1444 3685 1631 3743; x_wconf 89' lang='lat' dir='ltr'><strong>supra</strong></span> <span class='ocrx_word' id='word_1_317' title='bbox 1654 3687 1712 3725; x_wconf 84' lang='lat' dir='ltr'><strong>n:</strong></span> <span class='ocrx_word' id='word_1_318' title='bbox 1760 3673 1790 3726; x_wconf 88' lang='lat'><strong>7</strong></span> <span class='ocrx_word' id='word_1_319' title='bbox 1808 3672 1879 3741; x_wconf 78' lang='lat'><strong>23</strong></span> <span class='ocrx_word' id='word_1_320' title='bbox 1920 3685 1997 3726; x_wconf 73' lang='lat' dir='ltr'><strong>ex</strong></span> <span class='ocrx_word' id='word_1_321' title='bbox 2026 3667 2464 3743; x_wconf 86' lang='lat' dir='ltr'><strong>significatione</strong></span> 
     </span>
     <span class='ocr_line' id='line_1_35' title="bbox 353 3766 2461 3844; baseline -0.002 -15"><span class='ocrx_word' id='word_1_322' title='bbox 353 3767 750 3844; x_wconf 85' lang='lat' dir='ltr'><strong>Angelorum,</strong></span> <span class='ocrx_word' id='word_1_323' title='bbox 815 3767 974 3844; x_wconf 87' lang='lat' dir='ltr'><strong>quod</strong></span> <span class='ocrx_word' id='word_1_324' title='bbox 1020 3769 1140 3826; x_wconf 88' lang='lat' dir='ltr'><strong>sint</strong></span> <span class='ocrx_word' id='word_1_325' title='bbox 1177 3769 1280 3842; x_wconf 86' lang='lat' dir='ltr'><strong>qui</strong></span> <span class='ocrx_word' id='word_1_326' title='bbox 1328 3769 1391 3825; x_wconf 87' lang='lat' dir='ltr'><strong>in</strong></span> <span class='ocrx_word' id='word_1_327' title='bbox 1426 3766 1607 3826; x_wconf 85' lang='lat' dir='ltr'><strong>simili</strong></span> <span class='ocrx_word' id='word_1_328' title='bbox 1644 3766 2152 3843; x_wconf 86' lang='lat' dir='ltr'><strong>correspondente</strong></span> <span class='ocrx_word' id='word_1_329' title='bbox 2202 3767 2358 3826; x_wconf 85' lang='lat' dir='ltr'><strong>bono</strong></span> <span class='ocrx_word' id='word_1_330' title='bbox 2398 3775 2461 3826; x_wconf 85' lang='lat' dir='ltr'><strong>et</strong></span> 
     </span>
     <span class='ocr_line' id='line_1_36' title="bbox 349 3865 2459 3942; baseline -0 -17"><span class='ocrx_word' id='word_1_331' title='bbox 349 3884 497 3938; x_wconf 70' lang='lat' dir='ltr'><strong>vei-,o</strong></span> <span class='ocrx_word' id='word_1_332' title='bbox 534 3873 676 3926; x_wconf 88' lang='lat' dir='ltr'><strong>sunt</strong></span> <span class='ocrx_word' id='word_1_333' title='bbox 710 3869 770 3926; x_wconf 89' lang='lat' dir='ltr'><strong>in</strong></span> <span class='ocrx_word' id='word_1_334' title='bbox 815 3867 1014 3929; x_wconf 85' lang='lat' dir='ltr'><strong>Goelis</strong></span> <span class='ocrx_word' id='word_1_335' title='bbox 1063 3885 1198 3928; x_wconf 77' lang='lat' dir='ltr'><strong>cum</strong></span> <span class='ocrx_word' id='word_1_336' title='bbox 1234 3865 1353 3926; x_wconf 90' lang='lat' dir='ltr'><strong>illis</strong></span> <span class='ocrx_word' id='word_1_337' title='bbox 1392 3869 1497 3942; x_wconf 85' lang='lat' dir='ltr'><strong>qui</strong></span> <span class='ocrx_word' id='word_1_338' title='bbox 1530 3870 1591 3926; x_wconf 89' lang='lat' dir='ltr'><strong>in</strong></span> <span class='ocrx_word' id='word_1_339' title='bbox 1626 3867 1937 3938; x_wconf 82' lang='lat' dir='ltr'><strong>Ecclesia,</strong></span> <span class='ocrx_word' id='word_1_340' title='bbox 1973 3866 2051 3926; x_wconf 88' lang='lat' dir='ltr'><strong>de</strong></span> <span class='ocrx_word' id='word_1_341' title='bbox 2088 3885 2208 3942; x_wconf 89' lang='lat' dir='ltr'><strong>qua</strong></span> <span class='ocrx_word' id='word_1_342' title='bbox 2244 3869 2459 3942; x_wconf 87' lang='lat' dir='ltr'><strong>sequi-</strong></span> 
     </span>
     <span class='ocr_line' id='line_1_37' title="bbox 351 3966 2465 4046; baseline 0 -22"><span class='ocrx_word' id='word_1_343' title='bbox 351 3973 449 4024; x_wconf 90' lang='lat' dir='ltr'><strong>tur</strong></span> <span class='ocrx_word' id='word_1_344' title='bbox 459 3985 474 4040; x_wconf 87' lang='lat'>3</span> <span class='ocrx_word' id='word_1_345' title='bbox 550 3972 609 4024; x_wconf 90' lang='lat' dir='ltr'><strong>et</strong></span> <span class='ocrx_word' id='word_1_346' title='bbox 670 3985 742 4027; x_wconf 85' lang='lat' dir='ltr'><strong>ex</strong></span> <span class='ocrx_word' id='word_1_347' title='bbox 800 3968 1234 4046; x_wconf 84' lang='lat' dir='ltr'><strong>significatione</strong></span> <span class='ocrx_word' id='word_1_348' title='bbox 1305 3973 1541 4044; x_wconf 89' lang='lat' dir='ltr'><strong>septem</strong></span> <span class='ocrx_word' id='word_1_349' title='bbox 1611 3967 2047 4040; x_wconf 87' lang='lat' dir='ltr'><strong>Ecclesiarum,</strong></span> <span class='ocrx_word' id='word_1_350' title='bbox 2130 3966 2288 4042; x_wconf 89' lang='lat' dir='ltr'><strong>quod</strong></span> <span class='ocrx_word' id='word_1_351' title='bbox 2340 3967 2465 4025; x_wconf 86' lang='lat' dir='ltr'><strong>sint</strong></span> 
     </span>
     <span class='ocr_line' id='line_1_38' title="bbox 349 4067 2458 4143; baseline -0.001 -18"><span class='ocrx_word' id='word_1_352' title='bbox 349 4083 556 4125; x_wconf 85' lang='lat' dir='ltr'><strong>omnes</strong></span> <span class='ocrx_word' id='word_1_353' title='bbox 606 4069 704 4143; x_wconf 89' lang='lat' dir='ltr'><strong>qui</strong></span> <span class='ocrx_word' id='word_1_354' title='bbox 756 4071 818 4128; x_wconf 87' lang='lat' dir='ltr'><strong>in</strong></span> <span class='ocrx_word' id='word_1_355' title='bbox 870 4071 1031 4130; x_wconf 79' lang='lat' dir='ltr'><strong>veris</strong></span> <span class='ocrx_word' id='word_1_356' title='bbox 1082 4085 1157 4126; x_wconf 84' lang='lat' dir='ltr'><strong>ex</strong></span> <span class='ocrx_word' id='word_1_357' title='bbox 1198 4067 1356 4126; x_wconf 88' lang='lat' dir='ltr'><strong>bono</strong></span> <span class='ocrx_word' id='word_1_358' title='bbox 1402 4085 1513 4127; x_wconf 90' lang='lat' dir='ltr'><strong>seu</strong></span> <span class='ocrx_word' id='word_1_359' title='bbox 1552 4069 1612 4126; x_wconf 85' lang='lat' dir='ltr'><strong>in</strong></span> <span class='ocrx_word' id='word_1_360' title='bbox 1658 4067 1775 4127; x_wconf 87' lang='lat' dir='ltr'><strong>fide</strong></span> <span class='ocrx_word' id='word_1_361' title='bbox 1824 4085 1899 4127; x_wconf 83' lang='lat' dir='ltr'><strong>ex</strong></span> <span class='ocrx_word' id='word_1_362' title='bbox 1952 4067 2243 4126; x_wconf 87' lang='lat' dir='ltr'><strong>charitate</strong></span> <span class='ocrx_word' id='word_1_363' title='bbox 2296 4072 2458 4134; x_wconf 87' lang='lat' dir='ltr'><strong>sunt,</strong></span> 
     </span>
     <span class='ocr_line' id='line_1_39' title="bbox 349 4165 2460 4246; baseline 0.001 -20"><span class='ocrx_word' id='word_1_364' title='bbox 349 4168 434 4226; x_wconf 83' lang='lat' dir='ltr'><strong>ita</strong></span> <span class='ocrx_word' id='word_1_365' title='bbox 471 4183 672 4228; x_wconf 84' lang='lat' dir='ltr'><strong>omnes</strong></span> <span class='ocrx_word' id='word_1_366' title='bbox 713 4171 812 4246; x_wconf 89' lang='lat' dir='ltr'><strong>qui</strong></span> <span class='ocrx_word' id='word_1_367' title='bbox 849 4168 923 4228; x_wconf 88' lang='lat' dir='ltr'><strong>ab</strong></span> <span class='ocrx_word' id='word_1_368' title='bbox 951 4167 1256 4241; x_wconf 86' lang='lat' dir='ltr'><strong>Ecclesia,</strong></span> <span class='ocrx_word' id='word_1_369' title='bbox 1313 4165 1389 4224; x_wconf 89' lang='lat' dir='ltr'><strong>de</strong></span> <span class='ocrx_word' id='word_1_370' title='bbox 1438 4185 1555 4242; x_wconf 84' lang='lat' dir='ltr'><strong>qua</strong></span> <span class='ocrx_word' id='word_1_371' title='bbox 1590 4183 1779 4242; x_wconf 87' lang='lat' dir='ltr'><strong>supra</strong></span> <span class='ocrx_word' id='word_1_372' title='bbox 1812 4185 1883 4229; x_wconf 84' lang='lat' dir='ltr'><strong>n:</strong></span> <span class='ocrx_word' id='word_1_373' title='bbox 1916 4169 2018 4226; x_wconf 52' lang='lat'><strong>220</strong></span> <span class='ocrx_word' id='word_1_374' title='bbox 2038 4185 2055 4242; x_wconf 76' lang='lat'>5</span> <span class='ocrx_word' id='word_1_375' title='bbox 2118 4185 2191 4226; x_wconf 85' lang='lat' dir='ltr'><strong>ex</strong></span> <span class='ocrx_word' id='word_1_376' title='bbox 2240 4165 2460 4244; x_wconf 78' lang='lat' dir='ltr'><strong>quibus</strong></span> 
     </span>
    </p>
   </div>
   <div class='ocr_carea' id='block_1_3' title="bbox 2651 4221 2660 4725">
    <p class='ocr_par' dir='ltr' id='par_1_8' title="bbox 2651 4221 2660 4725">
     <span class='ocr_line' id='line_1_40' title="bbox 2651 4221 2660 4725; baseline 0 0"><span class='ocrx_word' id='word_1_377' title='bbox 2651 4221 2660 4725; x_wconf 95' lang='lat' dir='ltr'><strong> </strong></span> 
     </span>
    </p>
   </div>
  </div>
 </body>
</html>
