2700 4792
427 547 492 603 in
521 541 912 618 perceptione
953 543 1162 598 essent
1195 539 1260 596 in
1297 553 1421 613 qna
1456 541 1597 595 sunt
1640 537 1921 612 spiritus3
1982 533 2093 593 sed
2142 535 2281 609 quia
2322 536 2381 593 in
2416 534 2509 594 tali

429 659 550 701 non
585 647 752 714 sunt,
805 646 866 699 et
899 639 1038 698 inde
1073 655 1192 696 non
1227 639 1428 696 sciunt
1454 637 1696 712 quinam
1732 641 1901 712 sunt,
1950 636 2292 710 quiescunt,
2336 643 2393 696 et
2421 639 2505 695 in·

430 751 524 802 ter
559 759 624 801 se
667 743 856 800 amice
891 745 1078 816 agunt
1110 737 1443 798 secundum
1483 735 1753 813 jucunda
1796 735 2029 794 mundi:
2086 734 2197 794 sed
2232 751 2416 812 usque
2452 751 2508 794 se

429 841 775 902 manifestat
817 842 974 898 inter
1007 838 1314 897 Ecclesias
1368 835 1531 913 apud
1582 835 1719 895 illos
1760 839 1863 912 qui
1910 835 2211 911 religiosis
2263 836 2509 895 studentt

429 949 493 1002 et
527 956 764 1019 quoque
797 957 866 1000 se
904 939 1247 998 manifestat
1281 935 1444 1015 apud
1470 935 1607 996 illos
1638 939 1739 1012 qui
1771 939 1835 994 in
1862 935 2175 994 affectione
2210 935 2315 994 illa
2349 939 2511 1013 spiri·-

429 1042 579 1102 tuali
617 1047 758 1100 sunt
791 1057 902 1116 per
947 1039 1006 1098 id
1041 1038 1200 1114 quod
1235 1036 1393 1096 falsa
1424 1039 1486 1096 in
1522 1039 1915 1113 cogitationes
1956 1052 2164 1095 eorum
2198 1038 2511 1112 irrumpant

431 1143 710 1202 conantia·
765 1141 1145 1216 exstinguere
1193 1137 1555 1197 desiderium
1618 1153 1823 1196 eorum
1878 1141 1939 1194 et
1982 1134 2123 1194 inde
2165 1136 2485 1212 jucundum
2496 1155 2509 1210 ;

430 1241 586 1302 salsa
637 1240 742 1299 llla
791 1256 946 1315 quae
991 1241 1052 1296 in
1105 1239 1499 1314 cogitationes
1560 1239 1897 1312 irrumpunt
1944 1242 2085 1294 sunt
2148 1235 2225 1294 ab
2270 1239 2487 1297 inferno
2496 1255 2509 1310 ;

430 1359 568 1402 nam
605 1342 835 1410 omnia,
887 1357 1043 1421 quae
1078 1336 1256 1396 homo
1307 1339 1563 1414 cogitat,
1628 1336 1727 1396 vel
1776 1353 1852 1395 ex
1886 1336 2117 1394 inferno
2156 1338 2257 1396 vel
2294 1355 2329 1398 e
2364 1336 2511 1398 coelo

433 1450 594 1516 sunt,
645 1447 936 1516 utsupra
983 1457 1052 1496 n:
1107 1439 1246 1496 120
1285 1436 1509 1496 dictum
1556 1444 1666 1496 est.

591 1545 750 1602 122.
835 1541 994 1598 Eece
1051 1537 1314 1596 futurum
1368 1543 1435 1596 ut
1481 1537 1757 1614 conjiciat
1808 1553 1885 1597 ex
1930 1536 2101 1596 vobis
2150 1537 2425 1598 diabolus
2466 1541 2513 1596 in

432 1643 796 1716 custodiam,
865 1640 1024 1716 quod
1075 1637 1373 1714 significet
1407 1638 1565 1715 quod
1608 1639 1709 1714 qui
1758 1639 1817 1695 in
1858 1636 2025 1698 falsis
2070 1655 2147 1697 ex
2196 1638 2359 1697 malo
2394 1643 2511 1698 sunt

431 1745 736 1821 agressuri
785 1741 1102 1816 deprivare
1147 1738 1284 1797 illos
1333 1741 1492 1797 omni
1538 1755 1685 1798 vero
1735 1755 1810 1796 ex
1872 1737 2075 1796 Verbo
2095 1782 2112 1810 ‚
2164 1745 2402 1799 constat
2452 1755 2513 1797 ex

431 1843 861 1920 significatione
920 1841 1217 1916 conjicere
1275 1841 1335 1896 in
1390 1839 1756 1912 custodiam,
1828 1855 1961 1896 cum
2012 1838 2085 1897 de
2146 1838 2265 1898 illis
2327 1841 2513 1916 quiin

435 1944 742 2004 affectione
785 1941 915 2000 veri
949 1938 1247 2016 spirituali
1281 1944 1447 2012 sunt,
1490 1939 1651 2015 quod
1686 1941 1765 1997 sit
1800 1939 2003 1998 conari
2039 1945 2101 1998 et
2135 1940 2383 2016 aggredi
2418 1939 2508 1998 de-

431 2045 672 2122 privare
708 2043 869 2099 veris
899 2057 973 2097 ex
1008 2039 1244 2107 Vei-be,
1281 2038 1357 2098 de
1394 2057 1513 2115 qua
1548 2042 1849 2122 sequitur3
1888 2045 1948 2097 et
1982 2055 2059 2096 ex
2093 2039 2511 2116 significatione

434 2143 686 2216 diaboli,
737 2140 898 2217 quod
933 2140 1050 2198 sint
1087 2139 1320 2198 inferna
1356 2155 1513 2216 quae
1548 2147 1689 2197 sunt
1732 2143 1795 2198 in
1844 2138 1999 2214 malo
2056 2147 2117 2198 et
2166 2140 2309 2199 inde
2344 2140 2508 2213 falsie,

433 2244 510 2303 de
546 2260 666 2318 qua
713 2257 900 2317 supra
945 2258 1017 2298 n:
1077 2241 1234 2298 120.
1331 2239 1507 2315 Quod
1558 2242 1853 2317 conjicere
1886 2243 1949 2299 in
1983 2241 2350 2311 custodiam,
2396 2257 2511 2300 cum

433 2345 508 2404 de
561 2343 678 2402 illis
731 2344 830 2418 qui
869 2343 932 2398 in
985 2339 1298 2400 affectione
1347 2343 1479 2399 veri
1528 2341 1826 2417 spirituali
1878 2344 2043 2416 sunt,
2098 2343 2176 2400 sit
2222 2342 2422 2400 conari
2464 2343 2514 2398 et

432 2443 676 2521 aggredi
713 2444 1030 2520 deprivare
1071 2441 1231 2498 veris
1273 2458 1346 2499 ex
1382 2441 1617 2510 Verbo,
1684 2449 1777 2500 est
1832 2444 1973 2517 quia
2014 2459 2161 2500 vera
2203 2449 2347 2501 sunt
2378 2443 2511 2500 sicut

432 2547 495 2605 in
535 2543 808 2603 custodia
842 2549 948 2600 ant
985 2544 1046 2598 in
1075 2557 1348 2615 carcere,
1390 2557 1523 2600 cum
1557 2541 1713 2600 falsa
1748 2544 2110 2618 irrumpunt,
2150 2555 2210 2602 et
2246 2541 2511 2618 quamdiu

426 2645 578 2705 haec
631 2645 746 2704 sub
781 2645 1092 2702 intuitione
1131 2649 1299 2715 sunt,
1364 2659 1511 2700 vera
1544 2659 1663 2700 non
1694 2650 1949 2718 possunt
1983 2661 2301 2720 apparere,
2338 2645 2512 2702 minus

427 2749 486 2805 in
523 2746 864 2806 libertatem
901 2743 1088 2802 emitti
1104 2760 1118 2816 3
1168 2741 1256 2800 illi
1294 2742 1394 2817 qni
1429 2744 1489 2800 in
1525 2741 1835 2802 affectione
1866 2747 1993 2803 veri
2034 2744 2337 2820 spirituali
2376 2747 2513 2810 sunt,

431 2849 533 2923 qui
570 2853 710 2904 sunt
745 2847 843 2921 qui
881 2847 1084 2902 amant
1119 2858 1266 2901 vera
1301 2844 1443 2918 quia
1490 2859 1639 2901 vera
1672 2849 1845 2918 sunt,
1908 2845 1969 2903 in
2004 2843 2112 2904 tali
2150 2860 2397 2904 carcere
2430 2851 2511 2902 to·-
2651 2809 2659 2893 J

427 2949 544 3004 ties
586 2944 955 3014 detinentur,
1019 2945 1255 3020 quoties
1305 2959 1425 3000 non
1473 2942 1811 3020 intelligunt
1863 2942 2160 3018 Verbum,
2218 2951 2281 3004 et
2322 2952 2516 3026 tamen
2653 2944 2661 3020 1

426 3043 638 3101 volunt
683 3043 1052 3119 intelligere5
1119 3041 1274 3102 falsa
1325 3060 1481 3118 quae
1528 3045 1865 3121 captivant,
1923 3052 2258 3121 exsurgunt
2309 3045 2387 3104 ab
2430 3046 2513 3102 in·-
2659 3027 2662 3046 ς

429 3144 596 3202 ferne
631 3144 692 3201 in
727 3143 1060 3200 naturalem
1086 3143 1419 3214 hominem,
1467 3145 1702 3220 quando
1740 3144 2115 3204 dominantur
2150 3145 2247 3204 ibi'
2260 3142 2517 3223 jucunda

431 3245 646 3301 amoris
682 3245 779 3302 sui
817 3249 878 3302 et
917 3241 1146 3316 mundi,
1203 3243 1355 3302 haec
1404 3246 1559 3302 enim
1586 3245 1857 3320 jucunda
1906 3252 2044 3304 sunt
2090 3247 2352 3323 origines
2398 3263 2513 3304 om·-

427 3345 590 3402 nium
631 3343 918 3403 malorum
957 3348 1018 3400 et
1050 3342 1188 3402 inde
1222 3344 1542 3418 falsorum,
1603 3347 1881 3404 videatur
1928 3348 1988 3404 in
2032 3345 2362 3405 Deci-nun
2396 3345 2513 3405 No-

426 3463 545 3503 vm
602 3445 1084 3505 Himosomnuu
1143 3461 1214 3501 n:
1271 3445 1357 3502 65
1391 3445 1468 3503 ad
1500 3446 1611 3504 83.
1704 3445 1837 3504 Hoc
1885 3447 1945 3503 in
1995 3445 2293 3523 spirituali
2344 3461 2513 3506 sensu

423 3545 774 3623 intelligitur
809 3561 919 3620 per
953 3544 1168 3620 conjici
1202 3562 1241 3601 a
1264 3543 1523 3604 Diabolo
1562 3547 1623 3603 in
1659 3545 2024 3620 custodiam3
2064 3545 2342 3606 diabolus
2374 3547 2515 3606 enim

225 3663 386 3726 [111]
427 3647 570 3722 quia
603 3652 697 3705 est
733 3645 1057 3718 infernum,
1115 3651 1175 3703 et
1223 3645 1576 3704 ex·inferno
1625 3663 1799 3708 omne
1846 3646 2068 3705 malum
2107 3649 2411 3723 exsurgit,
2460 3647 2513 3702 et

427 3747 560 3822 ejus
609 3745 866 3802 influxus
903 3751 998 3803 est
1029 3747 1088 3803 in
1132 3745 1470 3803 naturalem
1514 3745 1813 3806 hominem
1854 3753 1917 3804 et
1966 3765 2087 3805 non
2126 3748 2189 3804 in
2233 3749 2511 3823 spiritua·-

423 3846 571 3919 lem,
613 3845 750 3904 ideo
793 3843 973 3904 afficit
1008 3862 1212 3904 omnes
1250 3845 1355 3927 qui
1389 3847 1449 3904 in
1486 3845 1725 3904 illorum
1758 3863 2027 3906 amorum
2054 3847 2339 3923 jucundis
2369 3849 2515 3911 sunt,

425 3953 488 4004 et
517 3945 628 4004 hos
664 3946 778 4005 sibi
812 3945 1052 4022 subjicit
1087 3951 1148 4005 et
1193 3945 1337 4003 facit
1372 3946 1608 4004 turbam
1644 3963 1818 4006 suam
1830 3966 1847 4024 3
1904 3963 2041 4004 nam
2078 3963 2285 4008 omnes
2330 3947 2427 4024 qui
2458 3946 2513 4001 iu

421 4044 674 4106 Infernis
729 4052 894 4117 sunt,
957 4048 1020 4104 in
1065 4045 1238 4104 malis
1296 4053 1356 4104 et
1415 4047 1554 4106 inde
1596 4046 1763 4106 falsis
1820 4065 1897 4106 cx
1956 4048 2261 4107 amoribus
2316 4048 2407 4106 sui
2460 4047 2515 4100 et

421 4146 624 4205 mundi
679 4153 845 4222 sunt,
895 4147 1169 4206 videatur
1221 4147 1280 4203 in
1329 4138 1540 4223 Opere
1588 4147 1661 4207 de
1707 4146 1912 4220 Copto
1979 4163 2076 4205 nr·
2116 4147 2393 4207 Ins-nnuc
2450 4160 2509 4200 n:

431 4245 562 4304 551
601 4247 678 4306 ad
709 4247 880 4322 5653
935 4245 1044 4306 sed
1091 4243 1249 4320 quod
1291 4245 1563 4322 jucunda
1604 4245 1844 4306 illorum
1891 4264 2163 4308 amorum
2211 4251 2511 4307 vertantur

431 391 540 446 158
787 377 1277 436 APOCALYPSIS
1319 375 1749 433 EXPLICATA.
1792 375 1840 444 §.
1880 384 2005 437 121.
2034 383 2163 437 122.
2610 314 2650 555 ⁴
