2700 4792
463 375 575 428 220
865 330 1363 420 nocdnrrsls
1404 360 1841 421 expuens.
1922 361 1971 432 ς.
2014 369 2138 424 102.

467 523 648 602 Quod
694 539 807 600 per
843 523 1096 581 scortari
1133 527 1192 580 et
1225 519 1561 599 idolothyta
1597 520 1809 595 edere,
1858 519 2218 596 significetur
2246 518 2505 582 falsificare
2612 573 2614 576 Α

471 641 623 684 vera
658 629 718 682 et
747 621 1088 682 adulterare
1113 621 1290 693 bona,
1323 627 1494 698 patet
1532 638 1770 697 quoque
1810 638 1883 680 ex
1920 638 2013 691 eo,
2064 620 2218 696 quod
2249 620 2389 680 facta
2404 621 2509 680 Isa-

468 723 626 784 belis
661 739 784 782 una
817 738 968 784 voce
1005 721 1280 781 dicantur
1321 723 1721 781 scortationes
1762 727 1824 780 et
1858 721 2312 795 incantationes,
2356 723 2405 779 in
2433 721 2513 780 Li-

469 825 582 884 bro
617 822 898 884 Secundo
933 821 1168 900 Regum
1215 819 1427 896 „Oam
1460 819 1701 881 videret
1726 819 2115 882 Jehoramus
2152 819 2323 895 Jehu,
2378 820 2513 881 dicerit

473 941 628 988 num
653 941 802 1004 paoe
836 918 1036 992 ἆθλα,
1085 921 1198 1003 qui
1231 919 1412 982 dia-it
1444 920 1603 1000 quid
1645 939 1816 1000 pax,
1874 939 2077 1000 usque
2106 919 2195 982 ad
2226 915 2518 982 Scortatio-
2614 922 2616 936 ¹

471 1043 584 1088 neo
625 1019 902 1084 Iaabelie
941 1020 1176 1083 matris
1228 1025 1379 1082 tuae
1428 1027 1489 1082 et
1548 1020 2028 1083 Incantationes
2092 1021 2229 1105 ejus
2284 1019 2517 1081 mieltas“

467 1126 602 1186 IX:
657 1127 770 1184 22.

633 1227 793 1285 162.
858 1226 936 1284 Et
981 1224 1120 1284 dedi
1167 1223 1256 1283 illi
1300 1230 1541 1303 tempus
1586 1231 1655 1284 ut
1706 1226 2101 1302 resipisceret
2134 1241 2172 1283 a
2218 1224 2516 1282 scortatione
2616 1287 2618 1300 Ι

471 1343 618 1403 sua,
673 1333 736 1386 et
767 1343 888 1385 non
923 1326 1207 1402 resipuit,
1259 1324 1419 1401 quod
1454 1323 1751 1402 significet
1784 1324 1945 1402 quod
1987 1325 2093 1401 qui
2126 1324 2261 1384 inde
2308 1324 2363 1382 in
2392 1322 2516 1380 falsis
2616 1329 2618 1338 '

471 1435 631 1504 sunt,
681 1443 802 1487 non
829 1444 897 1486 se
925 1431 1280 1486 convertant
1305 1425 1384 1484 ad
1408 1443 1559 1485 vera
1586 1431 1647 1485 et
1672 1443 1785 1502 per
1811 1442 1975 1500 vera,
2024 1429 2261 1506 constat
2285 1443 2353 1484 ex
2376 1425 2517 1499 signi-

472 1529 758 1589 ficatione
795 1529 1156 1604 resipiscere
1205 1543 1242 1582 a
1275 1527 1637 1585 scortatione
1657 1570 1673 1601 ,
1730 1526 1889 1602 quod
1924 1529 2007 1584 sit
2042 1544 2081 1585 a
2114 1525 2283 1585 falsis
2314 1541 2375 1583 se
2412 1541 2517 1582 con-

473 1637 716 1690 vertere
747 1627 822 1686 ad
857 1644 1036 1698 vera,
1089 1627 1373 1686 scortatio
1412 1627 1567 1686 enim
1606 1632 1699 1685 est
1730 1626 2071 1686 falsificatio
2108 1629 2267 1696 veri,
2314 1641 2377 1684 ac
2406 1625 2515 1682 resi-

471 1733 708 1807 piscere
767 1734 860 1788 est
917 1742 983 1786 se
1049 1733 1407 1786 convertere
1454 1727 1529 1786 ab
1592 1726 1737 1800 illis,
1809 1745 1945 1784 nam
2002 1727 2407 1804 resipiscentia
2454 1731 2519 1782 est
2618 1727 2620 1766 Ψ

473 1828 728 1889 actualis
773 1829 1086 1887 conversio
1123 1845 1161 1885 a
1193 1826 1364 1886 falsis
1402 1827 1477 1886 ad
1512 1807 1686 1902 v'era,
1735 1843 1807 1884 ac
1842 1827 2195 1886 dissociatio
2232 1833 2291 1886 et
2320 1840 2518 1901 separa-

473 1932 558 1988 tio
593 1929 670 1987 ab
703 1927 852 2002 illis,
899 1934 966 1986 ut
999 1945 1186 2004 supra
1241 1945 1312 1985 nt
1370 1929 1536 2002 1433
1588 1933 1647 1986 et
1684 1945 1759 1986 ex
1796 1927 2235 2004 significatione
2274 1945 2380 1986 nou
2402 1925 2518 1982 resi-

469 2031 620 2106 puit,
667 2026 824 2105 quod
851 2029 934 2086 sit
969 2026 1129 2103 quod
1155 2044 1274 2086 non
1309 2045 1348 2086 a
1381 2027 1550 2087 salsis
1595 2027 1672 2086 ad
1705 2045 1851 2087 vera
1886 2045 1953 2086 se
1993 2033 2372 2087 convertant=
2408 2025 2519 2082 haec

475 2129 638 2189 dicta
675 2134 818 2188 sunt
852 2126 926 2186 de
963 2127 1219 2200 Isabele,
1267 2128 1376 2187 sed
1406 2127 1819 2204 intelliguntur
1856 2131 1957 2205 qui
1994 2147 2071 2188 ex
2101 2128 2361 2206 Jucundo
2393 2139 2519 2182 amo·
2620 2125 2622 2174 ἷ

471 2248 606 2288 rum
655 2231 750 2288 sui
807 2234 869 2288 et
921 2228 1125 2287 mundi
1173 2227 1565 2288 falsificarunt
1616 2246 1765 2287 vera
1827 2236 1887 2289 et
1934 2229 2348 2288 adulterarunt
2388 2225 2519 2286 bona.

473 2347 612 2390 nam
651 2331 714 2389 in
765 2329 1140 2406 Propheticis
1187 2328 1377 2388 Verbi
1426 2331 1766 2388 nominatur
1814 2346 1931 2388 una
1980 2347 2278 2407 persona,
2350 2332 2403 2386 et
2442 2337 2521 2400 p'er

471 2429 637 2490 illam
685 2428 1100 2506 intelliguntur
1147 2446 1355 2488 omnes
1406 2431 1507 2506 qui
1560 2429 1732 2488 tales.
1808 2431 2029 2489 Paucis
2080 2431 2312 2490 dicetur
2350 2426 2415 2484 de
2454 2438 2518 2492 eo,
2622 2483 2624 2500 ἶ

471 2531 632 2610 qnod
671 2535 774 2609 qui
809 2531 974 2608 apud
1013 2547 1082 2590 se
1123 2529 1517 2589 laisificarunt
1550 2547 1699 2606 yera
1730 2530 2095 2606 applicando
2140 2531 2217 2590 ad
2243 2524 2521 2609 jucundum

471 2635 690 2692 amoris
717 2633 830 2706 sui,
881 2638 1098 2708 postea
1133 2646 1199 2688 se
1240 2647 1359 2688 non
1402 2636 1751 2689 convertant
1786 2631 1861 2690 ad
1896 2648 2073 2690 vera:
2130 2632 2307 2690 homo
2342 2643 2405 2686 ex
2429 2623 2549 2699 spi-·

467 2733 668 2793 rituali
719 2751 828 2794 seu
877 2733 1110 2791 interno
1171 2729 1442 2806 homine,
1500 2739 1559 2790 et
1604 2749 1679 2790 ex
1730 2733 1859 2809 ejus
1912 2730 2339 2804 intellectuali,
2400 2723 2523 2784 videt

467 2852 639 2905 vera,
677 2851 830 2910 quae
858 2832 1170 2892 Ecclesiae
1199 2837 1360 2901 sunt,
1409 2848 1485 2890 ex
1519 2831 1743 2907 Verbo,
1794 2831 1904 2890 sed
1938 2849 2056 2890 non
2083 2834 2301 2909 recipit
2332 2827 2424 2888 illa
2450 2822 2523 2887 ibi,
2596 2859 2617 2886 s

468 2935 586 2993 nisi
621 2941 906 3010 quantum
945 2938 1107 2991 amat
1140 2931 1248 2991 illa
1285 2948 1481 3008 usque
1513 2938 1580 2989 ut
1617 2931 1765 2990 velit
1802 2932 2001 2991 facere
2038 2932 2179 3010 illa3
2234 2947 2363 2990 cum
2386 2927 2523 2985 homo

466 3033 581 3092 hoc
615 3035 700 3090 ita
728 3033 890 3103 vult,
941 3039 1080 3091 tunc
1117 3033 1399 3092 Internus
1446 3049 1553 3090 seu
1592 3033 1921 3110 spiritualis
1959 3032 2139 3092 homo
2194 3051 2267 3093 ex
2311 3020 2523 3088 naturali

470 3137 532 3192 et
566 3132 697 3208 ejus
733 3136 1020 3192 memoria
1057 3139 1268 3194 evocat
1305 3141 1367 3192 et
1393 3133 1591 3192 elevat
1630 3151 1807 3205 vera,
1866 3151 2021 3210 quae
2058 3133 2177 3209 ibi,
2229 3131 2305 3190 ad
2341 3147 2427 3201 se,
2474 3135 2523 3178 ac

468 3232 775 3310 conjungit
821 3232 927 3291 illa
961 3236 1148 3292 amori
1186 3234 1288 3310 qui
1325 3240 1420 3293 est
1454 3231 1780 3292 voluntatis
1818 3235 1985 3310 ejus;
2042 3236 2128 3292 ita
2166 3233 2421 3310 aperitur
2441 3223 2519 3282 In·

471 3340 678 3392 ternus
735 3331 1065 3410 spiritualis
1119 3333 1326 3409 homo,
1400 3332 1505 3392 ubi
1559 3341 1654 3392 est
1690 3350 1859 3392 mens
1905 3334 2161 3393 hominis
2210 3333 2439 3392 interior
2480 3325 2523 3378 et

469 3437 772 3513 superior,
833 3439 892 3492 et
945 3437 1290 3494 successive
1339 3433 1623 3511 impletur
1672 3440 1732 3492 et
1778 3434 2115 3510 perficitur:
2180 3441 2245 3494 at
2290 3435 2339 3492 si
2380 3429 2519 3486 homo

463 3540 723 3613 patitur,
788 3539 855 3592 ut
902 3533 1176 3592 naturale
1223 3534 1586 3616 jucundum,
1646 3533 1805 3611 quod
1842 3541 1934 3594 est
1963 3535 2299 3613 jucundum
2342 3523 2519 3588 amoris

465 3637 562 3694 sni
601 3642 662 3694 et
695 3631 920 3709 mundi,
972 3634 1489 3710 praedominetur,
1544 3641 1687 3694 tunc
1720 3634 1897 3693 homo
1930 3653 2005 3695 ex
2039 3635 2141 3694 illo
2170 3629 2421 3712 jucundo
2444 3623 2515 3680 vi·

464 3735 568 3796 det
591 3736 822 3808 omnia,
883 3740 943 3794 et
986 3734 1038 3792 si
1063 3751 1245 3806 vera,
1290 3735 1562 3811 applicat
1596 3735 1699 3794 illa
1734 3751 1845 3793 suo
1886 3737 2109 3808 amori,
2160 3743 2221 3794 et
2254 3727 2516 3792 falsificat3

463 3835 625 3912 quod
661 3851 798 3892 cum
833 3833 927 3910 fit,
976 3834 1276 3894 clauditur
1324 3833 1609 3895 Internus
1646 3836 1977 3912 spiritualis
2014 3835 2220 3912 homo,
2268 3847 2392 3892 nam
2422 3825 2511 3891 hic,

461 3937 606 4012 quia
635 3933 711 3993 ad
737 3937 1144 4013 receptionem
1185 3935 1395 3997 talium
1431 3953 1587 4011 quae
1624 3939 1684 3998 in
1712 3935 1897 3996 Coelo
1934 3942 2103 4007 sunt,
2144 3924 2512 3995 accommoda-

461 4041 563 4094 tus
601 4041 714 4111 est,
763 4053 881 4095 non
915 4039 1174 4096 sustinet
1197 4035 1505 4096 falsificari
1530 4054 1709 4111 vera,
1756 4053 1945 4112 quare
1982 4053 2117 4096 cum
2154 4031 2508 4095 falsificatum,

461 4152 528 4196 se
565 4137 860 4196 contrahit
897 4143 958 4196 et
983 4135 1241 4206 claudit,
1282 4153 1478 4213 paene
1516 4138 1671 4196 sicut
1706 4135 1922 4196 fibrilla
1962 4136 2171 4197 aculeo
2208 4139 2382 4205 tacta3
2420 4134 2509 4198 ‘1¹¹⁰

460 4236 649 4295 semel
685 4236 894 4296 clauso
933 4241 1142 4312 regnat
1183 4251 1350 4292 amor
1394 4237 1487 4293 sui
1534 4242 1637 4294 aut
1673 4253 1839 4296 amor
1874 4237 2075 4298 mundi
2094 4281 2111 4312 ‚
2164 4242 2265 4296 aut
2296 4235 2503 4300 uterque

2594 441 2613 532 i
