2700 4792
377 337 490 390 216
721 323 1213 382 APOCALYPSIS
1257 323 1687 380 EXPLICATA.
1730 323 1778 394 §.
1816 333 2134 387 157—159.
2596 395 2642 466 d

375 487 487 562 bis,
525 501 700 545 nemo
738 484 942 544 videre
977 490 1179 562 potest
1215 501 1292 544 cx
1336 499 1519 542 sensu
1564 481 1810 553 literae,
1864 481 1973 542 sed
2024 500 2100 540 ex
2136 499 2310 542 sensu
2340 487 2451 561 spi·
2610 479 2635 516 ‘

376 585 608 659 rituali,
667 585 768 662 qui
815 586 974 645 inest
1007 586 1216 644 sensui
1247 583 1477 644 literae.
2637 569 2640 576 '

535 690 563 745 1
585 687 695 747 58.
771 684 892 746 Sed
941 684 1136 745 habeo
1191 684 1484 743 adversus
1548 691 1607 742 te
1668 699 1902 761 pauca,
1975 683 2135 759 quod
2189 685 2457 762 significet

379 787 538 864 quod
575 785 934 860 cavendum,
1005 791 1240 846 constat
1287 802 1365 844 cx
1413 784 1833 861 sequentibus,
1894 802 2037 844 nam
2069 785 2157 845 ibi
2192 785 2394 846 dicitur
2426 803 2455 844 a

378 886 592 964 quibus
631 887 964 946 cavendum
1000 893 1110 946 est.

535 991 564 1046 l
587 988 696 1048 59.
771 985 946 1064 Quod
980 989 1293 1064 permittas
1339 985 1651 1046 mulierem
1676 985 1960 1061 Jesabel,
2000 985 2164 1063 quod
2188 986 2456 1064 significet

366 1087 704 1167 jucundum
739 1090 957 1147 amoris
993 1089 1090 1147 sui
1127 1093 1187 1148 et
1223 1087 1455 1160 mundi,
1494 1094 1729 1147 constat
1764 1104 1840 1148 ex
1874 1087 2306 1165 significatione
2340 1105 2455 1146 mu-

375 1188 538 1252 lieris
579 1187 862 1264 Jesabel,
919 1188 1079 1265 quod
1116 1189 1194 1247 sit
1227 1186 1505 1247 Ecclesia
1530 1205 1782 1263 prorsus
1816 1205 2144 1264 perversa,
2194 1205 2329 1246 nam
2360 1204 2453 1264 per

375 1289 686 1349 mulierem
727 1291 786 1346 in
833 1287 1038 1349 Verbo
1091 1287 1460 1365 significatur
1512 1287 1805 1357 Ecclesia,
1844 1287 2123 1348 videatur
2174 1306 2244 1347 n:
2309 1289 2448 1346 252.
2645 1361 2647 1364 y

381 1391 543 1450 253.
588 1390 745 1450 749.
793 1390 951 1448 770.
999 1391 1211 1448 6014.
1254 1389 1467 1447 7337.
1513 1389 1734 1463 8994,
1784 1388 1881 1448 hic
1916 1387 2193 1448 Ecclesia
2218 1405 2448 1466 perver-
2647 1431 2648 1434 η

375 1508 476 1566 sa3
515 1499 575 1550 ct
612 1492 753 1566 quia
781 1491 972 1548 omnis
1006 1491 1318 1566 perversio
1356 1487 1669 1548 Ecclesiae
1706 1491 1909 1548 existit
1945 1507 2021 1549 ex
2056 1489 2214 1548 binis
2252 1490 2451 1548 amori-
2649 1505 2652 1516 ·

373 1591 522 1663 bus,
557 1608 774 1668 nempe
813 1608 888 1648 ex
923 1607 1126 1649 amore
1163 1592 1262 1648 sui
1297 1599 1359 1648 et
1394 1606 1596 1650 amore
1636 1588 1867 1664 mundi,
1905 1589 2045 1649 inde
2080 1607 2195 1666 per
2222 1587 2452 1650 Jesabel

375 1689 743 1768 significatur
776 1689 1012 1750 illorum
1059 1707 1330 1749 amorum
1366 1689 1737 1767 jucundum:
1792 1697 2042 1749 vocatur
2091 1690 2363 1750 Ecclesia
2402 1691 2454 1747 in

376 1807 496 1868 qua
540 1797 792 1867 regnant
835 1790 926 1849 illi
969 1808 1242 1866 amores,
1303 1790 1520 1850 mulier
1572 1789 1853 1862 Jesabel,
1910 1809 1985 1850 cx
2038 1808 2111 1850 eo
2162 1790 2321 1867 quod
2360 1807 2455 1866 per
2638 1790 2649 1861 3

373 1889 672 1949 Isabelem
717 1909 965 1952 uxorem
1001 1891 1234 1952 Achabi
1281 1893 1344 1950 in
1381 1890 1585 1952 Verbo
1630 1891 2200 1967 repraesentabatur
2234 1889 2458 1949 illorum
2637 1898 2645 1927 ¹

375 2007 644 2050 amorum
681 1991 1042 2068 jucundum,
1109 1997 1171 2052 ct
1225 2008 1338 2069 per
1388 1992 1449 2050 id
1500 1992 1809 2069 perversio
1861 1990 2173 2051 Ecclesiae
2191 2010 2208 2066 3
2276 1993 2461 2050 omnia

375 2093 531 2150 enim
570 2107 724 2168 quae
761 2094 821 2150 in
859 2091 1092 2167 Verbo,
1133 2095 1314 2152 etiam
1347 2093 1649 2152 Histoi-ico
1667 2136 1684 2166 ,
1731 2094 1959 2168 scripta
1992 2098 2165 2164 sunt,
2216 2108 2459 2168 reprae-

375 2193 673 2251 sentativa
725 2198 864 2250 sunt
913 2192 1118 2251 talium
1181 2209 1336 2269 quae
1392 2192 1736 2267 Ecclesiae,
1808 2192 2084 2251 videatur
2144 2191 2463 2252 Dec-rium

373 2291 587 2352 Novas.
627 2291 1108 2354 Hmnosommn
1137 2311 1207 2352 n:
1251 2295 1390 2354 249
1424 2294 1503 2352 ad
1532 2295 1695 2354 266.
1776 2292 1950 2370 Quod
1986 2295 2177 2352 omnis
2212 2310 2460 2370 perver-

376 2395 465 2452 sio
520 2393 828 2452 Ecclesiae
892 2411 965 2453 ex
1011 2393 1129 2454 illis
1177 2393 1332 2452 binis
1388 2394 1722 2468 amoribu3‚
1792 2393 1928 2453 dum
1985 2401 2239 2472 regnant
2286 2410 2462 2470 super

369 2511 602 2552 amores
639 2493 968 2568 coelestcS,
1027 2496 1276 2570 existat,
1335 2501 1430 2554 est
1479 2496 1621 2571 quia
1655 2494 1744 2552 illi
1776 2494 1901 2552 bini
1946 2511 2181 2553 amores
2218 2509 2458 2571 prorsus
2633 2473 2643 2629 1

367 2596 631 2672 oppositi
658 2601 796 2654 sunt
820 2595 976 2654 binis
1005 2594 1326 2667 amoribuS,
1366 2591 1469 2672 q'ui
1490 2595 1715 2654 faciunt
1738 2593 1986 2654 Coelum
2024 2601 2084 2653 et
2106 2595 2459 2666 Ecclesiam,

370 2697 469 2773 qui
505 2702 646 2756 sunt
671 2696 857 2756 Amor
892 2698 952 2754 in
983 2695 1305 2756 Dominum
1335 2702 1399 2756 et
1426 2712 1594 2754 amor
1628 2711 1776 2772 erga
1805 2697 2167 2771 proximum,
2226 2701 2288 2756 et
2326 2697 2461 2771 quia
2635 2654 2651 2781 l

369 2815 442 2856 cx
468 2797 584 2856 illis
608 2797 760 2856 binis
793 2796 1096 2856 amoribus
1123 2797 1387 2855 existunt
1414 2799 1611 2855 omnia
1646 2795 1804 2854 mala
1833 2803 1892 2854 et
1920 2797 2057 2855 inde
2084 2794 2268 2872 falsa3
2306 2793 2461 2872 quod

365 2899 450 2955 ita
501 2899 605 2972 sit,
664 2897 940 2956 videatur
992 2899 1053 2956 in
1086 2896 1415 2956 Βοῦς-ΒΜΔ
1448 2896 1663 2956 Noun
1708 2896 2193 2956 Hmnosoumn
2246 2916 2315 2956 n:
2354 2897 2459 2954 59.

373 2998 479 3056 61.
531 2999 614 3057 65
674 2997 750 3054 ad
805 3000 928 3073 833
1008 3005 1070 3057 et
1119 3000 1182 3056 in
1237 2995 1440 3074 Opere
1486 2997 1563 3057 de
1612 2994 1826 3056 Conco
1878 3016 1958 3056 m·
2007 2997 2326 3072 Immune,
2390 3015 2459 3054 n:

369 3096 529 3155 252.
586 3097 746 3157 396.
805 3098 963 3156 399.
1019 3099 1184 3156 400.
1236 3100 1402 3157 486.
1471 3099 1599 3157 551
1663 3096 1741 3154 ad
1792 3098 1950 3157 565.
1998 3099 2133 3156 566
2180 3097 2257 3156 ad
2301 3099 2453 3158 575.

163 3215 322 3279 [147]
367 3194 542 3271 Quod
586 3195 789 3255 Isabel
839 3214 989 3256 uxor
1046 3197 1283 3258 Achabi
1341 3200 1889 3275 repraesentaverit
1940 3197 2045 3255 illa
2099 3214 2255 3273 quae
2304 3198 2455 3256 dicta

363 3302 529 3370 sunt,
588 3289 887 3356 videbitur
925 3299 984 3356 in
1017 3315 1171 3356 nunc
1208 3299 1635 3374 sequentibus:
1690 3296 1788 3356 hic
1835 3301 2092 3375 primum
2128 3297 2203 3358 de
2230 3299 2453 3376 jucun-

363 3396 454 3455 dis
491 3413 756 3456 amorum
795 3395 1018 3474 aliquid
1053 3397 1314 3460 dicetur:
1356 3400 1769 3476 unusquisque
1794 3398 1971 3458 homo
2000 3397 2137 3456 talis
2176 3405 2273 3458 est
2307 3415 2453 3475 qua·

360 3497 434 3555 Hs
485 3499 616 3574 ejus
654 3515 846 3569 amor,
894 3505 955 3557 et
992 3514 1163 3558 omne
1187 3499 1521 3575 jucundum
1562 3501 1723 3558 vitae
1750 3499 1882 3576 ejus
1913 3505 2107 3558 estex
2142 3515 2253 3560 suo
2290 3513 2448 3557 amo-

359 3614 461 3673 re3
517 3597 799 3675 quicquid
835 3601 990 3660 enim
1031 3599 1217 3656 amori
1253 3600 1385 3677 ejus
1436 3601 1627 3670 favet,
1679 3598 1793 3658 hoc
1828 3601 2082 3676 percipit
2107 3600 2447 3677 jucundum,

363 3706 421 3758 et
457 3699 736 3778 quicquid
774 3703 962 3760 amori
999 3700 1129 3777 ejus
1167 3699 1549 3775 adversatur,
1600 3701 1713 3762 hoc
1746 3701 2004 3778 percipit
2040 3701 2419 3778 injucundum
2431 3716 2447 3771 ς

359 3808 724 3880 quapropter
771 3803 901 3861 sive
951 3801 1210 3874 dicatur,
1277 3799 1436 3876 quod
1488 3800 1666 3860 homo
1712 3803 1791 3858 sit
1827 3800 2019 3876 qualis
2086 3801 2219 3878 ejus
2274 3816 2444 3870 amor,

356 3903 485 3961 sive
533 3903 769 3962 dicatur
805 3901 967 3980 quod
1003 3900 1180 3959 homo
1218 3900 1355 3960 talis
1390 3903 1469 3959 sit
1505 3900 1684 3977 quale
1730 3907 1825 3960 est
1877 3901 2009 3978 ejus
2044 3903 2207 3960 vitae
2237 3901 2449 3978 jucun-

354 4001 513 4074 dum,
550 4001 708 4060 idem
746 4009 868 4061 est:
915 4003 1018 4078 qui
1043 4003 1247 4077 itaque
1276 4007 1417 4059 sunt
1448 4018 1683 4061 amores
1717 4002 1810 4060 sui
1840 4008 1901 4059 et
1928 4001 2148 4077 mundi,
2187 4001 2302 4061 hoc
2342 4004 2442 4071 est,

354 4099 517 4176 apud
567 4117 716 4174 quos
755 4101 842 4162 illi
883 4117 1116 4162 amores
1157 4109 1437 4178 regnant,
1504 4101 1591 4162 illi
1640 4119 1760 4161 non
1804 4101 2029 4160 habent
2076 4101 2241 4161 aliud
2298 4103 2445 4160 vitae

345 4199 710 4276 jucundum,
771 4201 1106 4259 scu-aliam
1150 4203 1367 4276 vitam,
1422 4219 1597 4278 quam
1645 4205 1828 4261 vitam
1874 4202 2257 4277 infernalem,
2320 4215 2444 4258 nam
