2700 4792
351 375 592 432 CAPUT
625 375 1030 434 SECUNDUM.
1155 385 1158 389 ’
1698 379 1909 435 VERS:
1955 389 2047 443 26.
2210 391 2321 446 237

193 537 326 597 stri
351 535 494 595 Dei
527 533 762 609 nostri,
801 532 1054 594 dicetur
1087 535 1276 611 vobis,
1326 522 1473 616 opes
1504 535 1807 600 Gentium
1849 540 2217 618 comedetis,
2262 549 2325 603 et

189 640 263 699 in
297 634 520 717 ,qloria
566 653 788 696 earum
829 631 1319 713 yloriabimini“
1365 637 1542 696 LXI:
1590 642 1659 698 6:
1708 643 1767 698 in
1808 640 2063 702 Threnis
2120 642 2323 722 „Spi-

189 739 366 800 ritus
417 735 678 796 narium
726 739 1124 808 nostrarum,
1199 733 1439 796 Unctus
1477 735 1803 813 Jehovae,·
1848 746 2072 821 captus
2120 748 2215 802 est
2251 743 2322 804 in

179 838 401 920 foveis
439 853 682 909 eorum,
731 834 809 894 de
842 852 960 912 quo
1012 833 1395 896 dixeramus
1414 881 1431 910 ‚
1492 836 1563 896 in
1604 839 1828 899 umbra
1862 841 1999 922 ejus
2036 841 2319 903 vivemus

189 940 364 999 inter
401 939 668 1017 θεηταί(
722 934 840 993 IV:
877 937 996 1010 203
1052 938 1112 992 in
1153 937 1248 994 his
1297 936 1447 994 locis
1484 954 1595 1012 per
1634 937 1863 998 Gentes
1904 941 2320 1017 intelliguntur

189 1056 406 1098 omnes
454 1039 556 1113 qui
593 1039 652 1094 in
689 1051 890 1094 amore
927 1037 985 1092 in
1023 1034 1350 1094 Dominum
1396 1047 1564 1111 sunt,
1628 1039 1757 1096 sive
1796 1043 1953 1098 intra
1984 1040 2317 1102 Ecclesiam

191 1140 308 1198 ubi
337 1118 607 1198 Verbum
646 1141 770 1205 est,
837 1137 966 1193 sive
1005 1142 1174 1194 extra
1209 1136 1373 1194 illam
1415 1139 1547 1194 sint.
1622 1137 1797 1213 Quod
1830 1156 1941 1216 per
1981 1140 2209 1200 Gentes
2257 1145 2317 1201 in

191 1241 478 1317 opposito
509 1253 691 1294 sensu
726 1235 1137 1310 intelligantur
1163 1236 1250 1293 illi
1287 1239 1391 1312 qui
1414 1239 1475 1294 in
1507 1237 1681 1296 malis
1708 1247 1878 1312 sunt,
1921 1246 1981 1297 et
2015 1239 2315 1301 abstracte

187 1343 330 1417 ipsa
379 1337 570 1411 mala,
645 1341 922 1395 constare
959 1342 1163 1411 potest
1199 1353 1238 1394 a
1298 1337 1721 1412 sequentibus3
1792 1339 1953 1416 apud
1988 1335 2315 1400 Jeremiam

193 1437 595 1514 „Adducam
643 1453 831 1514 super
880 1453 991 1494 vos
1041 1434 1304 1495 G‘mtem
1357 1455 1391 1493 e
1436 1433 1773 1516 lonqinquo
1793 1483 1809 1509 ,
1878 1437 2051 1498 Gen-9
2092 1436 2317 1500 valida

189 1540 357 1613 ieta,
416 1535 589 1597 Gens
627 1554 668 1595 a
707 1533 956 1595 saeculo
994 1535 1158 1606 ista,
1227 1533 1401 1595 Gens
1444 1537 1625 1618 cujus
1656 1557 1781 1598 ‘non
1818 1557 2148 1619 coynosces
2184 1537 2313 1600 lin-

187 1657 396 1720 quam
413 1658 442 1709 ,·
511 1634 783 1696 comedet
827 1653 1092 1695 messem
1153 1641 1334 1695 tuam
1381 1641 1441 1696 et
1481 1656 1717 1716 panem
1765 1645 1947 1700 tuum
1962 1683 1978 1708 ,
2042 1639 2317 1700 comedet

178 1737 369 1821 filios
399 1743 544 1798 tuos
568 1741 628 1795 et
651 1733 840 1816 filias
863 1741 1030 1805 tuae,
1069 1735 1342 1796 comedet
1370 1737 1559 1796 vitem
1586 1743 1765 1799 tuam
1790 1743 1850 1799 et
1873 1739 2075 1820 ficum
2102 1744 2311 1810 ωαψς

190 1835 509 1900 desolabit
550 1837 734 1898 urbes
771 1833 1046 1916 yladz'o“
1114 1836 1202 1894 V:
1255 1839 1284 1894 1
1307 1839 1364 1896 5.
1418 1841 1445 1896 1
1466 1842 1536 1913 73
1604 1843 1802 1916 agitur
1848 1840 1931 1898 ibi
1976 1841 2049 1898 de
2101 1845 2312 1898 vasta-

187 1944 354 2000 tione
392 1937 721 2012 Ecclesiae,
761 1943 822 1995 et
857 1955 968 2012 per
1003 1943 1241 2013 gentem
1276 1938 1627 2014 intelligitur
1666 1940 1907 2010 malum,
1947 1941 2107 2016 quod
2150 1939 2315 1998 illam

190 2046 742 2102 consummaturum
763 2081 778 2109 ,
832 2037 969 2096 inde
1001 2037 1242 2107 dicitur,
1293 2039 1453 2114 quod
1487 2041 1760 2099 comedet
1795 2057 2063 2100 messem
2100 2048 2160 2099 et
2193 2057 2307 2116 pa-

187 2159 357 2213 nem,
415 2139 569 2198 filios
610 2145 671 2196 et
714 2136 895 2210 filiaS,
939 2140 1118 2197 vitem
1165 2145 1227 2195 et
1273 2138 1483 2210 ficum,
1540 2146 1601 2198 et
1654 2139 2093 2222 depauperabit
2128 2140 2310 2198 urbes

187 2241 395 2319 gladio
408 2259 424 2316 3
487 2255 598 2315 per
635 2254 789 2314 quae
829 2237 1235 2313 significantur
1274 2241 1471 2296 omnia
1506 2239 1662 2297 bona
1698 2243 1917 2298 amoris
1956 2247 2015 2299 et
2057 2257 2203 2299 vera
2238 2239 2311 2298 fi-

188 2343 322 2417 dei3
363 2358 476 2416 per
509 2355 765 2398 messem
802 2343 998 2397 status
1036 2340 1394 2414 receptionis
1439 2340 1567 2398 veri
1608 2357 1646 2397 a
1680 2340 1863 2414 bono,
1914 2339 2193 2399 videatur
2236 2359 2307 2399 n:

197 2443 342 2500 929
363 2441 433 2514 53
485 2457 593 2516 per
626 2456 862 2515 panem,
898 2438 1118 2497 bonum
1149 2441 1396 2513 amoris,
1440 2441 1500 2496 in
1534 2439 1860 2498 DocmeA
1896 2439 2117 2500 Novar.
2147 2441 2343 2499 Hui-'⁹

192 2557 582 2612 aesonius,
633 2559 703 2597 n:
752 2543 927 2599 218:
988 2556 1099 2615 per
1133 2539 1286 2598 filios
1327 2546 1389 2598 et
1425 2539 1611 2612 filias,
1679 2539 2023 2599 affectiones
2067 2541 2196 2598 veri
2249 2546 2311 2598 et

193 2642 364 2712 boni,
408 2655 589 2714 supra
621 2659 690 2698 n:
735 2644 763 2698 1
785 2642 907 2699 66:
961 2656 1073 2715 per
1107 2642 1307 2713 vitem,
1347 2640 1623 2699 Ecclesia
1656 2643 1907 2714 interna,
1958 2642 2044 2697 ita
2076 2639 2311 2698 interna

186 2740 528 2814 Ecclesiae,
566 2743 627 2798 in
664 2741 938 2799 Artemis
979 2737 1416 2814 coemamus,
1467 2759 1540 2799 n:
1587 2742 1799 2800 1069.
1848 2741 2057 2799 5113.
2096 2740 2230 2798 637
2248 2741 2305 2797 6.

195 2844 428 2901 9277:
489 2858 601 2916 per
635 2840 811 2899 ficum
824 2883 840 2914 ,
896 2839 1173 2898 Ecclesia
1217 2847 1495 2915 externa,
1550 2845 1635 2900 ita
1684 2847 1932 2901 externa
1965 2839 2295 2914 Ecclesiae,

187 2961 258 3002 n:
326 2943 552 3000 5113:
630 2958 740 3017 por
791 2940 1000 3015 urbeS,
1066 2940 1404 3014 doctrinae,
1476 2959 1541 3000 n:
1605 2945 1768 3001 402.
1828 2941 2042 3000 2449.
2090 2943 2302 3000 2712.

192 3043 412 3101 2943.
457 3043 667 3100 3216.
717 3043 931 3099 4492.
966 3042 1193 3099 4493:
1247 3058 1358 3116 per
1392 3041 1672 3116 gladium,
1711 3041 1927 3100 falsum
1964 3040 2305 3116 destruens,

191 3159 379 3218 supra
415 3160 487 3198 n:
541 3143 650 3200 73.
691 3143 972 3216 1313·ex
999 3140 1093 3199 his
1133 3148 1408 3200 constare
1450 3147 1677 3216 potest,
1730 3141 1890 3217 quod
1914 3157 2025 3218 per
2053 3140 2308 3201 Gentem

190 3241 566 3318 significetur
613 3240 832 3298 malum
883 3240 1046 3316 quod
1093 3241 1348 3300 destruit
1402 3258 1475 3299 ca
1527 3245 1740 3300 omnia.
1823 3240 2004 3319 Apud
2036 3242 2307 3301 Eundem

193 3339 414 3415 „Ecce
444 3339 594 3420 Eyo
632 3339 797 3400 dane
837 3358 1051 3400 coram
1094 3338 1334 3420 populo
1382 3339 1496 3401 hoo
1534 3340 1942 3420 offendicula,
2000 3345 2073 3401 ut
2111 3335 2303 3420 offen-

191 3438 360 3499 dant
406 3439 473 3500 in
521 3439 611 3500 iis
654 3446 879 3519 patres
933 3445 993 3498 et
1034 3439 1175 3520 filia·
1227 3459 1393 3501 una.-
1444 3460 1573 3502 ecce
1628 3441 1925 3521 Populus
1972 3439 2220 3500 veniens
2274 3457 2307 3496 e

185 3547 364 3600 terra
422 3539 868 3619 septentrionis
880 3586 896 3615 ,
964 3545 1024 3598 et
1074 3559 1232 3619 qen-s·
1281 3559 1521 3620 mayna
1570 3561 1650 3602 θα]
1712 3540 2019 3601 lateribus
2082 3542 2301 3612 tmae,

181 3659 312 3702 non
349 3639 766 3715 miserantur,
828 3659 952 3700 vox
1004 3659 1224 3700 earum
1259 3641 1428 3702 sicut
1476 3661 1650 3701 mare
1690 3643 1946 3700 resonat
1961 3683 1975 3708 ,
2023 3642 2082 3696 et
2116 3655 2308 3716 super

183 3740 367 3821 equis
406 3739 737 3819 equitant“
784 3741 907 3800 VI:
961 3744 1072 3799 21.
1109 3745 1219 3800 22.
1256 3743 1342 3800 23
1364 3762 1381 3817 3
1435 3741 1601 3800 Gens
1642 3741 1821 3798 etiam
1855 3738 1937 3795 ibi
1980 3754 2087 3813 pro
2124 3737 2300 3810 malo,

185 3849 246 3900 et
285 3841 500 3918 populi
547 3858 656 3916 pro
707 3841 876 3899 falsis
890 3860 907 3916 3
964 3841 1322 3900 offendicula
1373 3843 1436 3898 in
1490 3840 1704 3916 quibus
1754 3837 2053 3896 offendent
2100 3841 2305 3913 patres

184 3949 244 4000 et
281 3941 418 4015 filii,
467 3947 608 4000 sunt
640 3943 1064 4018 perversiones
1109 3942 1250 4000 boni
1287 3948 1348 4000 et
1392 3941 1549 4008 veri,
1598 3945 1805 4015 patres
1856 3943 1996 3996 sunt
2039 3937 2198 3996 bona
2247 3942 2307 3998 et

181 4041 289 4099 filii
332 4048 475 4100 sunt
515 4057 664 4100 vera
703 4059 856 4118 quae
902 4040 1071 4117 inde3
1113 4041 1379 4117 populus
1417 4039 1632 4098 dicitur
1668 4053 1700 4097 e
1738 4044 1902 4098 terra
1936 4039 2304 4116 septentrio-

182 4145 304 4216 nis,
357 4149 418 4200 et
460 4157 608 4218 gens
647 4160 679 4200 e
720 4141 1009 4200 lateribus
1047 4148 1272 4215 terrae,
1316 4141 1459 4216 quia
1492 4142 1824 4216 septentrio
1854 4140 2151 4217 significat
2186 4139 2304 4198 fal·-

184 4257 316 4301 sum
347 4259 422 4302 ex
451 4242 629 4317 malo,
661 4249 720 4302 et
743 4242 938 4301 latera
966 4249 1161 4302 terrae
1190 4241 1527 4318 significant
1556 4257 1710 4317 quae
1741 4247 1913 4300 extra
1942 4241 2299 4316 Ecclesiam,
