2700 4792
323 353 554 428 caper
611 353 956 410 Tannum.
1711 355 1895 410 unns
1912 353 1936 410 ι·
1970 367 2021 418 a.
2180 371 2289 423 319

31 489 45 600 ᾗ
179 513 476 586 claudere,
551 511 711 590 quod
775 513 854 571 sit
913 511 1076 587 quod
1133 529 1250 572 non
1296 512 1641 588 negabitur,
1704 531 1839 572 nam
1888 532 2020 574 cum
2074 519 2289 577 ostium

175 615 477 688 clauditur,
507 619 766 689 negatur
791 613 1084 686 introitus,
1125 617 1350 672 etcum
1378 629 1496 670 non
1523 613 1841 684 clauditur,
1870 631 1989 674 non
2016 623 2285 695 negatur3

173 715 324 791 quod
357 716 436 772 sit
471 713 590 772 illis
627 715 730 788 qui
763 715 824 771 in
859 711 1151 772 charitate
1179 720 1346 786 sunt,
1390 718 1481 771 est
1518 714 1659 790 quia
1692 713 1767 772 de
1804 715 1923 774 illis
1958 717 2019 774 in
2048 719 2287 795 scriptis

175 815 248 874 ad
279 815 428 874 hanc
451 813 789 874 Ecclesiam
826 815 1039 889 agitur,
1081 812 1359 872 videatur
1386 830 1577 890 supra
1600 832 1670 872 n:
1706 816 1885 890 2033
1922 816 2059 878 inde
2096 825 2284 894 patet,

171 915 324 992 quod
375 933 488 990 per
537 913 676 972 dedi
725 930 924 972 coram
991 919 1052 971 te
1101 915 1330 972 ostium.
1372 919 1685 991 apertum,
1742 921 1803 973 et
1852 932 2027 974 nemo
2082 925 2285 992 potest

173 1016 450 1074 claudere
503 1013 682 1087 illud,
738 1012 1105 1090 significetur
1159 1014 1320 1089 quod
1368 1030 1573 1072 omnes
1620 1013 1775 1074 tales
1822 1017 2285 1076 intromittentur

173 1117 230 1174 in
277 1115 560 1188 Coelum,
628 1123 687 1174 et
743 1113 902 1189 quod
959 1115 1176 1172 nemini
1239 1131 1441 1172 eorum
1493 1113 1822 1189 negabitur.
1900 1113 2077 1192 Quod
2138 1116 2283 1176 dare

173 1218 382 1275 ostium
451 1220 726 1292 apertum
788 1214 1080 1290 significet
1127 1216 1519 1274 intromittere
1584 1216 1643 1272 in
1693 1213 1975 1284 Coelum,
2044 1217 2285 1292 quidem

174 1322 401 1376 constat
435 1333 512 1376 ex
547 1317 844 1376 communi
870 1331 1164 1385 sermone,
1201 1314 1309 1373 sed
1345 1321 1545 1374 tamen
1582 1331 1771 1391 usque
1808 1325 1903 1375 est
1938 1334 2013 1376 ex
2041 1333 2281 1378 corres-

167 1415 508 1492 pondentia,
546 1432 684 1474 nam
719 1414 930 1474 domus
967 1422 1028 1473 et
1055 1417 1255 1473 omnia
1287 1415 1500 1474 domus
1532 1417 1999 1492 correspondent
2030 1419 2280 1478 interio-

166 1517 334 1576 ribus
365 1515 618 1574 hominis
669 1532 823 1592 quae
861 1521 1000 1574 sunt
1047 1517 1262 1576 mentis
1299 1516 1469 1592 ejus,
1522 1523 1583 1574 et
1627 1533 1701 1574 ex
1754 1518 2285 1594 correspondentia

166 1617 268 1674 illa
323 1618 498 1677 etiam
547 1615 882 1692 significant
930 1617 1076 1676 talia
1119 1618 1180 1674 in
1215 1615 1451 1691 Verbo3
1512 1615 1669 1692 quod
1702 1619 1789 1676 ita
1842 1621 1947 1692 sit,
2009 1625 2283 1678 constare

168 1723 368 1792 potest
413 1735 449 1774 a
483 1716 1038 1793 Repraesentativis
1091 1723 1151 1775 et
1197 1717 1588 1792 Apparentiis
1638 1718 1699 1775 in
1733 1716 1948 1793 00610,
2006 1719 2088 1778 ibi
2144 1726 2285 1778 sunt

169 1817 426 1892 palatia,
499 1816 748 1885 domne,
811 1816 1154 1886 conclavia,
1217 1816 1521 1890 cubicula,
1578 1817 1903 1890 vestibula,
1972 1822 2157 1894 atria,
2224 1826 2283 1879 et
2324 1819 2486 1880 [213]

169 1918 324 1975 intus
361 1919 424 1974 in
461 1916 576 1976 illis
613 1918 780 1974 varia
817 1916 892 1975 ad
929 1934 1108 1991 usus;
1161 1917 1314 1976 haec
1350 1927 1491 1976 sunt
1526 1917 1775 1994 Angelis
1816 1937 1889 1977 ex
1926 1937 2285 1996 correspon-

171 2016 410 2091 dentia3
489 2016 626 2074 inde
683 2025 778 2074 est
829 2019 986 2093 quod
1048 2015 1294 2094 Angelis
1364 2019 1829 2095 sapientioribus
1882 2023 2003 2078 sint
2058 2021 2289 2096 palatia

171 2117 676 2194 magnificentiora
711 2134 886 2191 quam
927 2118 1174 2194 Angelis
1227 2121 1422 2176 minus
1460 2118 1873 2195 sapientibus;
1926 2120 2038 2178 sed
2083 2120 2157 2180 de
2191 2121 2287 2180 his

169 2217 440 2276 videatur
485 2219 546 2275 in
583 2217 786 2292 Opere
837 2219 910 2277 de
961 2217 1164 2278 Conco
1211 2237 1290 2277 m·
1343 2219 1621 2277 Immune
1688 2238 1763 2277 n:
1828 2222 1963 2278 183
2004 2220 2082 2278 ad
2128 2223 2283 2294 190,

171 2317 270 2376 ubi
295 2326 496 2388 actum
534 2323 626 2378 est
655 2318 726 2378 de
756 2319 1238 2378 Habitationibus
1269 2318 1633 2394 Angelorum
1666 2319 1864 2377 Coeli:
1904 2327 1965 2378 et
2002 2323 2141 2396 quia
2168 2338 2282 2397 pa·

169 2417 332 2488 latia,
369 2419 577 2476 domus
615 2425 676 2478 et
711 2421 920 2478 omnia
945 2419 1154 2478 domus
1193 2418 1680 2494 correspondent,
1720 2425 1893 2494 patet
1918 2419 2078 2495 quod
2106 2423 2285 2479 etiam

165 2519 422 2594 januae,
461 2521 610 2578 ostia
647 2526 708 2578 et
741 2527 981 2595 portae,
1024 2527 1084 2578 et
1118 2519 1278 2596 quod
1311 2520 1429 2578 hae
1467 2518 1976 2594 correspondeant
2017 2521 2287 2602 introitui

173 2624 246 2696 et·
269 2620 714 2694 intromissioni3
753 2621 931 2678 etiam
969 2636 1103 2678 cum
1130 2620 1320 2696 janua
1354 2626 1522 2694 patet
1560 2626 1802 2695 aperta,
1857 2617 2142 2676 indicium
2190 2625 2287 2677 est

173 2717 328 2795 quod
363 2721 540 2796 copia
572 2719 944 2795 ingrediendi
979 2721 1081 2793 sit,
1122 2726 1184 2777 et
1219 2719 1457 2795 quando
1493 2719 1703 2779 clausa
1738 2719 1895 2795 quod
1932 2736 2051 2777 non
2086 2720 2279 2795 copia.

172 2819 496 2882 Praeterea
515 2827 668 2880 'cum
693 2822 899 2880 novitii
927 2821 1173 2896 spiritus
1200 2821 1657 2879 introducuntur
1680 2823 1741 2879 in
1768 2821 2115 2880 societatem
2138 2835 2281 2878 coe-

171 2918 412 2996 lestem,
471 2924 738 2997 aperitur
789 2921 906 2980 illis
945 2940 980 2979 a
1013 2921 1271 2980 Domino
1325 2923 1427 2980 via
1464 2939 1616 2998 quae
1662 2921 1739 2980 ad
1773 2921 1935 2981 illam
1972 2921 2162 2991 ducit,
2224 2925 2287 2979 et

173 3037 298 3078 cum
348 3021 496 3080 illuc
550 3027 822 3096 veniunt,
903 3029 1155 3099 apparet
1205 3027 1383 3099 porta
1428 3039 1563 3080 cum
1616 3024 1765 3081 ostio
1830 3021 1908 3080 ad
1972 3020 2287 3080 latus-ubi

173 3121 450 3180 custodes
463 3168 480 3197 ,
541 3125 641 3198 qui
675 3123 841 3182 illum
879 3125 1300 3196 intromittunt,
1362 3129 1423 3180 et
1458 3123 1559 3180 alii
1596 3121 1731 3182 dein
1766 3126 1871 3199 qui
1905 3123 2203 3199 recipiunt
2226 3128 2290 3182 et

171 3221 592 3282 introducunt:
659 3241 732 3282 ex
773 3223 882 3282 -his
939 3240 1094 3282 nunc
1149 3231 1425 3282 constare
1480 3230 1707 3299 potest,
1783 3224 1926 3302 quid
1972 3226 2033 3282 in
2085 3222 2289 3284 Verbo

174 3321 508 3397 significant
545 3325 804 3401 januae,
843 3325 999 3382 ostia
1041 3329 1100 3382 et
1137 3330 1386 3399 portae,
1438 3323 1597 3399 quod
1634 3342 1850 3401 nempe
1892 3326 2287 3384 intromissio·-
2368 3353 2375 3360 >

174 3438 306 3480 nem
343 3423 404 3480 in
433 3423 720 3499 Coelum3
773 3431 836 3482 et
875 3426 1016 3499 quia
1042 3423 1316 3482 Ecclesia
1343 3431 1437 3483 est
1468 3422 1712 3484 Coelum
1739 3425 1979 3484 Domini
2005 3427 2065 3481 in
2093 3424 2285 3495 terriS,

176 3525 349 3580 etiam
381 3523 724 3599 significant
761 3524 1258 3582 intromissionem
1289 3526 1351 3582 in
1376 3524 1740 3598 Ecclesiam3
1784 3532 1845 3583 et
1872 3526 2011 3598 quia
2038 3519 2289 3580 Coelum

175 3629 270 3681 aut
295 3621 580 3683 Ecclesia
619 3631 712 3684 est
753 3627 816 3682 in
853 3623 1121 3694 homine,
1163 3623 1300 3682 ideo
1341 3627 1520 3683 etiam
1552 3624 1807 3699 januae,
1850 3625 2029 3695 ostia,
2074 3625 2287 3696 portae

171 3724 502 3800 significant
537 3724 764 3783 aditum
809 3732 870 3782 et
909 3725 1211 3782 introitum
1271 3723 1433 3800 apud
1479 3723 1806 3795 hominem,
1872 3721 1946 3780 de
1986 3736 2105 3796 quo
2150 3737 2291 3781 mox

172 3822 394 3900 aliquid
445 3823 708 3902 dicetur3
771 3832 834 3884 et
885 3827 1026 3901 quia
1074 3827 1270 3883 omnia
1321 3839 1477 3900 quae
1538 3822 1871 3896 significant
1926 3817 2177 3880 Ocelum
2229 3825 2293 3878 et

171 3921 524 3996 Ecclesiam,
569 3925 746 3984 etiam
790 3924 1126 4002 significant
1161 3924 1268 3984 illa
1298 3939 1453 4000 quae
1483 3920 1649 3982 Coeli
1686 3927 1746 3980 ct
1772 3919 2083 3980 Ecclesiae
2128 3924 2296 3991 sunt,
2356 3955 2361 3962 -

171 4021 258 4084 hic
299 4023 410 4084 illa
465 4041 625 4100 quae
679 4026 1097 4098 introducunt,
1155 4041 1309 4101 quae
1354 4027 1496 4082 sunt
1536 4038 1683 4080 vera
1736 4038 1812 4080 ex
1845 4021 2003 4081 bono
2056 4036 2213 4098 quae
2255 4037 2293 4078 a

171 4121 452 4199 Domino,
523 4133 582 4185 et
627 4129 770 4204 quia
819 4126 926 4185 illa
971 4133 1112 4184 sunt
1167 4141 1204 4184 a
1239 4125 1499 4184 Domino
1566 4130 1627 4181 et
1683 4122 1821 4182 inde
1872 4129 2015 4182 sunt
2062 4121 2290 4200 IpsiuS,

170 4224 282 4284 imo
331 4226 478 4302 Ipse
539 4228 597 4285 in
657 4229 798 4300 illis,
865 4227 1000 4286 ideo
1059 4244 1170 4302 per
1217 4226 1497 4300 januam,
1552 4225 1767 4282 ostium
1820 4231 1883 4282 et
1926 4229 2161 4300 portam
2216 4221 2293 4279 ad
