2700 4792
385 379 622 435 CAPUT
660 377 961 435 PRIMUM.
1045 379 1078 452 j
1794 377 2005 433 vans:
2060 387 2115 441 4.
2276 391 2341 442 19

4 517 22 554 ⁹
227 559 378 602 num
415 559 452 599 a
490 539 624 616 Quo
660 537 932 599 Verbum
948 558 965 615 ς
1001 493 1177 618 'quod
1209 538 1374 598 Elias
1406 545 1465 598 et
1501 537 1775 598 Elisaeus
1810 540 2147 618 significent
2182 541 2343 601 Ver-

225 641 406 717 bum,
452 642 538 700 ita
555 639 881 699 Dominum
909 639 1109 717 quoad
1130 637 1430 711 Verbum,
1472 639 1747 698 videatur
1780 658 1839 699 n:
1864 643 2077 700 2762.
2118 643 2343 702 5247:

228 745 462 821 pariter
496 740 806 800 Johannes
833 741 1130 816 Baptista,
1169 742 1275 816 qui
1300 739 1437 798 ideo
1474 739 1667 798 dictus
1706 747 1799 800 est
1820 741 2005 811 Elia&
2038 761 2097 800 n:
2130 749 2163 801 7
2182 744 2343 803 643.

237 845 465 904 9372:
505 842 667 917 quod
700 842 919 900 Petrus
953 840 1248 918 significet
1273 839 1503 910 Fidem,
1540 847 1599 899 et
1624 841 1761 900 inde
1786 842 2110 901 Dominum
2147 843 2349 920 quoad

229 943 440 1017 fidem,
499 944 642 1018 quia
683 941 832 1000 fides
871 949 965 1002 est
1000 959 1038 1000 a
1070 941 1358 1015 Domine,
1414 941 1694 1000 videatur
1727 958 1914 1017 supra
1964 961 2023 1001 n:
2070 945 2143 1002 9:
2206 945 2345 1002 inde

231 1049 513 1104 constare
539 1047 769 1118 potest,
809 1041 966 1100 unde
995 1049 1088 1101 est
1124 1041 1286 1117 quod
1320 1041 1632 1100 Johannes
1670 1041 1966 1117 significet
1990 1043 2341 1118 Dominum3

233 1143 400 1222 quod
433 1142 729 1219 significet
765 1141 964 1218 quoad
1001 1143 1358 1216 doctrinam,
1414 1147 1509 1200 est
1543 1143 1687 1217 quia
1721 1141 1967 1218 dicitur,
2024 1141 2347 1203 Johannes

233 1248 471 1323 septem
505 1239 861 1314 E'ccleaiis,
915 1250 977 1302 et
1019 1259 1131 1319 per
1167 1248 1403 1317 septem
1446 1241 1754 1302 Ecclesiae
1798 1245 2078 1329 insensu
2111 1246 2345 1304 interno

233 1343 652 1420 intelliguntur
689 1360 894 1403 omnes
940 1346 1044 1421 qui
1077 1345 1137 1401 in
1173 1345 1332 1402 veris
1385 1360 1455 1402 ex
1499 1341 1656 1400 bono
1691 1359 1803 1401 seu
1836 1347 1897 1402 in
1930 1343 2046 1404 fide
2084 1361 2161 1403 ex
2195 1345 2343 1404 cha-

237 1447 420 1503 ritate
459 1451 626 1519 sunt,
677 1461 820 1502 nam
856 1444 944 1502 illi
979 1451 1120 1502 sunt
1163 1445 1264 1520 qui
1304 1443 1531 1502 faciunt
1563 1442 1926 1523 Ecclesiam,
1982 1452 2043 1504 et
2077 1444 2348 1504 doctrina

242 1551 340 1605 est
373 1562 526 1620 quae
561 1545 736 1605 docet
759 1544 895 1603 illa:
950 1545 1088 1603 inde
1125 1551 1247 1618 est,
1308 1543 1467 1620 quod
1500 1542 1820 1619 DominuS,
1869 1547 2029 1604 sicut
2062 1553 2155 1604 est
2182 1545 2342 1605 Ver-

242 1647 418 1720 bum,
463 1648 643 1704 etiam
679 1649 760 1704 sit
798 1645 1089 1704 Doctrina
1122 1644 1469 1717 Ecclesiae,
1525 1660 1662 1702 nam
1710 1648 1899 1703 omnis
1948 1645 2219 1705 doctrina
2255 1651 2349 1705 est

241 1765 322 1806 ex
357 1745 594 1804 Verbo:
651 1746 813 1822 quod
846 1745 1142 1804 Dominus
1179 1747 1258 1803 sit
1290 1744 1583 1804 Doctrina
1618 1744 1957 1816 Ecclesiae,
2002 1747 2145 1825 quia
2170 1763 2346 1806 omne

239 1863 454 1906 verum
491 1847 652 1924 quod
677 1847 986 1906 doctrinae
1023 1852 1119 1904 est
1155 1863 1188 1905 e
1225 1844 1459 1919 Verbo,
1515 1846 1601 1904 ita
1628 1863 1665 1904 a
1697 1845 1985 1915 Domin0,
2035 1865 2095 1906 n:
2130 1848 2343 1906 2531.

239 1951 280 2006 2
297 1950 332 2007 8
348 1949 380 2006 5
397 1949 456 2004 9.
503 1949 538 2007 3
555 1953 586 2006 7
606 1951 632 2005 1
653 1952 712 2006 2.

451 2050 562 2106 20.
637 2047 884 2124 Septem
921 2046 1240 2123 Ecclesiis‚
1295 2047 1457 2123 quod
1486 2046 1785 2123 significet
1819 2046 1898 2106 ad
1941 2063 2145 2107 omnes
2190 2047 2345 2122 illost,

235 2150 346 2226 qui
379 2151 442 2206 in
467 2151 628 2208 veris
667 2167 742 2207 ex
774 2147 932 2206 bono
961 2165 1073 2206 seu
1093 2150 1169 2227 ,in
1203 2147 1321 2206 fide
1351 2165 1426 2207 ex
1454 2147 1747 2207 charitate
1788 2157 1955 2224 sunt,
2000 2153 2238 2209 constat
2274 2165 2349 2208 ex

235 2249 670 2326 significatione
699 2255 955 2325 septem,
993 2247 1153 2324 quod
1189 2249 1308 2306 sint
1345 2265 1570 2323 omneS,
1608 2265 1745 2306 nam
1780 2255 2015 2324 septem
2046 2252 2109 2308 in
2142 2247 2347 2309 Verbo

237 2349 575 2426 significant
607 2351 974 2425 principium
1027 2356 1086 2408 et
1131 2348 1339 2424 finem,
1396 2350 1481 2407 ita
1528 2352 1824 2426 integram
1876 2350 2219 2428 periodum,
2272 2366 2348 2409 ac

236 2457 468 2510 statum
491 2450 757 2525 plenum,
796 2449 1068 2508 similiter
1093 2466 1164 2507 ac
1192 2451 1549 2525 septimana,
1579 2468 1637 2507 n:
1675 2454 1757 2508 72
1776 2452 1835 2509 8.
1872 2452 2083 2509 6508.
2120 2450 2343 2522 92283

243 2557 309 2610 et
346 2551 490 2625 quia
527 2547 864 2624 significant
895 2549 1163 2624 plenum,
1202 2553 1389 2611 etiam
1422 2549 1758 2626 significant
1794 2565 2027 2624 omneS,
2067 2550 2348 2625 quoniam

233 2667 448 2710 omnes
497 2649 726 2708 faciunt
773 2648 1046 2724 plenum,
1097 2650 1410 2726 plenitudo
1470 2652 1626 2710 enim
1687 2651 2028 2726 respective
2081 2647 2158 2706 ad
2210 2645 2346 2706 illos

236 2753 343 2828 qui
375 2751 606 2810 faciunt
641 2749 906 2825 aliquam
941 2752 1325 2824 societatem,
1378 2751 1475 2811 hie
1512 2749 1873 2825 Ecclesiam,
1929 2754 2071 2808 sunt
2104 2763 2345 2823 omnes3

241 2867 428 2928 quare
457 2869 599 2910 cum
633 2853 695 2908 in
723 2850 928 2910 Verbo
966 2852 1164 2929 agitur
1190 2852 1265 2911 de
1291 2852 1716 2928 magnitudine,
1745 2868 1857 2929 per
1890 2855 2126 2927 septem
2160 2849 2343 2926 signi-

241 2953 459 3012 ficatur
492 2952 767 3028 plenum3
822 2958 883 3010 et
917 2968 1054 3010 cum
1089 2951 1165 3011 de
1201 2951 1612 3025 multitudine,
1677 2951 2084 3029 significantur
2118 2965 2344 3010 omnes.

233 3053 388 3112 Tria
425 3055 604 3110 etiam
631 3054 692 3110 in
719 3051 924 3111 Verbo
961 3052 1305 3128 significant
1336 3051 1582 3128 plenum
1612 3059 1673 3113 et
1698 3071 1935 3129 omneS,
1974 3051 2252 3112 videatur
2285 3067 2345 3110 n:

240 3153 463 3210 2788.
491 3138 729 3212 4495.
785 3153 1008 3227 77153
1067 3159 1128 3210 at
1163 3153 1269 3212 ubi
1303 3155 1365 3211 in
1403 3153 1606 3229 Verbo
1655 3157 1853 3230 agitur
1904 3153 1978 3214 de
2014 3169 2081 3212 re
2116 3157 2345 3228 sancta,

233 3251 523 3310 dicuntur
554 3258 812 3328 septem,
851 3259 912 3312 et
948 3252 1051 3311 ubi
1085 3255 1283 3329 agitur
1320 3253 1395 3312 de
1435 3271 1787 3332 quacunque
1834 3254 1953 3312 alia
1987 3270 2081 3324 re,
2132 3251 2347 3313 dicun-

233 3360 342 3411 tur
375 3354 520 3426 triav,
576 3369 633 3412 n:
678 3355 807 3411 101
827 3357 950 3428 273
1005 3353 1102 3414 hic
1149 3356 1355 3430 itaque
1404 3355 1679 3414 dicuntur
1715 3361 1981 3430 septem,
2037 3357 2178 3430 quia
2212 3353 2345 3427 agi-

235 3461 340 3511 tur
392 3452 466 3512 de
513 3455 676 3512 veris
727 3469 803 3512 ex
851 3454 1036 3529 bono,
1101 3471 1256 3530 quae
1305 3461 1448 3514 sunt
1494 3461 1703 3513 sancta
1752 3454 2093 3514 Ecclesiae:
2159 3458 2218 3510 et
2270 3467 2349 3510 ex
2386 3461 2509 3527 [16]

231 3554 670 3630 significatione
716 3553 1158 3629 Ecclesiarum,
1215 3554 1377 3631 quod
1428 3557 1547 3614 sint
1592 3557 1695 3632 qui
1738 3559 1800 3614 in
1849 3556 2011 3614 veris
2063 3569 2141 3612 ex
2188 3549 2347 3609 bono

236 3669 351 3712 seu
389 3656 449 3712 in
487 3653 606 3713 fide
655 3670 734 3713 ex
779 3653 1072 3714 charitate
1107 3662 1276 3731 sunt3
1332 3673 1523 3738 causa
1568 3655 1729 3732 quod
1775 3650 1864 3714 ilii
1896 3673 2009 3731 per
2040 3651 2349 3712 Ecclesias
2446 3639 2451 3644 ’

235 3753 679 3831 intelligantur,
720 3761 815 3814 est
843 3757 984 3830 quia
1008 3753 1112 3814 illa
1138 3756 1367 3815 faciunt
1394 3756 1733 3816 Ecclesiam
1760 3755 1921 3832 apud
1946 3769 2349 3830 unumquem-

239 3855 356 3924 vis,
396 3857 498 3931 qui
522 3857 680 3914 enim
701 3872 833 3914 non·
851 3856 916 3914 in
938 3857 1098 3915 veris
1132 3873 1200 3917 ex
1224 3856 1381 3916 bono
1412 3864 1567 3932 sunt,
1606 3859 1847 3916 tametsi
1872 3858 2000 3915 nati
2024 3859 2165 3914 sunt
2194 3856 2353 3914 intra

238 3951 613 4030 Ecclesiam,
661 3972 781 4014 non
809 3971 1002 4033 usque
1035 3956 1111 4014 ab
1143 3957 1421 4017 Ecclesia
1448 3964 1603 4032 sunt,
1647 3959 1790 4033 quia
1812 3956 1981 4015 nulla
2012 3957 2075 4014 in
2099 3955 2220 4014 illis
2258 3961 2355 4014 est

239 4049 548 4132 Ecclesia,
585 4055 722 4115 inde
759 4063 874 4127 est,
912 4056 1072 4133 quod
1101 4057 1377 4118 Ecclesia
1404 4057 1647 4117 Domini
1672 4058 1750 4116 sit
1786 4074 1863 4115 ex
1898 4056 2175 4115 omnibus
2213 4055 2352 4129 illis,

242 4151 580 4232 ubicunque
607 4163 765 4230 sunt,
799 4159 899 4234 qui
916 4157 1194 4218 Ecclesia
1219 4166 1376 4234 sunt,
1415 4158 1529 4216 hoc
1560 4163 1668 4232 est,
1702 4157 1883 4234 quiin
1911 4157 2073 4215 veris
2095 4173 2171 4214 ex
2196 4155 2355 4214 bono

245 4263 414 4332 sunt3
466 4255 626 4331 quod
657 4257 938 4318 Ecclesia
971 4260 1128 4318 sicut
1163 4258 1401 4319 coelum
1440 4260 1521 4318 sit
1558 4259 1619 4315 in
1654 4256 1927 4331 homine,
1984 4263 2045 4315 et
2080 4271 2197 4313 non
2242 4269 2353 4311 ex·-

1850 4363 1884 4396 ι)
1914 4357 1931 4378 ⁶

1853 4399 1883 4414 -
