2700 4792
433 359 542 412 sse
807 344 1293 401 APOCALYPSIS
1339 343 1772 401 EXPLICATA.
1854 345 1905 412 §.
1952 353 2087 406 239.

431 505 726 568 educendi
757 507 900 576 sint,
941 503 1308 580 significatur
1340 519 1453 578 per
1481 501 1640 579 quod
1676 519 1709 561 e
1738 517 1987 562 carcere
2018 501 2245 561 educet
2269 503 2525 562 vinctum
2542 524 2557 579 3

431 608 592 685 quod
623 607 832 683 Ipsum
866 605 1150 664 Divinum
1201 610 1612 662 assumturum
1658 604 1737 661 sit
1770 603 2164 677 Humanum,
2220 602 2564 680 intelligitur

429 725 540 785 per
573 707 702 784 Ego
737 705 1018 766 Jehovah
1049 705 1164 762 hoc
1197 703 1431 764 Nomen
1464 720 1696 773 meum,
1750 709 1815 762 et
1847 703 2113 779 gloriam
2166 719 2366 762 meam
2402 703 2566 762 alteri

431 825 548 867 non
583 806 757 866 dabo.
808 805 991 883 Apud
1021 804 1290 864 Eundem
1335 803 1649 879 „Ducam
1672 821 1887 863 caecos
1911 803 1989 864 in
2018 803 2203 863 viam
2236 821 2429 881 quam
2450 821 2567 863 non

429 910 732 968 noverunt
746 949 764 978 ,
800 905 872 966 in
903 904 1168 966 semitas
1203 923 1367 983 quas
1400 921 1525 964 non
1562 908 1866 965 noverunt
1892 901 2143 964 ducam
2183 921 2309 978 eos,
2336 921 2565 982 ponam

431 1007 714 1068 tenebrae
752 1023 967 1066 eorum
1001 1002 1080 1065 in·
1111 1003 1358 1065 Ζιισεπη(ί
1410 1003 1621 1064 XLII=
1668 1008 1697 1063 1
1716 1007 1787 1080 65
1842 1005 2021 1064 caeci
2076 1007 2268 1063 etiam
2320 1004 2420 1063 hic
2462 1020 2561 1079 pro

431 1107 550 1168 illis
587 1108 694 1184 qui
727 1123 844 1166 nou
878 1108 940 1166 in
977 1104 1176 1181 aliquo
1211 1105 1519 1164 intellectu
1556 1106 1685 1162 veri
1722 1111 1895 1179 sunt.;
1952 1121 2113 1162 vera
2150 1111 2217 1163 et
2251 1104 2413 1164 bona
2446 1105 2563 1162 veri

435 1224 589 1285 quae
625 1208 946 1283 recepturi,
987 1205 1399 1282 significantur
1433 1222 1547 1282 per
1582 1205 1743 1280 quod
1776 1204 2082 1265 ducentur
2120 1206 2185 1264 in
2222 1209 2387 1264 viam
2422 1205 2561 1262 etin

432 1311 678 1369 semitas
743 1323 892 1384 quas
955 1323 1072 1364 non
1133 1300 1461 1380 noverunt}
1516 1305 1830 1382 dissipatio
1884 1305 2031 1364 falsi
2068 1307 2452 1381 ignorantiae
2508 1309 2561 1361 et

431 1409 750 1469 illustratio
811 1405 1182 1483 significatur
1239 1422 1353 1481 per
1384 1423 1603 1481 ponam
1640 1405 1921 1465 tenebras
1990 1423 2211 1465 eorum
2260 1409 2325 1466 in
2357 1405 2554 1464 lucem.

433 1507 614 1587 Apud
665 1507 936 1568 Eundem
999 1550 1037 1583 „
1060 1504 1161 1566 Ab
1200 1505 1437 1566 oriente
1492 1504 1815 1566 adducam
1848 1524 2068 1566 semen
2120 1511 2346 1580 tuum,
2396 1509 2454 1564 et
2490 1503 2559 1563 ab

433 1607 748 1670 occidente
792 1604 1096 1686 eolliyam
1133 1611 1220 1680 te,
1279 1604 1494 1666 dicam
1530 1605 1943 1686 septentrioni
1982 1605 2080 1668 da
2096 1652 2114 1684 ,
2172 1611 2237 1666 et
2283 1602 2558 1666 meridiei

431 1728 508 1772 ne
555 1707 789 1780 inhibe,
844 1705 1060 1768 adduc
1087 1703 1274 1788 filios
1318 1725 1489 1769 meos
1528 1726 1571 1768 a
1614 1704 1991 1787 Ζοπρίηραο,
2050 1713 2115 1768 et
2148 1703 2347 1788 filias
2396 1721 2553 1764 meas

433 1809 512 1870 ab
569 1807 966 1868 extremitate
1021 1812 1225 1868 terrae
1248 1827 1278 1879 ,·
1339 1825 1583 1868 omnem
1640 1812 1931 1868 vocatum
1996 1825 2045 1868 a
2100 1805 2383 1868 Nomine
2434 1819 2551 1862 meo

432 1908 642 1970 creavi
650 1951 667 1982 ,
703 1899 1005 1990 formavi
1014 1951 1030 1982 ,
1083 1906 1280 1968 etiam
1299 1907 1439 1987 feci
1468 1905 1697 1981 illum3
1758 1906 1915 1968 educ
1954 1906 2289 1987 populum
2322 1920 2551 1974 caecum

434 2007 540 2070 eui
578 2005 772 2082 oculi,
839 2013 900 2068 et
949 2006 1183 2068 surdos
1240 2007 1467 2087 quibus
1518 2027 1707 2070 aures
1730 2011 1769 2043 ‘⁸‘
1820 2007 2071 2070 XLIII:
2138 2010 2199 2068 5.
2258 2009 2315 2066 6.
2374 2011 2428 2063 7.
2482 2003 2543 2075 8,·

435 2112 613 2169 etiam
649 2109 800 2166 haec
837 2108 911 2166 de
937 2110 1369 2168 instauratione
1406 2109 1721 2170 Ecclesiae
1756 2108 1923 2186 apud
1950 2117 2252 2186 gentes·a
2278 2106 2543 2176 Domino;

435 2209 734 2270 adducere
787 2225 996 2268 semen
1044 2208 1122 2267 ab
1159 2211 1421 2284 oriente,
1477 2211 1819 2282 occidente,
1870 2212 2295 2286 septentrione
2331 2215 2389 2266 et
2424 2219 2539 2262 me-

434 2310 611 2380 ridie,
667 2316 766 2369 est
803 2327 1007 2368 omnes
1057 2327 1090 2367 e
1127 2326 1483 2386 quacunque
1518 2310 1805 2387 religione
1842 2317 2010 2386 sunt,
2068 2327 2215 2372 nam
2266 2311 2457 2368 oriens
2490 2307 2543 2360 et

433 2411 714 2470 occidens
765 2412 1103 2488 significant
1143 2409 1246 2470 ubi
1305 2411 1526 2470 bonum
1563 2413 1783 2471 amoris
1820 2411 2053 2470 clarum
2110 2418 2175 2471 et
2220 2410 2533 2473 obscurum,

433 2529 504 2572 ac
542 2513 868 2588 septentrio
919 2518 980 2570 et
1025 2509 1304 2570 meridies
1369 2510 1473 2570 ubi
1520 2529 1729 2571 verum
1776 2510 1917 2573 fidei
1976 2514 2041 2572 in
2080 2511 2342 2571 obscuro
2390 2512 2445 2566 et
2484 2504 2536 2562 in

439 2613 631 2688 clai-03
697 2613 794 2671 hic
857 2611 1268 2687 intelliguntur
1317 2613 1421 2688 qui
1464 2612 1525 2670 in
1566 2613 1819 2672 obscuro
1870 2630 1947 2674 ex
1992 2613 2363 2690 ignorantia,
2414 2619 2533 2662 nam

433 2713 647 2772 dicitur
684 2713 835 2772 educ
871 2712 1026 2770 filios
1064 2728 1230 2771 meos
1281 2729 1318 2770 a
1355 2712 1679 2789 longinquo
1735 2721 1795 2772 et
1827 2713 1979 2773 filias
2016 2730 2189 2772 meas
2240 2711 2317 2769 ab
2352 2713 2532 2768 extre-

433 2816 640 2872 mitate
690 2823 917 2883 terrae,
969 2811 1075 2871 filii
1109 2811 1387 2872 dicuntur
1437 2815 1539 2888 qui
1572 2816 1875 2889 recipiunt
1907 2832 2087 2888 vera,
2146 2820 2211 2872 et
2258 2810 2411 2870 filiae
2444 2801 2533 2878 qui

435 2913 624 2985 bona,
684 2930 721 2969 a
753 2913 1077 2989 longinquo
1115 2920 1174 2973 et
1215 2913 1289 2973 ab
1327 2914 1702 2974 extremitate
1746 2922 1941 2975 terrae
1976 2915 2282 2992 significat
2316 2909 2413 2984 qui
2444 2919 2529 2962 re-

440 3014 585 3070 moti
619 3016 760 3070 sunt
795 3029 834 3070 a
872 3015 1030 3072 veris
1070 3019 1130 3073 et
1160 3014 1334 3074 bonis
1368 3013 1713 3092 Ecclesiae;
1767 3015 1931 3092 quod
1966 3031 2177 3076 omnes
2226 3030 2263 3070 a
2297 3004 2525 3069 Domino

439 3113 806 3188 recipientur
867 3120 928 3170 et
981 3098 1463 3174 reformabuntur
1515 3117 1617 3191 qui
1676 3123 2011 3192 agnoscunt
2058 3116 2301 3194 Ipsum,
2356 3102 2521 3181 signi·

437 3212 647 3272 ficatur
680 3227 790 3286 per
825 3216 1055 3286 creavi,
1111 3214 1365 3275 formavi
1402 3221 1463 3274 et
1495 3216 1611 3276 feci
1646 3233 1878 3276 omnem
1914 3224 2195 3276 vocatum
2230 3232 2267 3272 a
2296 3203 2521 3271 Nomine

438 3329 603 3388 me03
654 3311 742 3370 illi
777 3329 932 3371 nunc
969 3321 1106 3372 sunt
1141 3318 1244 3391 qui
1275 3315 1687 3392 intelliguntur
1718 3333 1831 3393 per
1858 3316 2088 3377 Gaeeos
2128 3313 2341 3394 quibus
2366 3299 2519 3369 ocull,

215 3414 396 3494 Ι[256]
441 3419 500 3474 et
532 3431 644 3492 per
679 3411 906 3472 Sui-dos
945 3413 1162 3490 quibus
1200 3433 1397 3475 aures.
1466 3417 1649 3493 Apud
1698 3417 1969 3476 Eundem
2024 3411 2515 3493 „Exspectamue

439 3508 639 3576 lucem
679 3511 791 3573 sed
830 3531 961 3574 eece
1009 3515 1328 3586 cenem-affl
1383 3517 1454 3576 in
1494 3515 1881 3597 caliyinibus
1919 3515 2340 3582 ambulamus,
2378 3493 2515 3584 Pal·

427 3633 672 3696 pamm
714 3614 882 3675 sicut
909 3611 1096 3675 anei
1110 3615 1454 3698 parietem,
1502 3623 1562 3677 et
1595 3617 1763 3678 sieut
1787 3635 1912 3678 mm
1937 3615 2107 3678 oculi
2120 3610 2511 3696 paspitamus

439 3714 816 3795 offendimus
853 3713 924 3774 in
956 3715 1222 3776 meridie
1259 3716 1429 3777 sicat
1468 3716 1539 3778 in
1562 3715 1945 3798 crepusozdo,
1978 3716 2145 3779 inter
2167 3715 2337 3776 vivos
2370 3697 2513 3764 siout

439 3815 723 3880 mov-taff
778 3815 942 3875 LIX·
986 3820 1120 3876 9.1
1139 3820 1208 3894 03
1253 3818 1525 3876 similiter
1558 3820 1655 3878 hic
1693 3817 1875 3877 Caeci
1908 3829 2027 3894 pro
2053 3818 2171 3878 illis
2208 3813 2305 3892 qui
2334 3799 2507 3864 nonin

437 3918 746 3979 intellectu
777 3917 906 3976 *reri
941 3924 1109 3992 sunt;
1163 3918 1449 3977 tenebrae
1500 3925 1559 3977 et
1598 3918 1885 3994 caligines
1930 3926 2069 3978 sunt
2118 3917 2293 3987 salsa3
2342 3901 2503 3966 offen·

440 4017 581 4074 dere
614 4020 674 4074 in
701 4015 947 4076 meridie
983 4020 1138 4077 sieut
1171 4020 1240 4076 in
1255 4018 1630 4094 crepusculo,
1672 4026 1765 4077 est
1791 4035 1993 4079 errare
2028 4023 2088 4078 in
2114 4013 2271 4078 falsis
2296 3992 2501 4068 tametsl

440 4114 502 4166 in
533 4111 669 4168 luce
703 4124 956 4184 possunt
993 4135 1129 4177 esse
1167 4137 1240 4178 ex
1270 4118 1491 4179 Verbo.
1548 4119 1728 4195 Apud
1754 4119 2025 4179 Eundem
2064 4106 2501 4225 „Speculatom'

441 4203 578 4283 ejas
615 4207 780 4266 caeci
816 4227 1082 4288 omnes,
1097 4215 1407 4296 iidemque
1420 4223 1721 4298 pastores
1756 4239 1883 4280 non
1908 4221 2117 4283 sciunt
2142 4192 2491 4286 intelli-qast
