2700 4792
341 382 564 438 CAPUT
606 381 948 441 TERTIUM.
1570 381 1779 438 vmis=
1822 393 2027 446 7-13.
2185 398 2291 450 305

197 545 384 604 orbem
419 529 786 606 universnm
803 589 819 618 ‚
871 539 1206 622 explorare
1237 541 1597 603 habitantes
1634 562 1825 624 super
1868 551 2055 606 terra.
2131 544 2301 608 Eece

197 645 360 706 venio
410 644 560 719 cito,
612 643 812 705 retine
845 641 1014 723 quod
1055 641 1272 715 habea,
1335 648 1411 704 ut
1460 661 1635 704 mmo
1680 644 1959 726 accipiat
2007 665 2301 709 coronam

197 750 380 806 tuam.
453 742 749 822 Virtam-3,
801 743 1055 824 faciam
1092 741 1282 804 illum
1336 741 1693 804 columnam
1738 745 1811 806 in
1852 744 2110 828 Templo
2160 746 2303 810 Dea·

197 847 315 906 mei
323 893 337 920 ,
404 851 464 905 et
493 845 692 926 forae
739 863 864 904 non
901 843 1260 924 eyredietur
1297 841 1583 924 amplius
1595 864 1623 917 ;
1692 851 1753 906 et
1800 846 2073 908 scr-ibam
2110 867 2301 928 cuper

192 943 370 1007 illum
401 945 650 1006 Nomen
684 943 824 1006 Dei
864 944 1020 1014 mei,
1069 949 1130 1004 et
1159 963 1383 1004 nomm
1416 944 1705 1005 civitati-3
1746 945 1886 1007 Dei
1928 947 2053 1007 mei
2104 965 2303 1008 novat

193 1043 696 1127 Hierosolymae,
747 1063 907 1124 quae
949 1043 1272 1105 descendit
1313 1065 1348 1104 e
1384 1042 1567 1105 Coelo
1604 1064 1648 1104 a
1689 1045 1835 1106 Deo
1874 1064 2004 1105 meo
2018 1091 2034 1120 ,
2086 1052 2147 1106 et
2182 1067 2301 1108 no-

193 1166 326 1208 mm
364 1165 570 1228 meum
623 1165 870 1206 novum.
944 1143 1208 1206 Haben-s
1255 1163 1477 1206 aurem
1514 1144 1780 1217 audiat,
1829 1145 1987 1226 qaid
2024 1147 2311 1227 epifftue·

193 1246 344 1310 dicit
379 1243 718 1308 Eccleaiia.
787 1246 866 1306 Et
898 1245 1131 1324 Angclo
1179 1247 1238 1304 in
1273 1244 1693 1322 Philadelphia
1724 1246 2035 1306 Ecclesiae
2082 1248 2297 1320 scribe,

193 1349 476 1426 significat
523 1346 660 1407 illos
713 1333 792 1405 ali
825 1345 1100 1406 Ecclesia
1153 1348 1256 1423 qui
1305 1347 1365 1404 in
1414 1345 1529 1405 fide
1566 1345 1873 1406 charitatis
1920 1354 2088 1407 sunt:
2142 1348 2296 1410 hacc
2334 1351 2497 1414 [204]

189 1450 319 1508 dicit
355 1449 616 1508 Sanctus
651 1447 884 1522 Vei-ua,
939 1446 1234 1524 significat
1283 1463 1320 1504 a
1357 1445 1491 1522 Quo
1526 1446 1632 1504 illa
1666 1445 1847 1506 fides:
1899 1447 2127 1508 habens
2168 1447 2296 1508 cla-

192 1567 318 1608 vem
349 1547 632 1622 Davidis,
677 1543 969 1624 significat
1006 1547 1120 1606 Cui
1153 1547 1423 1624 potentia
1458 1555 1553 1605 est
1586 1563 1696 1624 per
1722 1548 2002 1608 Divinum
2031 1549 2293 1609 Verum:

189 1653 460 1726 aperiens
500 1654 562 1707 et
595 1665 769 1708 nemo
805 1646 1050 1723 claudit,
1099 1655 1160 1706 et
1193 1646 1418 1706 claudit
1455 1652 1515 1706 et
1548 1665 1721 1706 nemo
1753 1652 1965 1724 aperit,
2003 1650 2299 1726 significat

188 1748 610 1808 intromittendi
657 1749 717 1806 in
753 1747 988 1806 coelum
1037 1765 1244 1806 omnes
1283 1749 1383 1822 qui
1422 1749 1480 1804 in
1514 1747 1631 1806 fide
1668 1748 1976 1808 charitatis
2012 1757 2181 1826 sunt,
2234 1757 2296 1809 et
2378 1745 2387 1756 ’

190 1848 530 1909 removendi
568 1865 600 1907 e
627 1848 796 1908 coelo
825 1865 1030 1906 omnes
1067 1850 1313 1930 quinon
1350 1853 1517 1906 sunt:
1556 1851 1697 1907 novi
1732 1856 1839 1906 tua
1874 1867 2075 1926 opera,
2105 1853 2295 1928 signi-

188 1949 318 2008 ficat
346 1951 532 2011 vitam
565 1949 910 2008 charitatis:
960 1964 1100 2007 ecce
1139 1947 1276 2007 dedi
1309 1965 1511 2007 coram
1551 1955 1609 2008 te
1648 1951 1861 2007 ostium
1902 1957 2193 2028 apertum,
2235 1959 2296 2010 et

187 2067 352 2109 nemo
389 2056 592 2126 potest
627 2048 906 2108 claudere
949 2048 1126 2122 illud,
1183 2047 1477 2124 significat
1528 2049 1685 2124 qnod
1738 2043 2199 2110 intrornittentur
2234 2054 2297 2110 in

187 2150 414 2209 coelum
435 2195 452 2222 ,
493 2155 554 2207 et
591 2147 752 2224 quod
785 2149 1010 2208 nemini
1057 2151 1158 2225 qui
1193 2149 1330 2207 talis
1366 2149 1713 2224 negabitur:
1766 2153 1907 2225 quia
1949 2151 2295 2210 nonnullam

185 2249 366 2308 habes
401 2251 761 2325 potentiam,
803 2255 864 2306 et
897 2247 1234 2307 observasti
1271 2266 1465 2308 meum
1502 2248 1770 2321 verbum,
1808 2258 1873 2307 ct
1906 2267 2023 2309 non
2058 2251 2294 2328 negasti

187 2349 412 2409 Nomen
447 2367 677 2423 meum,
731 2349 1026 2425 significat
1067 2350 1226 2426 quod
1277 2347 1395 2407 illis
1446 2355 1675 2405 tantum
1727 2351 2033 2424 potentiae
2088 2368 2124 2408 a
2158 2351 2289 2409 Do-

187 2452 342 2508 mino
377 2452 456 2510 sit
491 2457 698 2508 contra
733 2449 890 2506 mala
925 2457 986 2508 et
1020 2435 1191 2522 salsa,
1231 2455 1515 2524 quantum
1547 2465 1691 2508 vera
1728 2467 1801 2506 ex
1829 2449 2033 2508 Verbo
2068 2450 2294 2509 faciunt

192 2552 379 2618 vitae,
417 2557 474 2608 et
503 2557 834 2627 agnoscunt
867 2548 1154 2610 Divinum
1188 2547 1427 2607 Domini
1462 2551 1522 2606 in
1558 2548 1835 2608 Humano
1870 2548 2109 2624 Ipsius:
2150 2565 2293 2608 ecce

191 2647 346 2708 dabo
382 2666 456 2707 ex
489 2667 800 2727 synagoga
837 2649 1132 2718 Satanae,
1181 2647 1477 2725 significat
1510 2648 1647 2706 illos
1684 2652 1785 2725 qui
1821 2651 1879 2706 in
1916 2647 2182 2706 doctrina
2216 2647 2293 2706 de

186 2749 316 2808 sola
347 2748 464 2808 fide
506 2757 568 2810 et
601 2752 659 2809 in
695 2750 862 2808 nulla
888 2749 1214 2809 charitate:
1253 2749 1573 2808 dicentium
1606 2764 1671 2808 se
1700 2749 1971 2809 Judaeos
2010 2763 2147 2808 esse
2182 2747 2295 2807 sed

186 2853 578 2924 mentiuntur,
617 2849 911 2926 significat
947 2852 1050 2926 qui
1085 2849 1334 2908 credunt
1369 2865 1437 2907 se
1470 2851 1532 2907 in
1565 2852 1725 2908 veris
1764 2865 1899 2909 esse
1927 2865 2064 2907 cum
2091 2853 2295 2907 tamen

186 2958 322 3010 sunt
367 2953 432 3010 in
489 2949 694 3009 salsis:
749 2968 890 3010 ecce
941 2951 1156 3008 faciam
1215 2949 1353 3008 illos
1411 2956 1477 3008 ut
1522 2951 1767 3008 veniant
1814 2957 1875 3008 et
1920 2949 2170 3008 adorent
2217 2948 2297 3008 ad

183 3051 368 3125 pedes
405 3058 566 3124 tuoe,
606 3047 904 3127 significat
939 3056 1160 3108 statum
1198 3057 1403 3108 eorum
1437 3057 1578 3125 post
1605 3058 1883 3125 mortem,
1928 3049 2089 3126 quod
2124 3057 2297 3110 extra

183 3150 412 3210 coelum
465 3156 640 3209 erunt
684 3169 802 3210 non
835 3149 1214 3210 admittendi:
1270 3157 1330 3209 et
1381 3152 1573 3209 sciant
1624 3151 1781 3227 quod
1817 3150 1943 3228 Ego
1996 3150 2177 3211 dilexi
2213 3159 2293 3228 te,

182 3250 476 3328 significat
503 3252 900 3328 cognitionem
926 3251 1061 3310 inde
1090 3250 1249 3326 quod
1274 3250 1565 3310 Dominus
1594 3253 1653 3308 in
1682 3252 1971 3312 charitate
1998 3267 2291 3328 praesens

185 3353 260 3408 sit
295 3357 356 3409 et
381 3353 586 3410 nonin
611 3349 728 3410 fide
755 3351 984 3427 absque
1015 3351 1148 3410 illa:
1201 3352 1342 3426 quia
1370 3353 1625 3412 servasti
1654 3353 1903 3411 verbum
1938 3351 2293 3412 tolerantiae

186 3466 387 3520 meac,
439 3451 735 3528 significat
793 3451 952 3528 quod
985 3453 1240 3510 vixerint
1287 3451 1619 3510 secundum
1655 3458 1985 3530 praecepta
2016 3451 2291 3508 Dominis

181 3556 238 3609 et
270 3549 404 3627 Ego
453 3559 516 3611 te
551 3537 806 3611 servabo
855 3555 917 3611 in
965 3551 1119 3610 hora
1169 3554 1513 3612 tentationis
1562 3553 1800 3610 futurae
1822 3549 2055 3608 ,venire
2106 3565 2292 3625 super

179 3651 388 3710 orbem
423 3653 768 3711 universum
806 3652 1124 3728 explorare
1157 3651 1507 3712 habitantes
1548 3668 1733 3727 super
1766 3657 1944 3722 terra,
1996 3646 2293 3724 significat

179 3756 420 3828 tempus
455 3750 646 3811 ultimi
678 3750 938 3826 Judicii,
997 3751 1234 3826 quando
1274 3751 1557 3811 visitandi
1608 3753 1710 3826 qui
1753 3753 1813 3808 in
1850 3745 2035 3806 Coelo
2083 3749 2285 3823 priori,

177 3851 339 3928 quod
389 3850 478 3910 illi
525 3858 666 3912 tunc
715 3851 1022 3912 salvandiz
1081 3853 1272 3912 retine
1311 3851 1473 3928 quod
1524 3849 1745 3925 habes,
1803 3845 2099 3924 significat
2144 3861 2291 3923 per-

177 3953 540 4010 manentiam
566 3954 628 4010 in
655 3959 818 4012 statu
845 3952 986 4012 fidei
1019 3969 1096 4012 ex
1123 3951 1417 4012 charitate
1445 3965 1637 4026 usque
1674 3949 1752 4008 ad
1776 3947 1985 4006 finem:
2021 3953 2091 4006 ut
2117 3963 2293 4006 nemo

177 4053 442 4128 accipiat
475 4067 756 4112 coronam
783 4060 964 4126 tuam,
1003 4051 1296 4129 significat
1333 4069 1409 4110 ne
1444 4057 1657 4126 percat
1688 4046 2117 4126 intelligentia:
2156 4048 2291 4106 vin-

178 4167 320 4210 cens
369 4152 584 4216 faciam
633 4153 804 4212 illum
849 4153 1186 4212 columnam
1233 4154 1294 4210 in
1333 4150 1585 4228 Templo
1640 4150 1757 4210 Dei
1795 4152 1911 4209 mei
1928 4195 1945 4226 ,
1998 4149 2295 4227 significat

177 4251 338 4326 quod
378 4254 480 4328 qui
513 4259 870 4330 permanent
908 4259 1080 4313 erunt
1113 4255 1174 4312 in
1209 4251 1430 4310 Divino
1459 4249 1622 4312 Vero
1658 4253 1718 4309 in
1760 4249 1972 4311 Goeloe
2031 4257 2091 4309 et
2126 4251 2289 4308 foras

277 4368 704 4424 semanima-g,
737 4369 928 4424 Aponi.
963 4369 1076 4420 0191.
1110 4369 1144 4407 1.
1875 4351 1963 4406 20
