2700 4792
405 310 479 364 44
832 297 1325 354 APOCALYPSIS
1366 295 1801 353 EXPLICATA.
1882 295 1929 364 §.
1974 303 2067 356 39.

402 464 750 538 pugnatura
766 478 782 534 3
836 460 1038 536 agitur
1084 460 1245 518 enim
1300 460 1363 516 in
1413 457 1529 516 hoc
1580 457 1783 517 Versu
1828 457 1890 514 in
1956 471 2176 532 genere
2224 455 2300 515 de
2347 461 2518 516 statu

404 558 716 619 Ecclesiae
758 559 952 636 qualis
1005 559 1242 617 futurus
1294 561 1356 617 in
1402 557 1519 616 fine
1561 558 1724 634 ejuS,
1792 555 2028 633 quando
2081 571 2207 624 non,
2252 556 2520 633 amplius

405 659 557 718 fides
586 661 728 734 quia
761 676 877 718 uon
917 659 1207 735 charitaS,
1263 658 1425 735 quod
1463 675 1677 733 nempe
1703 656 1995 716 Dominus
2039 662 2177 716 tunc
2205 655 2287 717 Se
2328 674 2522 716 reve-

404 759 666 832 laturus,
708 765 768 818 et
804 761 1062 835 agnituri
1091 775 1296 818 omnes
1328 761 1431 834 qui
1466 760 1527 816 in
1552 759 1711 817 veris
1750 774 1825 816 ex
1859 756 2016 815 bono
2052 763 2220 828 sunt,
2266 764 2326 817 et
2353 774 2517 832 quo-

407 877 522 937 que
564 860 753 917 visuri
800 860 901 936 qui
941 861 1002 917 in
1045 859 1215 918 salsis
1270 876 1343 917 ex
1388 858 1578 932 malo,
1630 857 1740 917 sed
1787 857 1947 932 quod
1992 856 2149 915 falsa
2198 857 2524 916 Ecclesiae

401 964 843 1036 repugnatura:
899 959 1059 1036 quod
1097 961 1159 1018 in
1207 958 1583 1036 Apocalypsi
1620 974 1739 1016 non
1786 964 1999 1033 agatur
2034 956 2108 1016 de
2144 959 2523 1017 successivis

404 1058 660 1119 statibus
721 1059 1065 1136 Ecclesiae,
1120 1059 1232 1119 sed
1280 1058 1355 1120 de
1404 1059 1611 1118 ultimo
1667 1064 1827 1116 statu
1882 1056 2120 1133 quando
2172 1058 2305 1116 finis
2355 1057 2522 1134 ejuS‚

402 1159 721 1218 videantur
766 1176 955 1236 supra
999 1178 1069 1218 n:
1129 1161 1204 1237 ὃς
1261 1165 1320 1218 et
1375 1159 1536 1236 quod
1586 1158 1719 1217 finis
1757 1158 1888 1234 ejus
1944 1159 2050 1232 sit,
2106 1158 2343 1234 quando
2388 1175 2523 1217 non

401 1259 551 1320 fides
589 1260 728 1335 quia
761 1256 1207 1334 non'charitas,
1257 1261 1316 1317 in
1359 1259 1668 1336 Opusculo
1706 1258 1780 1317 de
1821 1257 2065 1318 Uin-nuo
2101 1259 2379 1331 Jumcro,
2440 1277 2520 1317 n:

408 1361 495 1420 33
527 1360 606 1419 ad
636 1361 723 1418 39
765 1375 890 1437 seq.
929 1365 991 1419 et
1025 1376 1159 1419 cum
1188 1377 1307 1418 non
1332 1359 1483 1419 fides
1521 1361 1663 1437 quia
1697 1375 1816 1417 non
1850 1357 2131 1433 charitas,
2173 1364 2312 1417 tuuc
2347 1358 2522 1417 falsa

403 1477 480 1520 ex
514 1459 671 1518 malo
708 1464 987 1535 regnant,
1025 1477 1180 1536 quae
1219 1463 1379 1540 veris
1408 1478 1487 1520 ex
1520 1460 1675 1518 bono
1711 1465 2068 1536 repugnant.
2150 1456 2406 1534 Saepius
2452 1462 2522 1518 in

402 1559 608 1620 Verbo
645 1561 1021 1618 nominantur
1065 1560 1314 1636 TribuS,
1373 1562 1513 1638 quia
1544 1560 1806 1636 populus
1841 1559 2212 1618 Israeliticus
2248 1562 2307 1616 in
2342 1558 2514 1617 duo-

405 1660 598 1719 decim
637 1660 855 1719 Tribus
893 1661 1120 1720 divisus
1156 1661 1297 1734 suit3
1355 1668 1416 1720 et
1453 1664 1556 1739 qui
1590 1679 1708 1719 uon
1761 1662 1879 1719 solt
1914 1675 2161 1718 sensum
2204 1652 2513 1719 internum

403 1759 622 1835 Verbi,
661 1766 928 1820 autumat
955 1762 1114 1836 quod
1142 1779 1253 1838 per
1281 1761 1499 1820 Tribus
1535 1761 1941 1836 intelligantur
1971 1760 2191 1820 Tribus
2227 1758 2508 1835 IsraeliS,

407 1867 470 1919 at
501 1877 692 1937 usque
726 1879 846 1921 non
879 1879 991 1937 per
1018 1862 1238 1921 Tribus
1272 1861 1684 1938 intelliguntur
1721 1860 1968 1929 Tribus,
2004 1877 2117 1919 nec
2165 1878 2275 1936 per
2301 1859 2515 1918 Israe‘-

245 1981 366 2043 [33]
406 1960 526 2021 lem
558 1960 908 2038 intelligitur
931 1961 1151 2037 Israel,
1188 1961 1298 2022 sed
1322 1978 1436 2039 per
1472 1961 1691 2021 Tribus
1711 1961 2121 2037 intelliguntur
2156 1977 2361 2020 omues
2399 1963 2517 2036 qui

402 2063 464 2121 iu
499 2063 660 2121 veris
700 2079 776 2120 ex
808 2061 966 2120 bono
1003 2069 1140 2121 sunt
1158 2083 1191 2138 ,·
1223 2069 1284 2120 et
1316 2080 1429 2138 per
1461 2062 1754 2122 Israelem
1787 2061 2063 2120 Ecclesia
2090 2060 2358 2134 Domini3
2399 2064 2514 2136 qui

401 2162 517 2222 hoc
553 2178 672 2220 non
707 2163 924 2234 novit,
969 2162 1142 2223 facile
1206 2165 1451 2239 arripiet
1503 2179 1876 2222 communem
1921 2160 2130 2234 fidem,
2198 2161 2358 2236 quod
2399 2161 2514 2221 filii

403 2261 650 2321 Israelis
686 2278 834 2337 prae
870 2262 1139 2322 omnibus
1175 2265 1236 2320 in
1282 2265 1563 2322 universo
1612 2269 1903 2322 terrarum
1946 2263 2089 2322 orbe
2144 2261 2321 2322 electi
2372 2262 2514 2321 fue-

399 2365 536 2437 rint,
578 2366 639 2420 et
666 2378 900 2437 quoque
933 2363 1091 2441 quod
1127 2363 1365 2423 demum
1399 2363 1810 2423 introducendi
1846 2365 1964 2422 sint
1999 2366 2060 2421 in
2098 2363 2348 2421 Terram
2385 2362 2511 2422 Ca-

401 2479 687 2531 manem,
739 2464 856 2521 imo
896 2467 1075 2523 etiam
1121 2464 1282 2540 quod
1325 2481 1402 2523 ex
1446 2463 1565 2522 illis
1608 2465 1897 2541 imprimis
1948 2463 2198 2523 Coelum
2242 2463 2515 2522 futurum

401 2565 514 2632 sit,
552 2580 687 2622 cum
723 2569 921 2624 tamen
955 2582 1067 2640 per
1101 2567 1341 2624 nomina
1368 2564 1603 2623 illorum
1639 2581 1758 2624 nou
1791 2565 1880 2623 illi
1914 2564 2357 2640 intelliguntur,
2399 2564 2515 2623 sed

403 2665 506 2739 qui
538 2666 599 2721 in
632 2666 790 2724 veris
827 2682 903 2724 ex
936 2665 1130 2735 bono,
1163 2668 1250 2724 ita
1285 2667 1388 2741 qui
1424 2664 1499 2722 ab
1532 2665 1808 2724 Ecclesia
1848 2671 2004 2740 sunt,
2044 2682 2156 2741 per
2192 2663 2514 2725 duodecim

404 2764 623 2824 Tribus
661 2782 898 2835 omneS‚
951 2783 1021 2825 ac
1055 2784 1167 2843 per
1201 2768 1658 2840 unamquamvis
1701 2766 1945 2842 aliquod
1977 2764 2244 2842 speciale
2296 2782 2514 2823 verum

403 2881 474 2924 ac
508 2865 761 2936 bonum,
817 2866 976 2943 quod
1013 2874 1104 2926 est
1142 2866 1265 2925 illis
1303 2868 1405 2941 qui
1441 2866 1516 2924 ab
1552 2865 1845 2925 Ecclesia.
1928 2867 2019 2924 Ex
2055 2866 2149 2925 his
2184 2864 2512 2924 intellectis

403 2973 679 3025 constare
725 2972 955 3042 potest,
1020 2966 1160 3041 quid
1205 2965 1554 3043 intelligitur
1602 2983 1714 3042 per
1771 2968 1947 3027 haec·
1977 2968 2039 3023 in
2099 2965 2509 3043 Apocalypsi;

404 3065 702 3140 „Audivi
733 3085 1064 3127 numerum
1098 3065 1531 3144 siqnatorum,
1599 3069 1887 3127 144000
1926 3065 2221 3145 siynatos
2256 3084 2338 3126 ex
2373 3083 2515 3126 om-

401 3166 589 3227 nibus
654 3164 970 3228 Tribubus
1026 3163 1322 3246 filiorum
1390 3164 1666 3227 Israelis
1694 3187 1717 3228 .·
1803 3185 1883 3228 ea:
1950 3164 2151 3227 Tribu
2218 3164 2514 3227 Jehudae

408 3269 646 3326 12000
701 3267 1035 3346 siynatoss
1087 3279 1168 3326 ew
1221 3263 1423 3326 mhu
1467 3267 1695 3327 Ruben
1748 3267 1984 3326 12000
2041 3266 2373 3345 siynatos:
2424 3284 2513 3327 σω

406 3364 608 3428 Tribu
663 3366 817 3428 aad
871 3368 1107 3425 12000
1159 3365 1489 3444 siynatost
1566 3386 1646 3427 ea}
1702 3365 1903 3428 Tribu
1953 3365 2197 3428 Ascher
2258 3368 2505 3426 12000

400 3466 731 3547 siynatos:
785 3484 866 3526 em
903 3463 1103 3526 Tribu
1127 3464 1492 3546 Naphthalz·
1534 3471 1561 3526 1
1582 3469 1771 3526 2000
1803 3468 2136 3547 siynatos:
2185 3484 2267 3528 ex
2308 3465 2517 3528 wilm

397 3565 736 3628 Menaeche
779 3568 1016 3625 12000
1075 3565 1407 3645 siynatos:
1482 3584 1563 3626 ex·
1616 3565 1817 3629 Tribu
1871 3566 2203 3630 Schimeon
2264 3569 2510 3626 12000

399 3667 695 3747 siynatos
719 3688 739 3727 .·
790 3683 870 3726 θα)
912 3664 1114 3727 Tribu
1146 3665 1311 3727 Levi
1353 3669 1593 3726 12000
1624 3667 1955 3747 siynatoss
2009 3686 2089 3728 em
2121 3667 2323 3729 Tribu
2359 3665 2515 3726 Isa-

399 3767 591 3827 achar
633 3768 870 3826 12000
917 3765 1249 3845 siynatose
1319 3787 1398 3827 ex
1442 3764 1643 3830 Tribu
1691 3766 1961 3830 Sebulon
2007 3770 2243 3828 12000
2284 3767 2516 3846 siyna-

399 3872 537 3928 tos:
590 3883 670 3926 ex
712 3864 913 3927 Tribu
948 3864 1184 3946 Joseph
1227 3870 1467 3927 12000
1508 3867 1837 3947 siynatos:
1892 3887 1971 3929 ecc
2023 3867 2225 3929 Tribu
2261 3865 2512 3950 Benja-

399 3965 538 4026 min
583 3970 817 4027 12000
874 3967 1215 4047 εἱρηατοθί(
1283 3967 1437 4028 VII:
1493 3971 1532 4025 4
1565 3969 1641 4028 ad
1675 3973 1710 4029 8
1734 3991 1750 4046 3
1804 3970 1901 4030 hic
1947 3988 2067 4030 non
2100 3969 2515 4046 intelliguntur

398 4065 489 4127 illi
526 4070 625 4145 qui
663 4085 737 4128 ex
773 4076 950 4146 gente
984 4068 1355 4144 Israelitica,
1412 4069 1522 4128 sed
1565 4087 1771 4129 omnes
1816 4077 2195 4146 quotcunque
2236 4075 2376 4128 sunt
2410 4070 2516 4144 qui

401 4168 465 4231 in
506 4171 666 4229 veris
707 4187 782 4230 ex
829 4169 986 4230 bono
1001 4190 1018 4246 3
1075 4169 1137 4228 hi
1192 4172 1347 4229 enim
1400 4187 1605 4230 omncs
1663 4173 1881 4248 signati
1930 4178 2068 4231 sunt
2117 4171 2195 4229 ad
2242 4169 2509 4245 coelum;
