2700 4792
326 357 548 413 CAPUT
590 355 930 412 TERTIUM.
1378 395 1387 404 ,
1680 359 1903 416 VERS:
1957 369 2014 424 4.
2210 373 2320 427 28¹7

199 519 386 574 vitam
419 516 709 576 moralem
749 518 960 575 vivunt
993 515 1164 577 multi
1199 532 1274 577 ex
1309 517 1591 596 gentibus
1610 563 1627 593 ,
1669 520 1935 596 cogitant
1968 523 2127 580 enim
2162 525 2324 600 quod

197 617 417 676 malum
453 633 572 674 non
607 615 949 675 faciendum
984 619 1091 691 sit,
1149 618 1291 694 quia
1327 625 1421 680 est
1456 626 1663 678 contra
1696 620 2046 697 religionem
2082 639 2319 701 eorum3

195 717 340 776 inde
375 723 464 774 est
501 716 664 794 quod
713 723 836 775 tam
871 716 1042 776 multi
1089 735 1164 776 ex
1207 717 1326 778 illis
1380 718 1705 779 salventur.
1788 721 2072 780 Vicissim
2120 731 2323 784 autem

199 833 380 894 agere
415 816 702 875 moralem
737 817 922 875 vitam
966 835 1086 876 non
1131 835 1206 877 ex
1241 819 1564 896 religione,
1615 819 1727 879 sed
1772 820 1949 880 modo
1999 840 2075 881 ex
2109 824 2321 884 timore

190 917 348 994 legis
396 919 458 974 in
501 917 752 988 mundo,
806 921 866 974 et
915 935 992 976 ex
1045 921 1254 978 timore
1309 919 1587 996 jacturae
1650 920 1847 980 famae
1866 965 1881 990 ,
1954 920 2197 981 honoris
2260 930 2323 984 et

197 1018 378 1091 lucri,
417 1023 512 1076 est
547 1017 834 1076 moralem
870 1019 1057 1076 vitam
1093 1036 1274 1094 agere
1311 1037 1428 1078 non
1461 1037 1541 1078 ex
1576 1022 1804 1097 origine
1843 1020 2175 1097 spirituali,
2210 1023 2321 1082 sed

193 1135 277 1178 ex
317 1120 542 1194 origine
589 1117 876 1193 naturali,
930 1118 1068 1178 inde
1129 1119 1296 1177 nulla
1341 1122 1797 1180 communicatio
1868 1120 1991 1178 illis
2041 1127 2135 1180 est
2184 1139 2321 1182 cum

181 1202 414 1293 '000103
454 1226 514 1276 et
549 1221 693 1294 quia
727 1220 990 1294 cogitant
1023 1219 1317 1279 insincere
1356 1228 1417 1280 et
1450 1221 1671 1296 injuste
1708 1219 1783 1278 de
1818 1222 2114 1296 proximo,
2156 1228 2313 1282 tam-

193 1319 313 1378 etsi
364 1318 540 1378 aliter
585 1318 909 1401 loquuntur
956 1324 1018 1377 et
1061 1325 1274 1396 agunt,
1328 1320 1464 1380 ideo
1515 1320 1633 1380 illis
1688 1319 1991 1380 clauditur
2032 1321 2316 1383 Internus

187 1419 520 1496 spiritualis
555 1418 766 1493 home,
823 1426 884 1479 et
929 1421 1196 1495 aperitur
1243 1421 1418 1479 modo
1453 1420 1732 1480 Internus
1779 1420 2069 1480 naturalis
2115 1421 2312 1498 homo,

195 1536 316 1596 quo
351 1524 568 1596 aperto
625 1520 688 1576 in
720 1518 856 1578 luce
893 1519 1097 1580 mundi
1134 1526 1306 1595 sunt,
1366 1526 1429 1579 at
1460 1538 1579 1578 non
1614 1523 1677 1580 in
1708 1520 1847 1580 luce
1884 1521 2051 1580 Coeli
2064 1541 2081 1596 3
2130 1540 2317 1599 quare

194 1621 374 1680 etiam
408 1619 568 1678 tales
601 1621 664 1677 in
699 1635 766 1678 se
801 1622 976 1696 parvi
1011 1621 1278 1690 faciunt,
1331 1627 1393 1680 et
1436 1621 1676 1703 quidam
1722 1628 1943 1698 negant
1988 1622 2209 1682 Divina
2255 1629 2319 1682 et

191 1720 508 1794 coelestia,
565 1735 638 1778 ac
681 1724 957 1780 naturam
1023 1727 1084 1780 et
1135 1721 1425 1780 mundum
1474 1722 1723 1782 credunt
1771 1738 1909 1782 esse
1954 1739 2145 1782 omne.
2223 1723 2317 1783 Ex

189 1821 286 1880 his
331 1837 488 1878 nune
539 1826 811 1880 constare
857 1825 1089 1898 potest,
1147 1821 1290 1898 quid
1325 1825 1405 1882 sit
1443 1839 1623 1898 agere
1671 1823 1975 1888 moralem,
2006 1825 2191 1882 vitam
2239 1841 2316 1884 ex

191 1923 420 1998 origine
459 1919 785 1998 spirituali,
826 1929 886 1980 et
921 1921 1066 1998 quid
1102 1928 1196 1980 est
1228 1921 1394 1981 illam
1432 1939 1611 1998 agere
1650 1939 1726 1981 ex
1762 1925 1989 2001 origine
2026 1924 2312 1984 naturali:

191 2022 304 2082 sed
345 2021 500 2080 haee
550 2023 615 2080 in
663 2021 912 2080 clariore
971 2021 1106 2080 luce
1163 2024 1438 2098 exposita
1496 2023 1815 2082 videantur
1866 2027 1927 2082 in
1988 2021 2191 2101 Opere
2239 2023 2313 2084 de

196 2120 394 2182 Conno
447 2139 524 2181 Εἰ·
577 2121 852 2180 Imrnnno
914 2140 981 2180 n:
1029 2122 1164 2181 528
1203 2121 1280 2180 ad
1323 2123 1485 2184 535.
1565 2123 1661 2181 De
1706 2122 1823 2181 illis
1888 2125 1989 2200 qui
2024 2125 2312 2184 moralem

191 2225 375 2280 vitam
413 2221 610 2280 solum
649 2239 724 2280 ex
751 2223 976 2298 origine
1015 2222 1274 2282 naturali
1309 2229 1522 2299 agunt,
1563 2222 1777 2282 dicitur
1810 2223 1969 2299 quod
2003 2226 2314 2301 inquinent

191 2325 556 2381 vestimenta
589 2336 733 2397 sua,
771 2340 910 2380 nam
944 2339 1055 2398 per
1080 2325 1439 2384 vestimenta
1472 2321 1822 2398 intelligitur
1855 2322 1915 2381 id
1953 2324 2111 2401 quod
2148 2332 2317 2385 extra

191 2423 396 2498 ipsum
453 2421 751 2480 hominem
800 2429 924 2496 est,
1001 2428 1062 2481 et
1119 2424 1367 2483 investit
1424 2422 1587 2481 illum
1603 2467 1619 2497 ,
1692 2425 1780 2480 ita
1824 2424 1957 2499 ejus
2020 2424 2311 2484 naturalis

196 2522 376 2580 homo
415 2538 543 2580 cum
577 2522 696 2581 illis
733 2538 888 2598 quae
925 2521 1008 2580 ibi
1042 2529 1213 2598 sunt,
1270 2540 1427 2601 quae
1465 2529 1605 2582 sunt
1640 2521 1969 2582 scientifica
2006 2530 2067 2581 et
2102 2527 2312 2600 cogni·-

199 2623 425 2694 tiones,
491 2621 602 2681 hae
651 2639 788 2682 cum
851 2640 926 2682 ex
977 2620 1180 2682 Verbo
1239 2629 1408 2698 sunt,
1464 2625 1848 2699 inquinantur
1890 2639 2001 2698 per
2045 2622 2106 2681 id
2153 2623 2314 2698 quod

191 2721 329 2782 illas
375 2721 570 2784 discat
629 2730 691 2782 et
742 2729 946 2782 teneat
992 2723 1188 2782 solum
1237 2730 1487 2803 propter
1530 2722 1751 2783 famam
1800 2729 1867 2781 ut
1922 2721 2191 2782 eruditus
2252 2729 2315 2782 et

192 2825 350 2884 scius
385 2823 626 2897 audiat,
677 2828 784 2881 aut
816 2830 883 2882 ut
916 2839 1028 2900 per
1060 2823 1124 2882 id
1159 2831 1427 2900 aucupet
1459 2824 1716 2884 honores
1756 2830 1815 2884 et
1847 2821 2115 2882 lucretur
2141 2839 2311 2900 opes,

193 2931 253 2984 et
283 2930 529 3002 praeter
563 2922 698 2982 illos
733 2923 882 2983 fines
918 2941 1036 2982 non
1063 2931 1236 2984 curat
1267 2925 1441 2999 illas3
1475 2927 1561 2984 ita
1598 2926 1965 3000 cognitiones
2003 2941 2079 2984 ex
2106 2923 2309 2984 Verbo

185 3025 542 3100 ‘polluuntur
579 3028 640 3082 et
675 3030 1149 3101 conspurcantnr
1185 3024 1487 3084 amoribus
1523 3027 1617 3084 sui
1654 3032 1715 3084 et
1748 3025 1977 3100 mundi,
2016 3041 2155 3086 nam
2188 3043 2310 3086 una

190 3123 459 3184 habitant
509 3141 642 3182 cum
678 3125 850 3184 malis
902 3131 962 3184 et
1011 3124 1180 3184 falsis
1201 3170 1217 3200 ,
1276 3143 1431 3202 quae
1470 3143 1545 3185 ex
1581 3125 1881 3186 amoribus
1915 3127 2066 3202 illis,
2124 3133 2191 3185 ut
2236 3143 2312 3185 ex

191 3226 314 3284 suis
349 3223 647 3294 fontibu8‚
699 3226 1047 3284 scaturiunt.
1127 3226 1373 3284 Dictum
1410 3234 1503 3286 est
1538 3241 1758 3303 supra,
1800 3228 1961 3303 quod
1995 3227 2171 3287 homo
2206 3225 2313 3285 fiat

197 3323 516 3398 spiritualis
563 3340 674 3400 per
710 3327 1077 3402 cognitiones
1112 3326 1242 3384 veri
1277 3331 1338 3385 et
1371 3325 1512 3384 boni
1566 3343 1639 3385 ex
1676 3326 1914 3402 Verbo,
1973 3328 2309 3402 applicatas

195 3422 404 3481 usibus
456 3426 614 3483 vitae
625 3445 642 3500 3
697 3431 762 3482 at
809 3443 916 3484 eur
963 3424 1140 3484 homo
1189 3425 1517 3502 spiritualis
1570 3426 1637 3485 fit
1684 3443 1793 3504 per
1842 3427 1977 3485 illas
2030 3443 2185 3501 quae
2234 3442 2310 3483 ex

191 3520 410 3598 Verbo,
461 3529 524 3581 et
555 3541 674 3583 non
707 3543 818 3601 per
854 3525 1023 3600 alias,
1061 3543 1219 3584 nunc
1256 3525 1519 3603 dicetur3
1576 3529 1788 3600 omnia,
1830 3542 1983 3602 quae
2016 3526 2079 3580 in
2105 3521 2309 3582 Verbo

191 3632 359 3697 sunt,
416 3625 640 3682 Divina
674 3633 846 3700 sunt,
905 3632 965 3684 et
999 3627 1220 3684 Divina
1255 3634 1395 3685 sunt
1441 3645 1552 3702 per
1598 3626 1657 3685 id
1720 3624 1881 3701 quod
1924 3627 1985 3683 in
2020 3637 2087 3681 se
2124 3624 2307 3698 spiri-

190 3724 410 3783 tualem
461 3740 704 3784 sensum
757 3726 1050 3800 habeant,
1109 3733 1170 3786 et
1221 3743 1332 3803 per
1382 3743 1521 3786 eum
1578 3742 1822 3785 sensum
1874 3724 2311 3806 communicent

189 3838 318 3884 eum
357 3822 546 3884 Coelo
584 3832 644 3884 et
677 3843 814 3886 cum
849 3826 1100 3902 Angelis
1136 3827 1248 3898 ibi,
1306 3832 1675 3902 quapropter
1711 3840 1847 3884 eum
1880 3823 2057 3880 homo
2094 3823 2304 3898 cogni·
2349 3828 2509 3894 [193]

189 3925 386 3984 tiones·
415 3924 602 3984 habet
639 3943 714 3985 ex
751 3926 953 3986 Verbo
1003 3933 1065 3986 et
1097 3927 1234 3986 illas
1272 3925 1539 4003 applicat
1572 3927 1765 3997 vitae,
1822 3929 1966 3980 tune
2012 3939 2125 3998 per
2170 3921 2309 3984 inas

185 4027 580 4084 communicat
627 4021 766 4086 cum
809 4026 1021 4102 Coele,
1090 4028 1150 4086 et
1213 4044 1324 4104 per
1372 4025 1967 4086 communicationem
2026 4023 2195 4084 illam
2244 4024 2312 4084 fit

189 4124 533 4199 spiritualis,
573 4143 712 4184 nam
745 4127 922 4186 homo
959 4125 1289 4204 spiritualis
1325 4126 1391 4184 fit
1423 4142 1535 4201 per
1567 4124 1656 4199 id,
1714 4124 1877 4200 quod
1911 4127 1972 4184 in
2010 4125 2312 4186 similibus

189 4227 338 4284 veris
397 4227 476 4284 sit
523 4243 661 4286 eum
689 4227 945 4305 'angelis
996 4226 1196 4301 Coeli,
1253 4228 1475 4298 autin
1534 4226 2176 4304 correspondentibus3
2246 4228 2309 4286 in
