2700 4792
38 3031 43 3076 ,²

421 377 530 431 130
835 359 1319 418 APOCALYPSIS
1364 360 1797 418 EXPLICATA.
1876 361 1925 430 §.
1970 371 2141 460 107.ν

416 528 662 586 niveum
695 521 994 600 quoddam
1027 523 1184 582 sicut
1215 519 1401 594 lucie,
1452 519 1565 580 sed
1612 535 1689 580 es
1732 520 1873 594 lux,
1930 537 2004 582 ex
2054 537 2179 603 qua
2228 521 2383 580 illud
2426 524 2521 582 ni-

416 641 629 698 veum,
685 628 782 683 est
821 620 1138 690 naturalis,
1183 637 1338 698 quae
1376 618 1515 680 talis
1552 626 1677 694 est,
1732 627 1801 680 ut
1836 621 2117 680 influente
2158 621 2297 680 luce
2334 620 2524 697 Coeli,

419 735 578 802 quae
615 729 709 783 est
743 722 848 781 lux
893 720 1252 799 spiritualia,
1323 726 1591 780 vertatur
1642 722 1703 778 in
1755 721 2070 796 tenebras3
2135 721 2417 780 habitant
2450 722 2528 780 ad

419 824 721 884 sinistrum
757 823 840 882 ibi
875 839 1070 899 paene
1105 823 1166 879 in
1195 821 1435 897 Angulo
1474 823 1897 897 septentrionis
1937 827 1999 880 et
2024 821 2389 897 occidentis;
2440 821 2529 880 illi

419 932 648 984 tantum
695 929 833 982 sunt
869 922 1308 998 intelligentes,
1362 927 1647 996 quantum
1692 923 2059 996 cognitiones
2105 923 2235 980 veri
2272 928 2334 980 et
2386 920 2528 982 boni

421 1023 842 1101 applicuerunt
879 1025 1062 1082 vitae.
1145 1019 1369 1082 Omnes
1418 1021 1531 1094 illi,
1588 1022 1689 1094 qui
1722 1023 1785 1078 in
1824 1020 2261 1097 cognitionibus
2298 1024 2433 1080 veri
2468 1028 2527 1081 et

416 1123 556 1185 boni
583 1105 750 1198 sunt,
805 1131 866 1182 et
901 1139 1018 1181 non
1055 1119 1383 1181 seeundum
1424 1121 1556 1178 illas
1594 1122 1655 1178 in
1690 1119 1845 1180 bono
1883 1123 2081 1191 vitae,
2132 1123 2345 1180 vivore
2374 1137 2521 1198 pos-

419 1231 558 1284 sunt
595 1239 788 1299 aeque
827 1203 1114 1280 {noralem
1139 1224 1321 1279 vitam
1360 1237 1432 1280 ae
1468 1221 1557 1279 illi
1582 1221 1683 1296 qui
1726 1222 1786 1278 in
1822 1219 2261 1297 cognitionibus
2294 1227 2523 1281 suntet

417 1341 528 1401 per
575 1323 711 1382 illas
749 1325 808 1380 in
847 1323 1002 1381 bono
1063 1325 1248 1394 vitae,
1313 1320 1424 1380 sed
1474 1336 1666 1396 usque
1710 1321 1955 1380 moralis
1991 1321 2229 1382 illorum
2265 1323 2399 1384 vita
2434 1326 2521 1380 est

419 1423 710 1483 naturalis
749 1429 808 1482 et
843 1439 960 1480 non
995 1420 1353 1498 spiritualia,
1394 1421 1674 1496 quoniam
1708 1421 1771 1479 in
1807 1423 1933 1484 vita
1974 1437 2087 1480 sua
2112 1438 2231 1479 non
2258 1423 2515 1495 sineere,

411 1525 582 1601 juste
631 1531 694 1582 et
737 1522 892 1582 bene
929 1523 1139 1580 vivunt
1189 1537 1261 1580 ex
1315 1521 1631 1597 religione,
1696 1527 1758 1580 et
1808 1523 1909 1597 qui
1947 1538 2065 1580 non
2106 1537 2183 1580 ex
2228 1519 2518 1597 religione

415 1625 570 1684 bene
627 1626 874 1691 vivunt,
939 1623 982 1680 ii
1029 1639 1147 1680 non
1199 1627 1455 1696 possunt
1512 1621 1797 1698 conjungi
1850 1621 2056 1696 coele,
2114 1637 2257 1680 nam
2306 1620 2515 1698 religio

417 1725 560 1782 facit
613 1723 910 1780 hominem
947 1721 1353 1797 spiritualem,
1424 1727 1485 1780 et
1530 1720 1839 1798 conjungit
1882 1720 2049 1780 illum
2098 1721 2364 1796 angelis,
2419 1722 2514 1796 qui

417 1821 592 1880 modo
619 1821 964 1896 spirituales
1009 1830 1178 1880 sunt-z
1232 1837 1308 1880 ex
1343 1820 1629 1898 religione
1664 1821 1821 1880 bene
1856 1822 2089 1894 vivere,
2151 1828 2245 1880 est
2282 1823 2507 1897 cogita-

415 1939 500 1990 re,
539 1921 696 1980 velle
732 1928 792 1979 et
825 1921 1042 1994 facere,
1083 1923 1222 1998 quia
1247 1922 1334 1979 ita
1366 1927 1757 1996 praeceptum
1794 1927 1887 1979 est
1918 1923 1981 1980 in
2021 1920 2246 1994 verbe,
2286 1928 2348 1980 et
2377 1923 2509 1997 quia

415 2022 708 2080 Dominus
749 2022 810 2079 id
843 2021 1144 2080 mandavit
1155 2040 1170 2095 3
1227 2026 1290 2079 at
1321 2037 1443 2078 non
1484 2037 1559 2078 ex
1594 2020 1883 2097 religione
1916 2022 2157 2090 vivere,
2214 2028 2311 2080 est
2344 2023 2505 2096 cogi-

417 2129 576 2195 tare,
624 2121 782 2182 velle
813 2127 872 2178 et
897 2121 1098 2179 faeere
1141 2120 1336 2178 solum
1377 2125 1629 2196 propter
1660 2120 1829 2196 leges
1866 2121 2075 2182 civiles
2122 2127 2183 2180 et
2216 2121 2503 2193 morales;

415 2221 478 2302 bi
515 2222 654 2297 quia
697 2237 814 2279 non
852 2227 1126 2296 spectant
1171 2221 1288 2278 alio
1333 2236 1513 2295 quam
1554 2220 1627 2278 ad
1663 2219 1777 2278 has
1790 2264 1807 2294 ,
1871 2221 2007 2280 ideo
2044 2237 2113 2281 se
2148 2220 2507 2298 conjungunt

415 2321 611 2380 solum
651 2321 900 2390 munde,
953 2338 1060 2397 pro
1107 2337 1225 2397 quo
1260 2321 1430 2395 leges
1464 2320 1607 2380 illae
1642 2326 1815 2395 sunt3
1873 2327 1933 2379 at
1986 2319 2073 2380 illi
2120 2326 2403 2397 spectant
2435 2319 2507 2378 ad

414 2421 752 2496 Dominum,
793 2429 850 2480 et
885 2421 1023 2480 inde
1057 2437 1126 2480 se
1163 2421 1529 2496 conjungunt
1562 2420 1719 2497 Ipsi:
1762 2421 1925 2498 quod
1948 2428 2161 2496 gentes
2200 2420 2505 2481 salventur

417 2528 509 2580 est
542 2523 715 2582 unice
751 2539 828 2580 ex
882 2539 988 2596 eo,
1053 2521 1210 2597 quod
1253 2522 1313 2578 in
1360 2522 1487 2578 vita
1528 2535 1643 2579 sua
1689 2527 1967 2596 spectent
2012 2521 2089 2580 ad
2136 2520 2501 2597 religionem,

415 2625 744 2698 cogitantes
797 2629 856 2682 et
905 2622 1170 2681 dieentes
1219 2620 1376 2698 quod
1420 2623 1507 2678 ita
1552 2627 1613 2679 et
1656 2638 1775 2679 non
1818 2622 1994 2680 aliter
2028 2621 2367 2680 faciendum
2412 2623 2501 2694 sit,

414 2725 554 2798 quia
589 2729 682 2782 est
717 2728 924 2782 eontra
957 2721 1126 2797 leges
1163 2722 1467 2796 religionis
1504 2737 1682 2795 suae,
1721 2723 1807 2779 ita
1842 2727 2049 2780 contra
2082 2721 2401 2795 Divinum,
2448 2725 2504 2779 et

413 2839 546 2880 eum
579 2825 664 2880 ita
701 2825 962 2897 cogitant
997 2828 1058 2881 et
1093 2822 1232 2880 inde
1281 2821 1536 2889 faciunt,
1588 2820 1861 2880 imbuunt
1895 2823 2079 2880 vitam
2114 2821 2500 2897 spiritualem,

413 2939 568 2996 quae
607 2921 744 2978 talis
772 2928 867 2979 est
901 2922 1063 2997 apud
1097 2922 1266 2996 illue,
1319 2926 1387 2978 ut
1420 2926 1637 2996 postea
1669 2923 1731 2978 in
1757 2921 1979 2980 Mundo
2016 2920 2317 2997 spirituali
2352 2921 2501 2981 reci-

251 3021 372 3084 [93]
415 3022 586 3095 piant
621 3035 766 3077 vera
811 3039 955 3097 prae
993 3021 1379 3089 ChristianiS,
1430 3020 1549 3079 illis
1586 3021 1689 3096 qui
1734 3021 1880 3080 nihil
1922 3023 2185 3097 cogitant
2232 3037 2309 3080 ex
2346 3021 2495 3080 Ver-

405 3119 489 3177 bo
539 3124 598 3176 et
649 3135 722 3178 ex
776 3121 1042 3182 doctrina
1094 3121 1407 3182 Ecclesiae
1456 3137 1611 3196 quae
1670 3137 1745 3178 ex
1794 3120 2027 3196 Vei-be,
2084 3119 2228 3179 dum
2280 3117 2494 3196 aliquid

410 3219 651 3279 faciunt.
731 3222 828 3280 Illi
863 3226 966 3299 qui
1000 3238 1117 3279 non
1169 3237 1244 3279 ex
1291 3221 1579 3297 religione
1628 3223 1924 3296 cogitant,
1978 3222 2121 3297 quia
2154 3235 2275 3280 non
2322 3221 2490 3297 spiri-

409 3319 603 3378 tuales
639 3331 804 3396 sunt,
861 3339 972 3380 nee
1009 3320 1230 3378 habent
1265 3321 1725 3394 conscientiam,
1766 3337 1952 3396 quare
1988 3322 2041 3379 si
2080 3327 2331 3380 externa
2363 3319 2489 3379 illo-

406 3437 537 3478 rum
571 3422 845 3495 vincula,
906 3437 1060 3494 quae
1099 3426 1239 3478 sunt
1271 3438 1381 3496 pro
1418 3421 1553 3496 lege
1588 3425 1649 3479 et
1683 3437 1794 3496 pro
1830 3421 2019 3494 sama,
2076 3419 2193 3479 illis
2227 3422 2488 3480 remitte-

404 3527 636 3594 rentur,
683 3525 926 3579 ruerent
959 3520 1019 3575 in
1055 3536 1226 3578 omne
1263 3519 1468 3595 nefas3
1524 3526 1587 3577 at
1628 3520 1927 3593 vicissim,
1972 3523 2025 3580 si
2052 3519 2202 3593 illis,
2260 3521 2365 3596 qui
2397 3534 2490 3578 co·-

407 3622 601 3696 gitant
637 3637 712 3677 ex
749 3618 1058 3694 religione,
1103 3626 1346 3679 externa
1382 3618 1651 3693 vincula,
1721 3637 1877 3696 quae
1925 3626 2065 3680 sunt
2099 3621 2347 3678 timores
2390 3633 2489 3695 pro

401 3720 537 3797 lege
577 3725 637 3776 et
670 3717 861 3791 fama,
899 3718 1302 3789 auferrentur,
1337 3735 1532 3794 usque
1570 3721 1835 3789 sincere,
1861 3720 2029 3797 juste
2066 3725 2125 3778 et
2158 3719 2315 3778 bene
2350 3734 2487 3795 age-

400 3825 564 3888 rent,
609 3833 746 3874 nam
783 3818 995 3877 timent
1037 3817 1266 3895 Deum,
1319 3824 1383 3878 et
1416 3820 1475 3876 in
1516 3820 1639 3878 vita
1682 3818 2059 3880 obedientiae
2102 3825 2163 3879 et
2192 3817 2489 3878 eharitatis

399 3922 682 3976 tenentur
731 3933 762 3976 e
799 3918 966 3977 coelo
1003 3937 1039 3977 a
1077 3919 1368 3993 Domino,
1418 3917 1529 3978 Cui
1582 3920 1883 3996 conjuncti
1918 3925 2075 3978 sunt.
2166 3917 2343 3994 Quod
2392 3916 2486 3991 illi,

401 4018 504 4092 qui
538 4023 822 4092 separant
857 4020 1274 4082 charitatema
1303 4018 1438 4092 fide,
1475 4015 1755 4078 ‘dicantur
1787 4019 2147 4091 Nicolaitae,
2192 4024 2289 4077 est
2314 4033 2486 4094 prae·

400 4117 574 4192 cipue
599 4134 673 4176 ex
699 4121 862 4177 vocis
887 4119 1048 4178 illius
1071 4135 1216 4178 sono
1239 4121 1300 4176 in
1331 4117 1531 4191 Coelo,
1570 4135 1710 4177 nam
1742 4125 1919 4178 sonat
1948 4137 2024 4178 ex
2051 4135 2196 4178 vero
2224 4135 2337 4178 seu
2361 4114 2487 4186 fide,

399 4223 458 4274 et
493 4235 609 4276 non
645 4236 720 4277 ex
753 4219 910 4277 bono
946 4237 1059 4277 seu
1088 4218 1408 4277 charitate:
1448 4217 1607 4292 quod
1633 4235 1707 4276 ex
1736 4217 1982 4277 vocibus
2010 4219 2073 4275 in
2098 4217 2329 4294 Verbo,
2358 4215 2485 4275 seiri
