2700 4792
316 369 570 427 ‘CAPUT
605 371 1022 428 SECUNDUM.
1708 373 1919 431 VERS:
1963 388 2017 439 3.
2177 389 2283 442 195

147 535 543 594 Matthaeum
574 576 612 607 „
627 500 944 616 in'cisquie
967 532 1194 612 recipit
1211 531 1589 614 pmphetam
1614 534 1685 595 in
1710 533 1985 596 Nomine
1999 537 2277 618 prophe-

153 642 300 707 tae,
381 632 728 693 mercedem
752 631 1098 715 prephetae
1135 635 1403 714 accipiet
1419 656 1440 696 .·
1500 639 1563 694 et
1606 633 1718 713 qui
1761 635 2003 716 recipit.
2020 637 2285 720 justum

150 738 230 796 in
263 733 550 796 Nomine
585 733 794 815 justi,
849 732 1188 794 mercedem
1220 734 1401 818 justi
1444 733 1711 814 accipiet
1718 754 1747 806 ;
1806 741 1867 796 et
1916 736 2029 816 qui
2052 745 2282 818 potum

155 835 420 896 decim-it
453 834 571 894 uni
605 853 686 894 ex
720 835 826 896 hie
859 834 1094 915 parvis
1116 832 1424 914 poculum
1444 833 1747 914 friqidac
1780 834 1989 897 colum
2033 838 2105 898 in
2136 838 2278 900 No-

154 937 336 996 mine
389 930 764 1013 Discipuli,
824 954 1006 994 amen
1051 933 1194 994 dico
1238 935 1440 1011 vobis,
1503 953 1629 995 non
1666 935 1895 1014 perdet
1938 937 2281 1000 mercedem

157 1037 405 1098 cuam“
455 1035 553 1094 X:
611 1038 722 1094 41.
777 1039 887 1096 42.
969 1035 1266 1111 Recipere
1318 1036 1677 1113 prophetam
1724 1037 1786 1093 in
1822 1037 2073 1096 Nomine
2127 1053 2273 1115 pro-

157 1138 424 1213 phetae,
471 1136 706 1212 justum
752 1139 814 1194 in
855 1136 1110 1194 Nomine
1139 1136 1318 1211 justi,
1392 1143 1451 1194 et
1502 1141 1709 1212 potum
1736 1135 1889 1195 dare
1926 1138 1986 1194 in
2022 1137 2275 1198 Nomine

161 1235 470 1312 discipuli,
517 1234 814 1311 significat
844 1253 1046 1294 amare
1085 1253 1292 1294 verum
1327 1242 1577 1313 propter
1601 1252 1827 1310 verum,
1870 1236 2094 1296 bonum
2128 1255 2275 1315 pro-

158 1346 306 1414 pter
339 1336 587 1409 bonum,
648 1341 709 1394 et
757 1353 1042 1395 exercere
1091 1336 1441 1398 charitatem
1493 1354 1569 1395 ex
1616 1334 1731 1395 fide
1768 1339 1927 1412 νοτὶς
1982 1355 2095 1414 per
2125 1353 2273 1416 pro·

161 1437 416 1514 phetam
454 1419 606 1494 enim
644 1435 1014 1513 significatur
1048 1453 1286 1512 verum,
1351 1454 1465 1512 per
1493 1437 1727 1513 justum
1762 1437 2129 1514 significatm·
2161 1439 2277 1498 bo·-

169 1554 349 1606 num,
385 1541 446 1594 et
475 1553 579 1611 per
615 1535 980 1613 discipulum
1019 1536 1395 1612 significatur
1428 1536 1649 1595 bonum
1688 1553 1763 1595 ex
1802 1554 1981 1608 vere,
2032 1543 2093 1597 et
2128 1539 2271 1599 darc

167 1641 382 1713 potum
417 1636 658 1713 frigidae
701 1644 796 1698 est
833 1655 908 1696 ex
943 1637 1285 1696 obedientia
1315 1637 1665 1695 charitatem
1704 1653 2019 1711 exercere,
2058 1639 2120 1696 in
2143 1639 2271 1700 No-

161 1738 328 1796 mine
371 1753 572 1796 eorum
613 1745 706 1796 est
741 1743 989 1813 propter
1027 1737 1204 1814 quale
1237 1737 1505 1808 illorum,
1548 1738 1635 1794 ita
1666 1744 1915 1814 propter
1947 1737 2053 1796 illa
2064 1758 2081 1814 3
2136 1741 2271 1815 quia

153 1853 422 1914 nsquam
475 1837 580 1896 illa
631 1838 1052 1897 intellecturus
1115 1843 1310 1906 esset,
1381 1837 1499 1894 nisi
1549 1837 1729 1896 sciret
1778 1839 1923 1914 quid
1974 1838 2270 1915 significat

156 1937 411 1997 Nomen.
506 1937 727 1997 Amare
767 1945 827 1997 et
873 1938 1076 1998 facere
1125 1953 1335 1996 verum
1369 1944 1619 2014 propter
1652 1955 1893 2009 verum,
1948 1946 2010 1997 et
2044 1939 2267 1998 bonum

151 2044 408 2114 propter
459 2037 711 2107 bonum,
773 2043 868 2097 est
919 2037 1076 2097 affici
1107 2053 1252 2096 vero
1289 2043 1353 2096 et
1384 2036 1541 2096 bono
1564 2044 1823 2114 'propter
1862 2039 1997 2112 illa,
2056 2046 2117 2096 et
2150 2056 2269 2099 non

152 2145 412 2215 propter
447 2141 541 2197 sui
589 2139 838 2212 famam,
891 2138 1207 2211 honorem,
1273 2143 1334 2197 et
1380 2137 1611 2196 lucrum
1631 2157 1645 2210 ;
1708 2138 1815 2197 illa
1856 2138 2091 2198 affectio
2139 2142 2269 2198 veri

151 2246 224 2298 et
255 2238 425 2311 boni,
487 2244 582 2296 est
617 2239 852 2298 affectio
892 2255 1035 2298 vere
1071 2237 1429 2313 spiritualis,
1487 2243 1549 2295 at
1586 2237 1821 2298 affectio
1861 2240 1989 2298 veri
2026 2245 2085 2297 et
2126 2240 2267 2298 boni

151 2345 408 2416 propter
444 2341 540 2396 sui
585 2340 838 2408 famam,
889 2339 1208 2412 honorem,
1265 2345 1326 2398 et
1367 2337 1631 2413 lucrum,
1686 2343 1781 2397 est
1832 2338 2065 2398 affectio
2102 2356 2266 2398 mere

149 2439 484 2511 naturali83
535 2444 594 2496 et
640 2441 780 2514 quia
828 2439 917 2500 illi
967 2441 1068 2515 qui
1116 2445 1320 2497 amant
1366 2454 1579 2496 verum
1636 2444 1697 2496 et
1741 2437 1963 2498 bonum
2012 2444 2265 2514 propter

151 2555 378 2597 verum
417 2543 479 2596 et
515 2537 764 2611 bonum,
817 2555 926 2598 seu
975 2541 1115 2616 quia
1155 2545 1250 2599 est
1294 2554 1505 2596 verum
1554 2543 1616 2596 et
1664 2537 1916 2610 bonum,
1980 2540 2041 2598 in
2079 2540 2263 2614 spiri-

155 2637 320 2697 tuali
356 2635 670 2696 affectione
706 2641 831 2697 veri
867 2647 925 2698 et
958 2639 1100 2698 boni
1133 2644 1301 2712 sunt,
1363 2635 1501 2696 ideo
1552 2635 1766 2696 dicitur
1818 2635 1978 2710 quod
2024 2651 2259 2695 merce-

151 2740 296 2798 dem
324 2737 662 2814 prophetae
705 2743 765 2797 et
789 2737 940 2816 justi
975 2742 1298 2816 accipient,
1343 2737 1459 2796 hoc
1496 2743 1617 2807 est,
1666 2734 1825 2813 quod
1861 2737 1921 2794 in
1964 2735 2265 2813 spirituali

153 2839 470 2900 affectione
523 2841 650 2898 veri
685 2845 744 2898 et
793 2839 934 2900 boni
973 2841 1092 2899 sint
1109 2884 1127 2914 ,
1195 2856 1350 2916 quae
1389 2838 1623 2898 affectio
1669 2838 1733 2896 in
1788 2851 1857 2896 se
1905 2836 2261 2908 mercedem,

151 2942 302 3015 quia
351 2938 618 3013 coelum,
673 2939 875 2998 habet.
982 2939 1158 3015 Quod
1205 2939 1461 2999 felicitas
1511 2938 1665 2998 coeli
1714 2937 1792 2996 sit
1836 2939 1899 2996 in
1944 2937 2259 2998 affectione

155 3038 400 3097 mandi
435 3044 494 3097 et
541 3027 800 3098 faciendi
851 3057 1063 3100 verum
1118 3047 1178 3099 et
1223 3039 1448 3099 bonum
1506 3039 1734 3116 absque
1780 3037 1898 3097 fine
1946 3037 2259 3111 mercediS,

157 3142 250 3197 ita
283 3146 525 3213 propter
562 3157 771 3198 verum
810 3145 872 3198 et
906 3139 1158 3214 bonum,
1196 3139 1473 3198 videatur
1508 3141 1570 3196 in
1606 3140 1880 3198 AncAms
1918 3138 2255 3198 Connus-n-

159 3257 282 3298 nus
331 3255 398 3295 n:
443 3237 648 3297 6388.
713 3242 925 3298 6478.
975 3242 1182 3299 9174.
1229 3241 1440 3298 9984.
1519 3238 1697 3314 Quod
1728 3239 2033 3314 Propheta
2066 3241 2259 3316 signi-

153 3339 300 3398 ficet
363 3337 670 3398 docentem
723 3357 964 3412 verum,
1038 3341 1124 3398 ita
1178 3355 1415 3417 quoque
1468 3339 1769 3425 abstracte
1828 3355 2038 3398 verum
2100 3339 2261 3414 quod

155 3439 440 3512 docetur,
491 3455 562 3496 nt
623 3440 1084 3500 2534.-7269.
1177 3439 1353 3515 Quod
1399 3438 1641 3498 Justum
1692 3437 1986 3514 significet
2037 3436 2261 3494 bonum

153 3540 374 3598 amoris
433 3541 498 3596 in
549 3537 900 3614 Dominum,
965 3558 1032 3598 n:
1093 3541 1304 3600 2235.
1378 3538 1589 3598 9857.
1685 3536 1865 3612 Quod
1908 3534 2259 3610 Discipulus

155 3639 446 3714 significet
507 3637 728 3698 bonum
782 3657 860 3698 ex
907 3655 1082 3714 vero,
1150 3639 1310 3717 quod
1356 3645 1451 3698 est
1500 3638 1721 3697 bonum
1780 3633 2117 3706 charitatis,
2180 3649 2256 3692 n:

157 3740 370 3796 2129.
413 3740 626 3798 3354.
670 3741 883 3798 3488.
943 3740 1154 3800 3858.
1203 3742 1416 3800 6397.
1500 3736 1677 3812 Quod
1723 3741 1931 3811 potum
1984 3731 2127 3789 dare
2179 3732 2259 3790 sit

151 3839 448 3897 instruere
482 3841 546 3897 in
577 3838 750 3897 bonis
790 3845 850 3897 et
885 3842 1046 3898 veris
1092 3839 1266 3910 fidei,
1321 3857 1393 3898 ac
1428 3841 1517 3898 ita
1552 3837 1905 3896 charitatem
1950 3847 2257 3907 exercere,

151 3955 218 3997 n:
263 3940 479 3997 3069.
515 3940 727 3998 3772.
772 3941 985 3997 4017.
1029 3942 1244 4000 4018.
1283 3941 1498 3998 8562.
1536 3937 1747 3996 9412.
1828 3931 1907 3990 Et
1942 3932 2103 4008 quod
2126 3931 2258 3993 No-

152 4054 286 4098 men
319 4037 616 4114 significet
643 4039 821 4114 quale
861 4040 981 4108 rei,
1016 4057 1087 4100 n:
1134 4038 1491 4098 144.145.
1536 4035 1747 4094 1754.
1788 4033 1999 4092 1896.
2036 4035 2253 4094 2009.

157 4137 380 4198 3237:
435 4138 572 4198 inde
613 4138 850 4197 Nomen
891 4139 1168 4199 Jehovae
1215 4155 1327 4198 seu
1381 4137 1625 4196 Domini
1686 4150 1863 4194 omne
1918 4134 2096 4210 quale
2143 4151 2259 4211 per

155 4237 306 4309 quod
343 4237 590 4308 colitur,
641 4256 708 4296 n:
753 4241 966 4298 2724.
1011 4239 1220 4299 3006.
1268 4240 1482 4298 6674.
1532 4237 1748 4296 9310.
