2700 4792
40 7 97 15 *-

42 141 51 238 k

45 305 65 451 ι

43 564 71 616 .⁰·

331 363 566 420 CAPUT
605 361 952 422 'runi-mm,
1708 361 1929 440 vulis:
1974 373 2027 424 9.
2184 377 2293 430 320

187 525 508 601 proximum
525 567 543 600 ,
586 521 729 598 quid
769 524 1108 598 proximum,
1143 521 1286 599 quid
1319 522 1571 596 bonum,
1610 523 1756 600 quid
1780 523 2117 600 conjunctio
2153 524 2297 585 boni

187 631 245 683 et
272 625 430 697 veri,
471 621 618 698 quid
650 624 777 681 vita
811 621 1172 699 spiritualis,
1217 627 1278 681 et
1313 622 1455 698 quid
1490 621 1725 682 affectio
1762 623 2109 700 spiritualis,
2150 626 2297 708 quid

187 725 578 796 conscie-ntia,
646 721 789 798 quid
823 721 1076 781 liberum
1111 721 1421 781 arbitrium
1439 766 1455 796 ‚
1520 723 1665 798 quid
1714 726 2112 800 regeneratio,
2152 725 2297 801 quid

183 825 424 883 tentatio
448 821 800 900 spiritualiS,
831 821 976 899 quid
1003 827 1063 880 et
1089 839 1197 882 cur
1219 822 1575 898 baptismus,
1606 828 1667 882 et
1694 823 1837 899 quid
1864 829 1923 882 et
1950 840 2057 883 cur
2084 832 2299 884 sancta

184 923 400 995 Coena,
437 923 580 999 quid
607 937 824 983 sensus
849 921 1178 999 spiritualis
1197 921 1407 996 Verbi,
1450 921 1593 998 quid
1616 921 1867 982 Ocelum
1898 929 1959 982 et
1982 923 2297 994 infernum,
2369 905 2377 912 ⁰

188 1023 336 1098 quod
362 1022 518 1081 illud
547 1027 610 1082 et
631 1023 746 1082 hoc
775 1026 894 1082 sint
921 1039 994 1082 ex
1017 1023 1274 1081 humano
1301 1039 1541 1098 genere,
1573 1029 1633 1080 et
1660 1021 1803 1097 quid
1828 1021 2005 1098 plura
2032 1022 2179 1098 alia3
2218 1040 2295 1083 ex
2348 1012 2353 1017 ⁴

183 1125 518 1200 ignorantia
548 1121 785 1182 illorum
817 1123 1010 1182 fluunt
1042 1122 1198 1181 falsa
1232 1139 1367 1182 cum
1404 1125 1699 1199 cogitatur
1731 1121 1805 1179 de
1838 1121 1979 1190 illis,
2014 1125 2295 1198 quoniam

185 1240 254 1282 ex
282 1221 457 1282 nulla
490 1221 926 1298 illustratione,
963 1227 1034 1281 ut
1067 1238 1254 1298 supra
1289 1221 1509 1281 dictum
1548 1227 1671 1295 est,
1722 1223 1987 1297 cogitare
2020 1229 2293 1299 possunt,

184 1339 286 1382 nec
322 1322 595 1399 aliquem
628 1323 826 1382 visum
877 1325 1173 1382 internum
1216 1321 1441 1381 habere
1500 1321 1575 1380 de
1624 1320 1829 1396 aliqua
1874 1338 1941 1379 re
1977 1321 2291 1397 spirituali.

181 1423 512 1483 Praeterea
545 1421 864 1482 videantur
898 1439 1054 1500 quae
1091 1421 1164 1482 de
1198 1421 1314 1480 hac
1347 1437 1414 1480 re
1460 1423 1519 1478 in
1562 1421 1835 1479 Aacnms
1874 1419 2296 1481 Connnsrrnus

185 1529 430 1582 ostensa
465 1529 630 1596 sunt,
672 1523 832 1598 quod
867 1539 1086 1598 nempe
1119 1521 1268 1580 fides
1304 1527 1589 1596 separata
1624 1537 1661 1578 a
1694 1520 1987 1579 charitate
2021 1523 2099 1580 sit
2132 1521 2298 1579 nulla

181 1622 347 1691 fideS‚
383 1641 442 1680 ιιι
473 1624 632 1682 654.
666 1627 824 1682 724.
866 1623 1074 1682 1162.
1109 1624 1137 1680 1
1158 1623 1187 1679 1
1209 1623 1318 1680 76.
1348 1623 1557 1680 2049.
1588 1623 1670 1678 21
1692 1622 1720 1678 1
1742 1621 1801 1678 6.
1836 1621 2047 1680 2343.
2084 1623 2293 1680 2349.

187 1725 400 1783 3849.
447 1724 662 1782 3868.
707 1724 917 1782 6348.
963 1721 1176 1781 7039.
1221 1723 1433 1779 9242.
1478 1721 1686 1779 9783.
1760 1719 1937 1795 Quod
1970 1719 2107 1778 talis
2143 1719 2291 1780 fides

185 1825 244 1880 in
277 1823 474 1882 altera
508 1823 634 1880 vita
667 1828 906 1898 pereat,
951 1839 1028 1878 n:
1071 1822 1284 1879 2228.
1333 1821 1553 1895 58205
1612 1836 1793 1896 quum
1844 1837 1953 1896 pro
2002 1822 2295 1898 principio

184 1926 425 1998 ponitur
479 1921 612 1980 sola
644 1921 811 1996 fides,
868 1921 1028 1998 quod
1063 1937 1210 1980 vera
1257 1922 1730 1980 contaminentur
1780 1920 1934 1979 falso
1984 1921 2294 1996 principi0‚

180 2041 245 2082 n:
287 2024 504 2082 2434.
549 2022 708 2098 quod
741 2039 852 2082 nee
889 2038 956 2080 se
991 2019 1348 2097 persuaderi
1380 2023 1687 2096 patiantur
1724 2021 1865 2096 quia
1891 2026 2096 2080 contra
2128 2023 2297 2096 prin-

185 2124 441 2200 cipium,
483 2141 561 2182 ιιι
603 2124 814 2182 2385.
895 2121 1074 2197 Quod
1119 2120 1475 2180 doctrinalia
1526 2119 1599 2179 de
1636 2119 1769 2179 sola
1824 2119 1943 2179 fide
1990 2121 2301 2180 destruant

184 2221 567 2298 charitatem,
605 2241 676 2282 n:
721 2223 932 2282 6353.
979 2223 1189 2280 8094.
1271 2219 1449 2295 Quod
1472 2219 1559 2282 illi
1595 2221 1698 2295 qui
1730 2217 1909 2278 fidem
1944 2227 2231 2296 separant
2260 2237 2299 2278 a

183 2323 492 2394 charitate,
529 2325 692 2382 intus
726 2325 787 2381 in
822 2322 991 2380 falsis
1027 2323 1122 2380 sui
1157 2321 1300 2380 mali
1325 2322 1461 2393 sint,
1500 2321 1740 2378 tametsi
1771 2318 1885 2378 hoc
1921 2337 2039 2379 non
2078 2321 2291 2394 sciunt,

183 2441 254 2482 n:
299 2428 330 2482 7
348 2428 380 2483 7
399 2425 507 2482 9οι
556 2423 768 2483 7950.
821 2421 998 2498 Quod
1031 2421 1167 2481 ideo
1201 2437 1321 2480 non
1354 2419 1475 2479 illis
1513 2419 1792 2495 conjungi
1824 2421 2019 2495 possit
2051 2421 2291 2493 bonum,

184 2540 258 2581 ιιι
300 2522 508 2580 8981.
552 2523 762 2583 7983.
823 2520 1000 2598 Quod
1032 2519 1182 2580 fides
1218 2525 1505 2596 separata
1540 2518 1615 2576 ab
1653 2533 1855 2577 amore
1893 2527 1953 2576 et
1982 2519 2291 2591 charitate,

189 2623 276 2680 sit
311 2624 469 2680 sicut
499 2623 602 2682 lux
636 2622 868 2700 hyemis
885 2666 900 2693 ,
947 2623 1007 2680 in
1045 2637 1165 2697 qua
1201 2622 1399 2680 omnia
1436 2617 1697 2679 Telluris
1734 2623 2005 2693 torpent,
2060 2623 2119 2676 et
2154 2617 2299 2676 nihil

184 2724 434 2790 messia,
479 2723 704 2782 fruetus
755 2729 816 2782 et
847 2722 1008 2781 floris
1043 2723 1427 2798 producitur3
1484 2723 1547 2777 at
1582 2717 1741 2794 quod
1786 2717 1935 2776 fides
1985 2734 2061 2776 ex
2094 2733 2297 2774 amore

183 2838 292 2880 seu
327 2822 622 2883 charitate
681 2825 760 2882 sit
817 2825 974 2882 sicut
1006 2822 1112 2881 lux
1144 2824 1306 2882 veris
1368 2826 1431 2880 et
1464 2819 1744 2892 aestatis,
1810 2818 1869 2876 in
1928 2833 2051 2894 qua
2098 2818 2298 2874 omnia

182 2922 392 2982 florent
419 2929 482 2982 et
509 2923 934 2999 producuntur,
971 2939 1038 2980 n:
1081 2923 1294 2982 2231.
1339 2921 1551 2980 3146.
1597 2921 1809 2978 3412.
1854 2919 2063 2979 3413.
2120 2915 2299 2993 Quod

181 3021 286 3081 lux
317 3023 650 3100 hyemalis,
707 3039 864 3099 quae
919 3027 1014 3082 est
1047 3021 1188 3082 fidei
1231 3025 1551 3097 separatae
1588 3036 1625 3078 a
1662 3018 1986 3088 charitate,
2032 3023 2305 3079 vertatur

181 3123 240 3180 in
275 3122 501 3184 densas
533 3123 844 3198 tenebrae,
899 3138 1034 3180 cum
1067 3122 1260 3183 influit
1291 3121 1400 3180 lux
1436 3137 1469 3180 0
1506 3119 1707 3193 000103
1746 3127 1807 3180 et
1843 3119 2002 3196 quod
2036 3119 2125 3178 illi
2158 3125 2299 3178 tunc

184 3225 284 3298 qui
332 3225 399 3282 in
447 3240 522 3283 ea
583 3223 698 3283 fide
751 3229 922 3297 sunt,
973 3225 1036 3282 in
1075 3223 1429 3282 caecitatem
1474 3225 1533 3280 et
1581 3220 2001 3296 stupiditatem
2034 3222 2297 3289 veniant,

179 3338 252 3380 n:
295 3325 512 3382 3412.
552 3325 768 3383 3413.
839 3323 1014 3400 Quod
1063 3324 1166 3399 qui
1198 3321 1379 3380 fidem
1414 3339 1452 3380 a
1487 3313 1777 3380 charitate
1828 3326 2118 3396 separant
2154 3321 2299 3380 doc-

103 3456 120 3479 .
184 3423 344 3480 trina
389 3429 450 3482 et
483 3425 636 3498 vita,
685 3426 750 3482 in
801 3422 1064 3483 tenebris
1117 3424 1264 3496 sint,
1313 3423 1401 3480 ita
1443 3423 1505 3480 in
1552 3422 1886 3498 ignorantia
1930 3422 2091 3491 veri,
2146 3425 2205 3477 ct
2241 3421 2303 3476 in

183 3520 390 3598 falsis,
441 3541 512 3580 ιιι
560 3525 774 3585 9186.
847 3523 1008 3600 quod
1058 3538 1126 3582 se
1163 3522 1479 3599 conjiciant
1523 3522 1584 3579 in
1618 3520 1774 3579 falsa
1824 3525 1885 3578 et
1932 3518 2069 3576 inde
2122 3516 2301 3590 mala,

181 3638 253 3680 n:
297 3623 437 3687 332
457 3624 516 3682 5.
565 3625 780 3682 8094.
860 3623 1112 3681 Eri-ores
1175 3628 1236 3680 et
1294 3621 1453 3680 falsa
1510 3622 1571 3677 in
1634 3635 1788 3696 quae
1838 3633 1905 3676 se
1962 3616 2301 3693 conjiciunt,

178 3737 250 3778 n:
285 3725 504 3781 4721.
541 3725 754 3783 4730.
788 3725 1003 3782 4776.
1045 3723 1260 3781 4783.
1304 3721 1520 3780 4925.
1563 3721 1772 3778 7779.
1826 3718 2037 3776 8313.
2086 3717 2301 3774 8765.

189 3821 404 3881 9224.
486 3821 663 3898 Quod
699 3823 967 3884 Verbum
1017 3821 1138 3880 illis
1185 3822 1264 3880 sit
1309 3819 1649 3892 occlusum,
1699 3835 1765 3875 n:
1810 3817 2021 3874 3773.
2080 3815 2295 3872 4783.

186 3921 400 3980 8780.
485 3921 664 3998 Quod
713 3941 834 3985 non
873 3923 1120 3983 videant
1165 3927 1226 3981 et
1273 3917 1583 3980 attendant
1630 3917 1708 3976 ad
1751 3916 1951 3974 omnia
1988 3913 2092 3972 illa
2142 3929 2303 3989 quae

179 4019 478 4082 Dominus
528 4025 706 4084 toties
749 4025 1038 4102 loquutus
1101 4028 1194 4082 est
1235 4021 1309 4081 de
1358 4035 1559 4078 amore
1616 4023 1677 4076 et
1724 4014 2041 4089 charitate,
2104 4013 2303 4090 deque

179 4119 472 4182 fructibus
507 4139 622 4183 seu
656 4124 832 4184 bonis
867 4129 1038 4198 actu,
1097 4121 1172 4181 de
1195 4120 1459 4198 quibus,
1496 4137 1566 4176 ιιι
1617 4119 1826 4177 1017.
1868 4117 1999 4176 341
2021 4117 2081 4176 6.
2144 4113 2306 4192 quod

181 4226 290 4280 nec
329 4224 524 4284 sciant
559 4225 702 4302 quid
739 4225 994 4301 bonum,
1047 4224 1134 4284 ita
1167 4239 1278 4283 nec
1318 4220 1462 4299 quid
1498 4219 1777 4280 coelestis
1822 4235 2007 4293 amor,
2066 4223 2125 4277 et
2160 4215 2303 4292 quid
