2700 4792
369 359 478 416 468
755 343 1243 403 APOCALYPSIS
1285 345 1720 404 EXPLICATA.
1802 347 1849 415 5.
1892 355 2021 408 277.

366 511 524 572 viam
561 506 792 566 arboris
827 507 1007 564 vitae.
1064 501 1240 580 Quod
1267 499 1484 563 Oriens
1520 501 1817 580 significet
1851 503 2069 564 bonum
2112 509 2355 582 amoris,
2400 511 2505 568 vi-

365 610 579 670 deatur
611 625 682 666 n:
732 605 940 664 1250.
985 605 1210 663 37083
1245 602 1407 680 quod
1440 603 1609 662 Eden
1654 594 2017 680 sapientiam
2046 605 2203 682 inde,
2247 625 2326 667 n:
2376 613 2501 670 99.

358 711 548 784 ‚1003
603 706 766 784 quod
803 704 1054 765 Gladius
1102 703 1399 781 significet
1441 721 1649 763 verum
1684 721 1963 780 pugnans
2013 713 2219 766 contra
2264 709 2501 770 falsum

365 816 426 870 et
449 810 512 869 id
535 807 906 884 dispergens,
942 807 1028 864 ita
1063 821 1270 864 verum
1305 810 1537 878 tutans,
1577 793 1817 892 [supra]
1852 823 1910 864 nt
1948 809 2057 866 73.
2100 810 2228 867 131
2260 829 2279 884 3
2320 811 2492 887 quod

361 907 872 970 FlammaVerum
901 922 976 965 ex
1000 904 1158 964 bono
1187 905 1452 978 coelesti,
1482 923 1541 962 n:
1576 907 1790 965 3222.
1828 907 2039 966 6832.
2078 910 2113 966 9
2132 909 2291 986 5703
2324 911 2489 988 quod

363 1010 562 1070 Arbor
610 1009 772 1066 vitae
820 1008 899 1066 sit
945 1005 1164 1064 bonum
1217 1007 1436 1064 amoris
1492 1021 1527 1062 a
1560 1005 1864 1078 Domiu0,‘
1906 1012 1967 1065 et
2010 1007 2148 1067 inde
2194 1010 2492 1086 gaudium

366 1109 647 1182 coeleste,
687 1123 874 1183 supra
907 1125 976 1165 n:
1023 1107 1183 1166 109.
1222 1108 1250 1164 1
1272 1108 1383 1165 10.
1442 1104 1598 1181 Quia
1632 1105 2147 1182 hoc'significatur
2180 1127 2291 1185 per
2320 1110 2491 1172 Che-

361 1211 573 1284 rubos,
627 1208 764 1268 ideo
798 1207 919 1266 bini
955 1204 1218 1266 cherubi
1252 1222 1329 1264 ex
1364 1223 1511 1264 auro
1556 1205 1749 1266 solido
1792 1209 1979 1284 positi
2029 1209 2271 1268 suerunt
2295 1227 2493 1288 super

357 1309 780 1387 Propitiatorio
836 1306 995 1384 quod
1038 1293 1224 1383 super
1257 1305 1507 1381 Arcam,
1566 1307 1643 1366 de
1679 1308 1897 1383 quibus
1944 1309 2032 1366 ita
2064 1310 2228 1386 apud
2262 1311 2489 1374 Mosen

365 1409 645 1488 „Facies
685 1405 1026 1486 Ohmbogs,
1085 1425 1164 1467 σω
1199 1405 1382 1468 Aua-o
1422 1403 1633 1467 solido
1658 1407 1875 1488 faciee
1910 1404 2093 1492 illoc,
2151 1429 2195 1470 a
2230 1409 2490 1473 duabus

360 1508 873 1575 extremitatibus
915 1505 1408 1589 Ρνορίιίατοηῗί,
1460 1525 1541 1568 ex
1567 1505 2041 1588 Propitiatom‘o
2062 1509 2279 1588 facies
2319 1509 2484 1572 ohe-

361 1613 553 1675 rubos
567 1632 589 1672 .·
623 1615 686 1672 et
713 1609 846 1669 sint
872 1607 1141 1670 cherethi
1172 1605 1598 1688 expandentes
1632 1605 1781 1668 alae
1813 1627 2091 1682 careum,
2132 1611 2486 1692 obteqentes

363 1711 496 1773 alis
557 1712 699 1774 suis
747 1707 1293 1789 Propitiatorium
1317 1728 1347 1780 ,⁰
1414 1726 1637 1770 versus
1688 1705 2232 1790 Propitiatorium
2296 1718 2484 1774 erunt

350 1811 565 1894 facies
593 1809 1016 1872 oneratorum
1028 1830 1056 1881 ;
1103 1812 1163 1868 et
1202 1807 1389 1868 dabis
1410 1806 1955 1889 Propitiatorium
1994 1829 2185 1892 super
2208 1812 2481 1885 Arcam,-

362 1911 724 1973 conveniam
775 1915 835 1970 te
876 1907 966 1969 ibi
977 1953 994 1984 ,
1067 1913 1129 1968 et
1181 1905 1407 1988 loquan-
1443 1913 1645 1971 tecam
1694 1909 1859 1971 inter
1911 1910 2076 1972 duos
2114 1909 2427 1974 Cheruboo
2436 1915 2478 1948 ‘⁶‘

360 2011 562 2072 Exod:
596 2009 810 2072 XXV:
859 2013 946 2070 18
985 2009 1062 2068 ad
1103 2013 1215 2068 22.
1270 2009 1431 2087 Cap:
1461 2009 1799 2070 XXXVIIz
1837 2017 1895 2070 7.
1928 2014 1987 2071 8.
2022 2015 2083 2090 93
2120 2031 2231 2090 per
2258 2014 2481 2074 Arcam

363 2120 426 2173 et
461 2113 808 2173 Tentorium
845 2109 1455 2186 repraesentabantur
1492 2109 1661 2170 Coeli
1692 2114 2057 2188 superioreS‚
2096 2132 2208 2190 per
2236 2113 2475 2188 Arcam,

360 2217 422 2273 in
457 2231 578 2291 qua
613 2214 1047 2273 Testimonium
1084 2229 1194 2271 seu
1230 2210 1391 2280 Lex,
1440 2212 2009 2288 repraesentabatur
2044 2213 2289 2273 coelum
2325 2214 2481 2275 Inti-

361 2333 522 2374 mum
557 2331 668 2374 seu
707 2314 1010 2389 Tertium3
1047 2331 1158 2390 per
1184 2311 1611 2371 Habitaculum
1640 2312 1800 2389 quod
1834 2319 2005 2372 extra
2038 2314 2274 2391 Velum,
2314 2313 2475 2376 coe-

359 2416 486 2476 lum
520 2415 786 2475 Medium
837 2431 950 2473 seu
993 2411 1337 2474 Secundum
1346 2431 1366 2488 3
1430 2430 1543 2490 per
1588 2413 2074 2490 Propitiatorium
2138 2416 2361 2474 auditio
2414 2421 2477 2475 et

361 2518 628 2594 receptio
689 2517 946 2576 omnium
1001 2514 1200 2574 cultus
1263 2529 1419 2588 quae
1458 2530 1531 2572 ex
1564 2512 1721 2572 bono
1758 2517 1977 2574 amoris
2042 2521 2103 2574 et
2138 2516 2473 2592 charitatis3

363 2636 472 2695 per
509 2617 820 2679 Cherubos
880 2615 1224 2687 custodiae,
1281 2630 1350 2673 ac
1384 2631 1497 2689 per
1533 2631 1745 2672 aurum
1806 2631 1883 2674 ex
1936 2633 2053 2692 quo
2088 2616 2207 2688 illi,
2253 2615 2477 2675 boumn

363 2719 614 2793 amoris;
667 2717 805 2778 inde
843 2719 1024 2777 etiam
1059 2719 1264 2792 patet,
1321 2713 1481 2790 quod
1513 2714 1637 2774 bini
1674 2713 1936 2775 Cherubi
1968 2725 2473 2792 repraesentave-

360 2821 478 2877 rint
513 2817 817 2878 custodias
865 2835 942 2876 ne
977 2816 1269 2874 adeantur
1305 2814 1475 2876 Coeli
1534 2817 1877 2891 superiores
1938 2818 2055 2876 nisi
2100 2834 2210 2894 per
2253 2817 2475 2876 bonum

362 2919 583 2976 amoris
619 2923 681 2976 et
715 2918 1042 2976 charitatis.
1120 2914 1295 2992 Quod
1328 2931 1441 2993 per
1478 2913 1959 2976 'sabernaculum
2003 2919 2065 2976 in
2112 2935 2335 2995 genere
2369 2933 2473 2976 re·

361 3022 813 3094 praesentatum
875 3018 954 3076 sit
987 3015 1237 3077 Coelum
1296 3017 1399 3075 ubi
1434 3015 1758 3087 Dominus,
1821 3017 2097 3077 videatur
2149 3036 2217 3078 n:
2262 3017 2477 3078 9457.

369 3117 581 3175 9481.
637 3117 912 3176 10545:
993 3133 1105 3194 per
1149 3115 1373 3176 Arcam
1418 3117 1688 3175 intimum
1746 3133 1855 3178 seu
1918 3121 2161 3178 tertium
2200 3117 2473 3194 Coelum,

363 3235 431 3275 nx
476 3217 686 3276 3478.
733 3217 958 3276 9485:
1013 3233 1124 3294 per
1159 3215 1593 3277 Testimonium
1629 3233 1742 3278 seu
1778 3217 2002 3295 Legem
2048 3219 2111 3276 in
2144 3219 2305 3278 Arca
2339 3217 2473 3278 Do·-

361 3318 556 3376 minus
619 3316 815 3392 quoad
850 3316 1152 3388 Verbum,
1214 3335 1289 3376 n:
1347 3319 1561 3378 3382.
1618 3321 1831 3378 6752.
1878 3321 2098 3378 74633
2152 3318 2312 3396 quod
2366 3335 2474 3395 per

160 3425 322 3488 [309]
363 3416 788 3478 Habitaculum
817 3416 977 3494 quod
1003 3423 1171 3477 extra
1197 3418 1398 3477 velum
1420 3417 1668 3478 Coelum
1698 3419 1961 3478 medium
1984 3436 2093 3478 seu
2122 3419 2467 3494 secundum,

361 3539 420 3580 n:
447 3521 658 3580 3478.
695 3520 904 3578 9457.
947 3520 1159 3577 9481.
1197 3520 1408 3578 9485.
1446 3519 1657 3578 9594.
1692 3521 1903 3579 9596.
1936 3521 2145 3580 9632:
2178 3519 2336 3598 quod
2358 3532 2469 3593 per

360 3621 842 3697 Propitiatorium
873 3619 1096 3679 auditio
1135 3626 1194 3679 et
1219 3621 1486 3696 receptio
1513 3619 1775 3678 omnium
1798 3619 1999 3679 cultus
2030 3638 2187 3699 quae
2214 3636 2285 3680 ex
2310 3618 2463 3677 bono

361 3722 581 3780 amoris
627 3728 689 3780 et
721 3719 1030 3780 charitatis
1065 3738 1102 3779 a
1128 3720 1405 3795 Domino,
1444 3737 1511 3778 n:
1548 3720 1773 3780 9506:
1812 3725 1874 3779 et
1910 3720 2071 3797 quod
2104 3737 2216 3798 per
2242 3735 2468 3796 aurum,

356 3819 580 3882 bonum
613 3823 860 3896 amoris,
916 3823 1451 3882 n:113.1551.
1499 3820 1709 3880 1552.
1753 3821 1964 3882 5658.
2006 3825 2217 3883 6914.
2258 3823 2470 3881 6917.

365 3922 578 3981 9510.
623 3924 834 3981 9874.
881 3923 1094 3980 9881.
1152 3921 1310 3996 Quia
1341 3921 1483 3981 illae
1524 3919 1852 3981 Custodiae
1886 3939 2001 3999 per
2036 3921 2347 3982 Cherubos
2383 3924 2470 3981 si·-

357 4019 674 4092 gnificatae
723 4029 890 4095 sunt,
960 4021 1094 4081 ideo
1151 4023 1328 4081 etiam
1391 4019 1713 4097 „cherchi
1748 4027 1931 4084 erant
1991 4041 2182 4101 cuper
2222 4018 2475 4083 aulaeis

358 4112 769 4189 Habitaculi‚
825 4125 885 4179 et
929 4141 1120 4202 saper
1153 4119 1284 4182 velo
1309 4125 1348 4157 “
1404 4122 1605 4181 Exod:
1642 4123 1859 4184 XXVI
1878 4143 1891 4182 :
1942 4126 1995 4180 1.
2042 4125 2165 4183 31:
2222 4139 2293 4182 ac
2336 4121 2473 4182 ideo

359 4206 664 4284 „Salomo
687 4215 852 4295 feeit
891 4219 962 4280 in
993 4221 1212 4303 Adyto
1260 4220 1511 4305 Templi
1536 4219 1848 4286 cumbas
1886 4241 1966 4285 ex
2006 4219 2183 4305 liquo
2224 4219 2365 4295 olei,
2414 4227 2477 4282 et
