2700 4792
445 387 514 442 18
862 377 1348 434 APOCALYPSIS
1402 375 1835 437 EXPLICATA.
1899 378 1967 445 ³5.
2012 387 2105 439 19.

442 541 546 616 qui
577 541 639 596 in
674 539 836 596 veris
873 553 944 597 ex
981 535 1170 606 bono,
1222 551 1333 595 seu
1368 535 1429 592 in
1460 533 1575 594 fide
1614 551 1689 594 ex
1718 533 2009 594 charitate
2047 540 2220 592 sunt:
2276 537 2337 592 in
2372 536 2555 611 Asia,

441 637 736 716 significat
772 637 910 697 illos
948 638 1051 712 qui
1084 638 1144 696 in
1178 636 1314 694 luce
1348 634 1781 711 intelligentiae
1818 641 2009 692 suntz·
2042 637 2237 710 gratia
2270 635 2447 694 vobis
2490 646 2558 696 et

440 755 590 815 pari,
646 737 941 814 significat
979 735 1309 813 jucundum
1345 737 1475 796 veri
1511 742 1572 794 et
1604 735 1777 794 boni:
1834 735 1909 794 ab
1945 734 2089 810 Ipso
2130 734 2248 810 Qui
2291 735 2433 807 Est,
2488 745 2557 797 et

442 837 562 914 Qui
589 838 752 913 Fuit,
809 843 868 896 ct
906 835 1024 912 Qui
1059 836 1396 910 Venturus,
1460 837 1756 912 significat
1792 834 1867 894 ab
1901 834 2045 912 Ipso
2084 834 2203 914 Qui
2239 843 2333 894 est
2370 853 2551 896 omne

436 941 498 996 in
533 938 805 997 omnibus
845 935 1012 996 Coeli
1049 943 1108 996 et
1142 936 1453 996 Ecclesiae
1500 935 1575 993 ab
1614 941 1857 994 aeterno
1892 937 1955 994 in
2006 943 2349 995 aeternum:
2408 943 2467 996 et
2506 957 2549 997 a

438 1045 670 1114 septem
711 1038 1051 1114 spiritibus,
1107 1037 1403 1113 significat
1448 1036 1731 1094 Divinum
1782 1039 1845 1094 in
1892 1033 2104 1095 Coelo:
2158 1038 2259 1112 qui
2306 1040 2547 1098 suntin

437 1145 764 1214 conspectu
801 1138 1028 1197 Throni
1057 1137 1291 1214 IpsiuS,
1347 1135 1642 1213 significat
1669 1137 2072 1212 praesentiam
2110 1143 2170 1196 et
2204 1137 2539 1212 providen-

435 1242 607 1298 tiam:
649 1246 709 1298 et
744 1255 782 1299 a
818 1239 973 1297 Jesu
1015 1237 1276 1312 Christo,
1323 1236 1619 1312 significat
1653 1255 1690 1294 a
1723 1236 1979 1296 Domino
2020 1237 2221 1314 quoad
2253 1238 2543 1298 Divinum

435 1340 810 1398 Humanum:
865 1339 1008 1414 Ipse
1041 1338 1242 1396 Testis
1279 1337 1505 1407 fidelis,
1542 1337 1839 1412 significat
1866 1355 1901 1396 a
1929 1336 2063 1412 Quo
2102 1355 2274 1397 omne
2310 1337 2540 1398 Verum

433 1444 494 1500 in
532 1437 748 1499 Coelo:
803 1439 944 1514 Ipse
981 1438 1419 1513 Primogenitus
1470 1455 1545 1496 ex
1586 1441 1864 1512 mortuis,
1930 1438 2225 1513 significat
2274 1455 2348 1498 ex
2402 1439 2539 1516 Quo

434 1557 608 1600 omne
645 1539 878 1598 Bonum
915 1538 1026 1596 ibi:
1079 1539 1158 1596 Et
1190 1537 1335 1614 Ipse
1372 1539 1658 1613 Princeps
1704 1556 1913 1614 regum
1948 1545 2178 1612 terrae,
2244 1539 2537 1616 significat

437 1659 510 1700 ex
562 1639 696 1713 Quo
745 1656 917 1698 omne
971 1656 1180 1697 verum
1235 1655 1310 1696 ex
1362 1637 1517 1697 bono
1565 1639 1627 1696 in
1671 1639 1975 1700 Ecclesia:
2032 1642 2256 1698 amanti
2302 1657 2409 1700 nos
2466 1646 2529 1700 et

434 1737 660 1798 lavanti
695 1757 802 1798 nos
842 1758 877 1796 a
915 1741 1182 1815 peccatis
1220 1741 1438 1798 nostris
1464 1741 1525 1796 in
1564 1741 1855 1814 sanguine
1894 1757 2030 1814 suo,
2084 1740 2378 1816 significat
2416 1740 2525 1817 Ip-

273 1859 392 1920 [15]
435 1843 560 1898 sius
598 1854 894 1910 amorem,
955 1846 1015 1898 et
1063 1841 1573 1916 regenerationem
1622 1840 1698 1897 ab
1732 1838 1876 1916 Ipso
1912 1859 2025 1918 per
2062 1857 2210 1899 vera
2262 1823 2415 1917 quae
2450 1841 2529 1900 ab

411 1940 606 2016 ,Ipsoz
665 1946 724 1998 et
769 1941 910 1999 fecit
956 1957 1064 1998 nos
1112 1956 1286 2016 reges
1339 1948 1399 1998 et
1442 1940 1821 2014 sacerdotes,
1890 1939 2186 2018 significat
2247 1940 2403 2017 quod
2446 1941 2521 2000 ab

431 2041 575 2116 Ipso
629 2043 814 2099 simus
863 2043 924 2098 in
969 2041 1177 2117 Regno
1227 2041 1428 2118 Ipsius
1475 2041 1775 2117 spirituali
1836 2048 1897 2102 et
1952 2041 2235 2101 coelesti:
2288 2041 2419 2100 Deo
2470 2049 2530 2102 et

431 2141 596 2200 Patri
617 2158 770 2215 -su0,
819 2141 1113 2222 significat
1147 2159 1258 2218 per
1283 2142 1569 2200 Divinum
1596 2142 1824 2200 Verum
1860 2149 1921 2204 et
1954 2142 2241 2201 Divinum
2266 2141 2525 2201 Bonum:

430 2241 560 2318 Ipsi
600 2241 788 2316 gloria
829 2250 888 2300 et
925 2242 1107 2301 robur
1157 2245 1214 2300 ln
1265 2243 1512 2303 saecula
1556 2242 1967 2316 saeculorum,
2024 2241 2321 2321 significat
2370 2240 2527 2318 quod

429 2342 535 2401 illa
571 2359 608 2400 a
635 2343 762 2401 solo
797 2342 939 2419 Ipso
976 2346 1037 2402 in
1066 2349 1407 2402 aeternum:
1460 2361 1651 2416 amen,
1691 2343 1987 2419 significat
2024 2343 2527 2405 confirmationem

428 2443 727 2505 Divinam.
2392 2502 2395 2506 .

575 2547 602 2602 l
624 2545 682 2602 9.
721 2545 1050 2618 Johannes,
1091 2544 1250 2620 quod
1281 2544 1577 2620 significet
1598 2545 1921 2604 Dominum
1952 2545 2149 2621 quoad
2182 2545 2521 2620 doctrinam,

430 2625 666 2703 constat
702 2663 774 2704 ex
810 2648 1363 2720 repraesentatione
1399 2644 1711 2720 Johannis‚
1754 2643 1915 2721 quod
1940 2647 2019 2704 sit
2043 2646 2263 2705 bonum
2290 2648 2527 2715 timorist,

431 2744 504 2802 de
541 2763 660 2822 qua
696 2762 882 2821 supra
909 2763 974 2803 n:
1020 2748 1088 2819 83
1129 2753 1188 2804 et
1217 2748 1357 2822 quia
1386 2753 1479 2804 est
1500 2746 1721 2804 bonum
1750 2746 1987 2821 amoriS,
2028 2753 2121 2805 est
2160 2748 2221 2804 in
2249 2763 2529 2822 supremo

429 2861 614 2903 sensu
647 2845 960 2920 Dominus,
1001 2847 1278 2922 quoniam
1312 2864 1483 2906 omne
1512 2846 1735 2904 bonum
1772 2849 1988 2905 amoris
2030 2853 2123 2906 est
2164 2864 2201 2904 a
2234 2846 2523 2923 Domino3

425 2943 632 3016 homo,
665 2947 912 3020 spiritus
955 2952 1016 3004 et
1053 2947 1320 3022 angelus„
1362 2954 1501 3005 sunt
1527 2947 1702 3040 morio
1736 2949 2113 3023 recipienteS,
2158 2954 2217 3006 et
2250 2949 2351 3025 qui
2392 2957 2533 3006 sunt

427 3046 811 3120 recipienteS,
841 3046 930 3104 int
964 3047 1239 3106 dicuntur
1277 3047 1613 3124 significare
1640 3047 1701 3106 id
1729 3048 1887 3124 quod
1916 3066 1953 3108 a
1977 3048 2272 3107 Dominoz
2328 3048 2519 3108 simile

426 3143 492 3201 fit
527 3161 662 3203 cum
697 3146 898 3204 multis
927 3147 1059 3205 aliis
1085 3149 1148 3204 in
1173 3146 1395 3223 Verbo,
1436 3156 1501 3208 ut
1538 3165 1673 3208 cum
1699 3147 2063 3219 Abrahamo,
2096 3148 2293 3223 IsacO,
2332 3148 2525 3208 Jaco-

425 3244 534 3318 bo,
601 3245 864 3321 Davide,
927 3247 1086 3321 Elia,
1157 3249 1396 3308 Elisaeo
1417 3293 1432 3323 ,
1499 3249 1790 3309 Johanne‘
1830 3249 2142 3326 Baptista,
2196 3249 2408 3324 Petro,
2468 3257 2532 3310 et

425 3345 672 3422 reliquis
737 3347 1073 3423 Apostoli53
1158 3353 1566 3426 unusquisque
1630 3367 1705 3406 ex
1754 3348 1873 3408 illis
1934 3349 2229 3427 significat
2284 3350 2533 3426 aliquod

424 3444 644 3504 bonum
683 3454 786 3506 aut
830 3467 1035 3511 verum
1079 3449 1245 3509 Coeli
1289 3457 1348 3508 et
1391 3451 1735 3523 Ecclesiae,
1790 3450 1903 3509 sed
1950 3468 2142 3528 usque
2194 3467 2399 3509 omnes
2432 3451 2531 3510 illi

421 3547 482 3604 in
515 3563 798 3623 supremo
835 3565 1018 3608 sensu
1047 3551 1383 3628 significant
1415 3550 1739 3610 Dominum
1751 3571 1768 3626 3
1816 3538 1976 3610 'sicut
2008 3551 2211 3610 David
2244 3552 2304 3609 in
2340 3567 2532 3613 sensu

417 3647 648 3706 interno
686 3649 981 3725 significat
1015 3650 1298 3709 Divinum
1345 3650 1574 3709 Verum
1621 3652 1683 3708 in
1716 3651 1924 3728 Regno
1970 3653 2301 3728 spirituali,
2364 3653 2531 3727 quod

415 3745 672 3826 Regium
725 3750 966 3808 Domini
1019 3751 1256 3824 dicitur,
1327 3769 1513 3826 quare
1560 3753 1621 3810 in
1660 3769 1843 3810 sensu
1893 3769 2177 3828 supremo
2226 3751 2531 3830 significat

414 3845 738 3906 Dominum
777 3849 974 3926 quoad
1007 3851 1068 3908 id
1105 3851 1331 3910 Verum
1371 3859 1431 3910 et
1466 3853 1665 3929 quoad
1698 3845 1986 3929 Regiffln,
2023 3861 2391 3930 quapropter
2428 3852 2528 3911 di-

419 3947 571 4004 citur
609 3947 684 4006 de
729 3948 965 4010 Davide
1011 3953 1072 4008 in
1107 3951 1340 4026 VterbO,
1400 3952 1561 4028 quod
1606 3959 1893 4012 venturus
1943 3961 2005 4013 et
2039 3960 2397 4030 regnaturus
2434 3954 2522 4012 sit

416 4061 600 4122 super
643 4047 796 4108 filios
841 4050 1115 4128 IsraeliS,
1181 4053 1400 4112 Ezech:
1437 4053 1767 4114 XXXVII:
1815 4057 1925 4113 24.
1971 4056 2084 4114 25.
2141 4054 2366 4114 Hosch:
2404 4051 2523 4112 III:

423 4145 492 4204 5:
544 4148 816 4210 similiter
864 4151 1026 4210 Elias
1081 4160 1140 4212 et
1191 4153 1496 4229 Elisaeus,
1556 4159 1659 4232 qui
1724 4157 1865 4232 quia
1926 4157 1985 4214 in
2042 4172 2228 4214 sensu
2283 4158 2523 4214 interno

411 4246 748 4326 significant
782 4251 1074 4330 Verbum,
1113 4253 1248 4314 ideo
1284 4256 1344 4314 in
1382 4273 1565 4316 sensu
1602 4273 1887 4334 supremo
1929 4257 2265 4334 significant
2300 4255 2518 4314 Domi-
2551 4313 2556 4318 .
