2700 4792
455 370 566 424 476
833 359 1332 417 APOCALYPSIS
1375 361 1804 418 EXPLICATA.
1868 362 1917 435 §.
1960 371 2096 426 279.

451 526 674 586 bonum
706 520 790 581 ibi
825 527 944 595 est,
995 519 1136 581 ideo
1171 528 1264 582 est
1297 521 1573 582 custodia
1604 537 1716 581 seu
1752 521 1949 582 tutela
1983 539 2061 582 ne
2100 521 2277 584 Coeli
2310 527 2583 600 superio·

451 641 552 686 res
588 623 879 682 adeantur
937 622 1056 680 nisi
1103 639 1214 698 per
1257 621 1479 682 bonum
1526 623 1746 682 amoris
1792 629 1853 681 et
1890 623 2249 699 charitatis;
2302 623 2442 683 inde
2478 631 2581 695 est,

454 724 616 802 quod
657 737 816 782 unus
853 719 1169 782 Che-rubus
1219 722 1427 782 similis
1483 727 1649 782 esset
1684 721 1917 785 vitulot
1972 722 2143 800 quod
2191 723 2346 784 haec
2394 741 2575 801 appa-

451 825 650 885 rentia
683 823 862 882 suerit
917 823 980 882 in
1029 821 1279 896 ultimis,
1333 821 1615 882 videatur
1646 841 1783 883 mox
1820 839 2017 899 supra
2054 841 2124 881 n:
2166 826 2255 882 27
2274 826 2335 884 8.
2410 821 2570 899 Quod

339 930 357 969 ²
452 923 697 986 Vitulus
733 937 842 982 seu
889 921 1201 982 Juveneus
1237 921 1533 999 significet
1568 922 1787 982 bonum
1822 923 2132 982 naturalis
2170 924 2451 996 hominis,
2486 927 2569 980 est

454 1015 598 1104 qusa
629 1022 734 1082 illa
769 1039 926 1100 quae
963 1040 1039 1083 ex
1073 1029 1340 1084 armento
1378 1029 1549 1082 erant
1596 1021 2027 1100 significabant
2064 1023 2415 1083 affectiones
2446 1021 2570 1080 boni

453 1131 517 1186 et
549 1125 681 1184 veri
713 1125 776 1182 in
813 1128 1064 1182 externo
1099 1136 1211 1182 seu
1245 1122 1504 1182 naturali
1536 1121 1807 1196 homine,
1850 1130 1913 1183 et
1948 1123 2061 1182 illa
2099 1141 2261 1200 quae
2300 1142 2373 1182 ex
2406 1137 2571 1198 grege

453 1223 800 1286 affectiones
833 1223 976 1282 boni
1011 1227 1072 1282 et
1105 1225 1236 1282 veri
1267 1224 1328 1283 in
1366 1225 1599 1282 interno
1636 1239 1748 1284 seu
1774 1223 2086 1301 spirituali
2122 1223 2365 1282 homine
2376 1242 2395 1297 3
2431 1237 2571 1298 quae

453 1343 532 1386 ex
564 1341 783 1402 grege,
819 1329 989 1384 eraut
1023 1325 1186 1400 agni,
1223 1340 1443 1400 caprae
1464 1367 1481 1397 ,
1532 1341 1714 1396 oveS,
1768 1327 2037 1400 arietes,
2094 1325 2252 1384 hirci
2263 1343 2280 1397 3
2336 1329 2395 1380 et
2428 1337 2567 1397 quae

451 1445 528 1488 ex
566 1431 866 1498 armento,
905 1430 1076 1482 erant
1108 1423 1332 1500 boves,
1380 1424 1661 1500 juvenci,
1716 1424 1913 1484 vituli.
2002 1424 2189 1501 Quod
2238 1423 2487 1501 juvenci
2516 1424 2568 1477 et

449 1526 627 1587 vituli
659 1515 881 1584 bonur’n
917 1523 1205 1584 naturalis
1244 1524 1497 1588 hominis
1533 1525 1905 1602 significent,
1950 1531 2195 1586 constat
2232 1542 2306 1584 ex
2338 1522 2478 1582 locis
2508 1521 2564 1577 in

452 1626 656 1688 Verbo
692 1625 798 1683 ubi
829 1626 1235 1700 nominantur3
1288 1627 1547 1702 primum
1596 1643 1671 1684 ex
1716 1627 2135 1704 descriptione
2174 1621 2561 1684 Cheruborum

451 1726 652 1804 quoad
683 1725 888 1802 pedes,
945 1725 1106 1801 apud
1141 1725 1522 1785 Ezechielem
1577 1768 1615 1800 „
1642 1723 1773 1786 Pes
1806 1732 2027 1788 rectus
2072 1743 2310 1798 eorum,
2353 1726 2410 1781 et
2434 1714 2559 1779 vola

440 1823 682 1907 pedum
717 1842 933 1886 eorum
943 1869 960 1898 ‚
1015 1827 1319 1902 tanquam
1366 1821 1513 1885 vola
1539 1825 1735 1905 pedis
1776 1824 1977 1888 vituli
1992 1871 2010 1902 ,
2068 1825 2243 1904 iique
2278 1821 2557 1883 micantes

449 1925 619 1988 siout
661 1923 896 2003 species
941 1923 1113 1984 aeris
1153 1921 1514 2004 laeviyati“
1563 1925 1626 1985 I:
1672 1932 1731 2002 ’ῖς
1786 1927 1951 2003 quod
1991 1929 2081 1986 ita
2116 1927 2284 1988 visus
2332 1925 2407 1980 sit
2458 1930 2557 1994 pes

449 2033 652 2086 rectus
671 2041 895 2098 eorum,
928 2030 1057 2083 erat
1079 2041 1265 2083 ⁴causa
1293 2026 1434 2102 quia
1452 2023 1713 2086 Cherubi
1738 2021 2553 2105 repraesentabantDivinam

450 2127 696 2187 Domini
729 2124 1095 2199 custodiam,
1152 2141 1222 2184 ac
1257 2125 1451 2202 pedes
1490 2133 1551 2184 et
1584 2125 1759 2186 volae
1792 2127 2029 2204 pedum
2065 2126 2233 2186 illam
2264 2125 2321 2202 iu
2354 2116 2551 2180 ultimis

249 2223 412 2286 [314]
453 2245 564 2288 seu
589 2228 648 2286 in
679 2224 980 2302 spirituali
1006 2225 1475 2285 naturalicoelo
1505 2228 1650 2286 etin
1678 2227 1937 2286 naturali
1963 2225 2217 2295 mundo;
2252 2239 2360 2302 per
2382 2215 2548 2295 pedes

449 2330 610 2388 enim
654 2329 717 2385 in
766 2341 987 2404 genere
1026 2326 1397 2403 significatur
1430 2327 1735 2400 naturale,
1799 2345 1910 2405 per
1942 2327 2169 2404 'pedem
2204 2329 2423 2384 rectum
2452 2331 2548 2373 na·-

445 2427 641 2488 turale
681 2424 879 2503 quoad
913 2425 1166 2500 bonum,
1220 2443 1332 2502 per
1368 2427 1565 2486 volam
1603 2427 1826 2504 pedum
1872 2427 2152 2488 ultimum
2202 2425 2309 2496 ibi,
2363 2424 2419 2476 et
2447 2427 2545 2491 pel·

449 2545 554 2590 aes
588 2528 952 2605 laevigatum
1003 2526 1274 2585 similiter
1307 2527 1677 2602 significatur
1726 2529 1945 2587 bonum
1996 2533 2059 2592 in
2096 2523 2379 2587 naturalis
2424 2511 2542 2574 inde

445 2635 646 2708 patet,
699 2626 857 2704 quod
889 2625 1108 2686 bonum
1167 2628 1229 2684 in
1264 2627 1523 2686 naturali
1584 2628 1949 2704 significetur
2013 2646 2126 2707 per
2161 2623 2404 2684 vitulum
2423 2659 2441 2690 ,
2490 2614 2539 2669 et

447 2729 608 2808 quod
635 2729 718 2788 ibi
748 2731 826 2788 sit
855 2725 1125 2786 ultimum
1153 2726 1375 2785 bonum
1412 2728 1573 2804 quod
1600 2728 1859 2788 custodit
1888 2735 1947 2788 et
1975 2735 2209 2788 tutatur
2234 2739 2307 2782 ne
2336 2717 2536 2778 adean-

446 2837 546 2889 tur
581 2828 734 2889 coeli
781 2829 894 2886 uisi
928 2845 1041 2905 per
1073 2827 1294 2886 bonum
1323 2830 1544 2886 amoris
1584 2835 1647 2886 et
1680 2829 2021 2890 charitatis:
2062 2826 2223 2906 quod
2255 2819 2430 2900 pedes
2460 2811 2533 2869 si·

447 2930 728 3006 gnificent
762 2927 1062 3000 naturale,
1114 2929 1393 2987 videatur
1438 2945 1519 2989 n:
1562 2931 1768 2988 2162.
1816 2931 2029 2990 3147.
2088 2928 2299 2989 3761.
2352 2909 2535 2977 3986·

451 3029 664 3087 4280.
708 3029 898 3086 4938
941 3027 1019 3085 ad
1055 3030 1270 3087 4952.
1318 3029 1531 3088 5327.
1578 3029 1787 3088 5328:
1828 3029 2089 3104 quodid
2116 3023 2273 3105 quod
2308 3017 2377 3078 ad
2402 3013 2531 3071 dex-

449 3134 606 3185 trum
633 3126 926 3201 significet
947 3126 1168 3185 bonum
1197 3144 1272 3186 ex
1301 3145 1419 3203 quo
1446 3145 1671 3204 verum,
1712 3146 1768 3186 n:
1805 3132 2015 3189 9604.
2056 3128 2266 3190 9736.
2300 3109 2528 3179 1006ῑὶ

446 3227 585 3286 iude
619 3241 730 3301 pes
767 3230 968 3284 rectus
1003 3226 1278 3285 naturale
1327 3227 1526 3302 quoad
1559 3227 1813 3288 bonum:
1866 3230 2027 3306 quod
2064 3228 2271 3296 volae,
2317 3214 2527 3294 plantae

449 3333 510 3386 et
543 3323 802 3402 ungulae
849 3325 1182 3401 significent
1241 3325 1453 3386 ultima
1494 3329 1557 3387 in
1610 3329 1903 3404 naturali,
1967 3348 2037 3388 n:
2080 3325 2290 3388 4938.
2331 3307 2522 3375 7729:

449 3426 608 3505 quod
643 3442 748 3485 aes
782 3425 1148 3504 laevigatam
1183 3425 1477 3502 significet
1508 3427 1729 3487 bonum
1765 3429 2039 3490 naturale
2056 3475 2073 3506 ,
2112 3439 2293 3502 supra
2322 3433 2387 3474 nt
2426 3405 2517 3464 ⁷⁰·

446 3528 629 3606 Apud
651 3526 996 3595 Hoscheam
1027 3524 1501 3602 „Rem-cimini
1526 3526 1617 3588 ad
1628 3527 1951 3604 Jehovam,
1982 3529 2177 3590 dieite
2200 3520 2286 3584 ad
2305 3513 2509 3593 Ipsum,

447 3647 689 3690 omnem
723 3629 912 3710 aufer
947 3624 1350 3707 iniquitatem
1364 3671 1381 3698 ‚
1430 3633 1493 3688 et
1530 3628 1743 3708 accipe
1783 3629 2025 3704 bonum,
2072 3633 2133 3688 et
2156 3609 2513 3704 rependmff

430 3727 735 3812 juvencos
773 3725 1086 3789 labiorum
1133 3730 1545 3789 ποειΐνοοκιωη(ί
1598 3727 1769 3788 XIV:
1812 3730 1887 3805 33
1942 3729 2085 3807 quid
2118 3729 2195 3787 sit
2226 3703 2517 3812 τερθῦὖθξθ

437 3829 734 3906 juvencos
769 3828 1092 3902 labiorum,
1149 3845 1322 3887 nemo
1364 3829 1521 3888 scire
1556 3834 1793 3904 potest,
1844 3831 1962 3890 nisi
1994 3833 2146 3890 sciat
2195 3815 2328 3899 quid
2358 3807 2516 3879 Sigm‘

443 3929 626 3988 ficant
651 3930 898 4006 juvenci
935 3933 996 3988 et
1031 3927 1175 4004 quid
1207 3928 1373 3987 labia
1395 3972 1411 4004 ,
1468 3928 1630 4005 quod
1662 3930 1743 3988 sit
1779 3930 2075 3989 confessio
2130 3932 2191 3986 et
2230 3909 2515 4008 gratim-usn

447 4029 604 4084 aetio
641 4043 718 4084 ex
749 4029 906 4086 bono
943 4027 1153 4101 eorde,
1211 4033 1385 4105 patet
1403 4047 1420 4104 3
1474 4028 1584 4088 sed
1616 4031 1703 4087 ita
1740 4028 1984 4105 dicitur,
2026 4031 2165 4106 quia
2188 4005 2413 4100 juvenci
2442 4009 2515 4054 ⁵¹*

447 4119 728 4194 gnificant
761 4123 982 4183 bonum
1019 4132 1346 4202 externum,
1386 4133 1448 4186 et
1480 4128 1643 4188 labia
1668 4128 2003 4205 significant
2026 4125 2367 4188 doctrinam
2396 4091 2514 4204 5⁰³⁶

445 4231 558 4294 per
579 4219 909 4292 rependere
929 4224 1221 4298 juvencos
1249 4227 1543 4287 labiorum
1568 4229 1936 4306 significatur
1957 4222 2219 4290 confiteri
2241 4219 2299 4277 'et
2320 4197 2514 4286 gratias
