2700 4792
293 344 515 411 CAPUT
554 341 894 400 TERTIUM.
1662 342 1873 398 VERS:
1920 354 2011 408 14.
2206 357 2316 412 359

217 506 370 568 vm't
401 501 684 586 loquetur
699 525 720 564 .·
769 499 900 564 Ille
937 500 1046 562 Me
1081 499 1501 584 qlorifioabt't,
1566 502 1721 582 quia
1757 521 1837 566 ex
1878 501 2021 564 Meo
2054 505 2317 586 accipiet

215 611 271 667 et
301 605 698 668 annuntiabit
734 603 908 664 vobi-s·
921 623 942 662 .·
995 602 1208 662 omnia
1247 621 1641 682 quaecunque
1672 601 1875 665 Pater
1906 603 2115 676 habet,
2164 603 2316 670 Mea

215 712 380 778 sum,
421 711 688 785 propter
726 703 842 764 hoo
885 702 1038 764 dicei
1054 747 1070 774 ,
1111 703 1280 782 quod
1319 721 1363 764 a
1394 699 1539 764 Meo
1578 709 1947 782 accepturus
1987 705 2077 766 sit
2110 711 2170 767 et
2194 727 2313 768 an-

209 805 618 868 nuntiaturus
643 805 862 866 vob2'8“
903 803 1082 864 XVI:
1131 807 1158 860 l
1179 806 1238 863 3.
1284 807 1395 864 14.
1434 808 1463 862 1
1484 806 1553 878 53
1591 804 1751 879 quod
1776 805 2059 864 Divinum
2088 807 2313 868 Verum

213 911 286 968 sit
315 925 390 966 ex
423 907 712 978 Domino,
768 904 1117 980 intelligitur
1167 921 1279 980 per
1315 905 1475 980 quod
1522 922 1641 964 non
1673 904 1955 980 loquetur
1990 923 2065 964 ex
2100 915 2309 982 semet,

214 1007 314 1068 sed
345 1007 511 1088 quod
547 1024 622 1066 ex
656 1007 794 1066 Meo
844 1007 1102 1080 accipiet
1152 1010 1214 1063 et
1247 1005 1623 1064 annuntiabit
1656 1003 1857 1079 vobis3
1915 1005 2075 1081 quod
2118 1007 2199 1064 sit
2234 1025 2311 1067 ex

210 1108 418 1168 Divino
455 1107 734 1166 Humano
767 1106 1042 1175 Domini,
1093 1121 1204 1180 per
1237 1104 1417 1178 haee,
1473 1107 1671 1164 omnia
1704 1121 2095 1181 quaeeunque
2129 1105 2312 1166 Pater

205 1207 414 1276 habet,
455 1206 596 1266 Mea
630 1213 802 1281 sunt,
854 1211 1104 1282 propter
1135 1204 1250 1264 hoe
1287 1205 1443 1274 dixi,
1480 1206 1641 1280 quod
1676 1223 1751 1264 ex
1777 1205 1913 1264 Meo
1946 1212 2307 1282 accepturus

209 1311 284 1368 sit
319 1315 380 1368 et
417 1311 876 1366 annuntiaturus
913 1305 1082 1366 vobis
1101 1325 1118 1380 ;
1167 1311 1229 1364 et
1264 1306 1425 1381 quod
1457 1305 1615 1364 Illud
1648 1305 1929 1364 Divinum
1964 1305 2309 1367 Humanum

202 1408 438 1467 Domini
473 1409 840 1480 manifestet,
879 1423 992 1482 per
1023 1405 1210 1477 haec,
1256 1405 1369 1464 Ille
1404 1406 1501 1464 Me
1540 1405 1893 1481 glorificabit
1904 1415 1931 1480 ,⁸
1973 1405 2306 1483 glorificare

203 1515 290 1568 est
313 1509 600 1568 Divinum
627 1509 970 1566 Humanum
995 1505 1234 1564 Domini
1259 1511 1463 1565 notum
1487 1507 1706 1578 faeere,
1745 1506 1901 1582 quod
1926 1506 1989 1565 id
2014 1509 2095 1566 sit
2117 1506 2303 1584 glori-

201 1608 410 1682 ficare,
449 1625 584 1668 eum
621 1608 696 1668 de
731 1607 1010 1675 Domino,
1037 1605 1325 1666 videatur
1360 1608 1421 1665 in
1456 1607 1785 1666 Docti-mm
1818 1605 2032 1666 Noun·
2068 1607 2302 1668 Humo-

205 1726 482 1768 somme
519 1726 589 1766 n:
633 1710 796 1766 294.
853 1706 1057 1768 Simile
1094 1706 1461 1783 significatur
1511 1723 1621 1783 per
1654 1706 1805 1766 haec
1842 1708 2083 1766 Domini
2118 1709 2309 1768 verba

203 1807 394 1888 „Eyo
431 1808 764 1870 veritatem
800 1806 974 1868 vohis
1009 1804 1182 1876 dico,
1223 1806 1492 1884 prodest
1532 1811 1603 1868 ut
1636 1807 1853 1868 abeam
1865 1828 1894 1881 ,·
1948 1807 2013 1868 εἰ
2057 1808 2308 1870 abivero

199 1908 451 1970 mittam
487 1906 903 1968 Paracletum
938 1905 1258 1986 Spiritum
1292 1907 1587 1968 veritatis
1624 1906 1715 1968 ad
1741 1911 1899 1969 vos“
1938 1907 1981 1970 J
1982 1909 2099 1970 oh:
2128 1910 2300 1970 XVI:

207 2015 262 2068 7.
299 2012 372 2085 83
423 2009 564 2068 inde
599 2015 800 2085 patet,
849 2007 1008 2084 quod
1041 2009 1120 2066 sit
1161 2025 1236 2068 ex
1267 2008 1490 2068 Divino
1529 2009 1803 2068 Humano
1840 2009 2060 2086 Ipsius.
2128 2009 2307 2086 Quod

198 2109 486 2172 Dominus
524 2107 604 2170 Se
635 2109 794 2168 dicat
829 2109 1048 2182 Amen,
1087 2115 1182 2168 est
1218 2110 1359 2185 quia
1390 2111 1587 2168 Amen
1620 2109 1915 2184 signifieat
1952 2109 2301 2188 Veritatem,

195 2213 272 2268 ita
305 2210 518 2287 Ipsum
555 2210 908 2284 Dominum,
965 2211 1106 2284 quia
1139 2225 1273 2270 cum
1309 2211 1369 2266 in
1404 2209 1627 2268 Mundo
1662 2209 1800 2279 suit,
1858 2217 1986 2269 erat
2019 2213 2155 2287 ipsa
2186 2211 2301 2270 Di-

198 2314 335 2370 vina
369 2310 646 2383 Veritas,
685 2327 796 2368 seu
837 2310 1046 2386 Ipsum
1083 2309 1365 2368 Divinum
1401 2309 1663 2384 Verum3
1712 2327 1865 2390 quae
1902 2313 2079 2370 etiam
2116 2328 2304 2372 causa

199 2419 356 2484 erat,
411 2410 570 2486 quod
597 2411 892 2470 Dominus
929 2412 1105 2470 toties
1143 2409 1359 2468 dixerit
1392 2409 1613 2483 Amen,
1656 2415 1716 2468 et
1747 2410 1943 2468 Amen
1978 2412 2201 2482 Amen,
2236 2418 2303 2472 ut

199 2509 428 2568 Matth:
461 2510 551 2570 V:
603 2512 720 2569 18..
753 2513 864 2570 26.
930 2509 1086 2586 Cap:
1124 2509 1242 2568 VI:
1293 2511 1402 2568 16.
1470 2509 1630 2585 Cap:
1667 2508 1750 2568 X:
1793 2512 1903 2569 23.
1946 2513 2059 2570 42.
2136 2509 2303 2587 Gap:

201 2609 414 2668 XVII:
457 2613 562 2669 20.
635 2610 796 2686 Cap:
834 2610 1086 2670 XVIII:
1129 2612 1338 2670 3.13.
1378 2613 1486 2669 18.
1524 2609 1705 2686 ,Capz
1742 2609 1981 2671 XXIV:
2024 2614 2085 2667 2.
2148 2609 2297 2686 Cap:

193 2709 498 2770 XXVIII:
545 2715 654 2770 20.
714 2711 866 2770 Joh:
901 2711 963 2770 I:
1011 2713 1118 2770 52.
1177 2709 1338 2786 Cap:
1376 2710 1497 2770 III:
1545 2714 1655 2770 11.
1726 2709 1888 2786 Cap:
1925 2710 2001 2770 V:
2039 2712 2147 2768 19.
2183 2713 2295 2784 24,

199 2814 308 2871 25.
394 2811 552 2887 Cap:
589 2811 704 2870 VI:
762 2815 872 2870 26.
919 2813 1030 2870 32.
1072 2814 1186 2869 47.
1234 2812 1341 2870 53.
1424 2811 1581 2888 Cap:
1630 2811 1809 2870 VIII:
1871 2813 1981 2872 34.
2027 2813 2134 2870 51.
2185 2811 2294 2870 58.

193 2909 352 2987 Cap:
391 2911 473 2970 X:
521 2915 578 2968 1.
627 2917 684 2970 7.
730 2914 841 2970 24.
901 2910 1048 2988 Cap:
1075 2911 1250 2970 XIII:
1297 2915 1407 2972 16.
1442 2914 1554 2972 20.
1586 2917 1696 2973 21.
1769 2911 1929 2989 Cap:
1964 2911 2141 2972 XXI:
2186 2914 2295 2972 18.

193 3014 302 3072 25.
361 3012 540 3087 Quod
575 3013 864 3072 Dominus
900 3012 1079 3071 fuerit
1111 3014 1308 3087 ipsum
1343 3012 1625 3072 Divinum
1651 3013 1877 3074 Verum
1914 3030 2049 3073 cum
2084 3015 2303 3080 eratin

186 3112 426 3182 mund0,
459 3113 602 3188 Ipse
639 3113 816 3172 docet
851 3112 1014 3189 apud
1040 3111 1379 3170 Johannem
1418 3111 1615 3192 „Eyo
1645 3133 1789 3174 sum
1830 3111 1971 3189 Via,
2023 3111 2297 3188 Ver-itae,

185 3217 241 3272 et
290 3211 494 3274 Vitff
548 3213 720 3272 XIV:
766 3215 836 3272 6:
876 3221 936 3272 et
971 3212 1132 3289 apud
1165 3213 1437 3272 Eundem
1476 3212 1657 3288 „Pro
1702 3211 1843 3275 illi-s·
1866 3213 2019 3295 Eyo
2054 3214 2295 3276 sancti-

176 3314 300 3393 fico
326 3311 438 3372 Me
461 3311 720 3392 Ipsum,
773 3319 846 3373 ut
883 3312 1080 3372 etiam
1118 3309 1225 3372 illi
1261 3313 1396 3374 siut
1432 3315 1820 3396 sanctificati
1859 3315 1930 3376 iu
1972 3313 2297 3376 Veritate“

187 3413 404 3472 XVII:
453 3417 482 3471 1
504 3417 574 3488 93
629 3412 792 3488 quod
827 3420 1096 3473 sanctum
1145 3416 1206 3472 in
1241 3413 1445 3473 Verbo
1483 3415 1717 3475 dicatur
1752 3416 1826 3475 de
1862 3415 2078 3474 Divino
2113 3415 2299 3486 Vero,

183 3530 250 3572 ac
313 3513 681 3574 sanctificari
742 3514 814 3572 de
879 3514 996 3572 illis
1054 3516 1155 3590 qui
1202 3517 1502 3600 reeipiunt
1543 3516 1722 3584 illud,
1782 3515 2058 3574 videatur
2105 3531 2294 3591 supra

179 3631 244 3674 n:
290 3617 470 3689 2043
507 3614 644 3674 inde
679 3614 1054 3674 sanctificare
1089 3630 1156 3674 se
1189 3614 1431 3690 Ipsum,
1467 3621 1559 3674 est
1592 3615 1935 3673 Humanum
1968 3629 2141 3671 suum
2176 3613 2291 3672 Di-

178 3716 384 3776 vinum
439 3715 670 3788 faeere3
733 3714 843 3773 sed
891 3714 964 3772 de
997 3715 1091 3774 his
1144 3714 1324 3790 plura
1358 3713 1671 3774 videantur
1722 3731 1877 3788 quae
1922 3717 1983 3770 in
2018 3712 2295 3772 Anmms

182 3811 600 3876 Connus-rmus
655 3821 900 3876 ostensa
961 3820 1100 3874 sunt
1149 3817 1211 3872 in
1257 3814 1405 3874 locis
1452 3813 1589 3872 inde
1640 3814 1837 3872 citatis
1872 3815 1933 3872 in
1967 3813 2294 3875 Doc'rm-NA

176 3912 396 3996 Novqn
430 3915 918 3976 Hmnosommn
967 3934 1036 3974 n:
1081 3915 1243 3974 303.
1301 3915 1463 3973 304.
1508 3914 1669 3974 305.
1726 3915 1886 3974 306.
1966 3912 2297 3971 Praeterea

178 4015 342 4091 quod
373 4017 570 4074 Amen
606 4015 902 4092 significet
935 4015 1437 4074 confirmationem
1472 4013 1768 4089 Divinam,
1806 4014 2076 4072 videatur
2110 4029 2299 4088 supra

175 4132 244 4175 n:
292 4118 418 4190 343
473 4122 542 4175 ut
575 4133 812 4192 quoque
847 4119 908 4174 in
943 4117 1154 4176 Veteri
1191 4114 1609 4190 Testamento,
1647 4115 1839 4176 Deut:
1877 4114 2156 4175 XXVII:
2206 4116 2289 4174 15

174 4216 254 4276 ad
298 4219 410 4276 26.
475 4216 692 4293 IReg:
727 4216 947 4278 1236.
996 4215 1170 4293 Esaj:
1209 4214 1404 4276 LXV:
1442 4215 2003 4302 16.·Jerem:X1:
2045 4219 2101 4276 5.
2148 4215 2299 4294 Cap:
