2700 4792
333 370 570 432 CAPUT
607 373 950 434 TERTIUM.
1682 378 1860 434 VERS
1879 402 1892 434 :
1942 395 1962 443 1
1976 391 2027 442 7.
2188 393 2259 447 38
2270 397 2295 448 1

187 538 427 608 ‹iit-itur,
483 535 642 614 quod
684 537 864 596 saciat
896 536 1269 613 hypocrisin,
1327 543 1389 597 et
1437 538 1718 614 loquatur
1760 547 1969 600 eontra
2002 541 2302 604 Jehovam

185 655 472 708 errorem,
526 635 604 696 ad
654 637 1065 696 evacuandum
1116 639 1373 696 animam
1426 639 1820 716 esurientem,
1876 648 1937 702 et
1970 649 2176 720 potum
2210 648 2297 707 si·-

183 743 424 798 tientem
460 737 720 797 deficere
769 736 952 795 faciat
968 757 986 809 3
1041 738 1242 796 facere
1281 738 1623 815 hypocrisin
1684 748 1747 800 et
1791 741 1959 819 loqui
2008 761 2292 821 errorem,

187 847 270 899 est
302 839 510 898 facere
547 839 771 898 malum
809 855 886 896 ex
918 837 1072 896 falso
1110 855 1180 896 ac
1215 838 1381 914 loqui
1415 840 1631 898 salsum
1668 857 1743 900 ex
1772 843 1959 918 malo;
1998 861 2295 907 evacuare

186 942 438 999 animam
475 941 840 998 esurientem
879 945 974 996 est
1009 938 1321 1014 deprivare
1360 941 1796 1016 cognitionibus
1831 942 1973 1001 boni
2019 943 2155 1004 illos
2194 950 2297 1021 qui

183 1041 524 1100 desiderant
559 1056 696 1113 eas,
725 1044 813 1096 .et
848 1036 1104 1097 deficere
1139 1038 1338 1098 faeere
1374 1049 1579 1116 potum
1616 1041 1917 1100 sitientem
1956 1050 2049 1102 est
2082 1044 2288 1122 depri-

181 1157 320 1200 vare
351 1139 790 1216 cognitionibus
819 1140 948 1197 veri
971 1139 1106 1197 illos
1145 1142 1246 1216 qui
1271 1137 1613 1201 desiderant
1640 1157 1759 1199 eas.
1818 1142 1999 1218 Apud
2022 1143 2294 1205 Eundem

188 1239 572 1316 „Habebunt
607 1237 840 1300 Misere·
890 1238 960 1298 in
998 1237 1284 1299 Jehovah
1324 1239 1643 1319 yaudium
1653 1285 1670 1315 ,
1726 1246 1786 1300 et
1812 1239 2139 1321 Pauper-ee
2174 1244 2289 1304 1ιο-

181 1340 422 1403 minum
461 1340 536 1400 in
570 1337 804 1400 Sancto
840 1335 1118 1400 Israelis
1177 1336 1554 1400 exultabunt
1576 1343 1613 1374 “
1693 1340 1946 1402 XXIX:
2004 1346 2032 1402 1
2056 1345 2123 1418 93
2184 1361 2295 1423 per

180 1441 432 1503 Miseros
461 1449 522 1501 et
547 1442 852 1517 Pauperes
891 1427 1069 1500 etiam
1104 1441 1200 1499 hie
1227 1440 1635 1517 significantur
1670 1443 1771 1518 qui
1804 1445 1864 1500 in
1892 1442 2132 1504 defectu
2160 1448 2289 1504 veri

183 1549 237 1601 et
265 1544 414 1603 boni
447 1548 614 1617 sunt,
675 1548 736 1600 et
767 1548 968 1599 tamen
1025 1544 1088 1600 in
1124 1540 1421 1600 desiderio
1482 1540 1559 1600 ad
1593 1541 1723 1615 illa;
1778 1541 1851 1602 de
1897 1543 1991 1603 his
2048 1543 2285 1613 dicitur,

183 1645 337 1718 quod
399 1643 664 1702 habituri
720 1641 1002 1718 gaudium
1061 1643 1124 1700 in
1157 1641 1200 1702 J
1203 1641 1441 1701 ehovah
1502 1648 1562 1702 et
1598 1642 1920 1703 exultaturi
1963 1647 2025 1704 in
2060 1642 2291 1705 Sancto

179 1743 462 1819 IsraeliS,
513 1751 574 1804 et
616 1759 732 1801 non
781 1741 852 1802 de
889 1745 1122 1801 miseris
1173 1748 1234 1801 et
1266 1742 1633 1819 pauperibus
1676 1744 1872 1820 quoad
1916 1762 2061 1822 opes
2107 1765 2285 1806 mun-

181 1846 384 1904 danae.
441 1846 535 1904 Ex
569 1845 662 1903 his
700 1851 972 1902 constare
1008 1849 1234 1919 potest,
1291 1843 1435 1918 quid
1478 1843 1849 1920 significatur
1893 1863 2001 1924 per
2034 1849 2289 1908 miseros

183 1954 236 2005 et
265 1962 572 2024 pauperes
619 1946 679 2001 in
718 1943 850 2002 aliis
885 1943 1034 2002 locis
1081 1946 1141 2002 in
1175 1944 1383 2004 Verbo
1396 1964 1413 2019 3
1467 1951 1537 2004 ut
1582 1947 1642 2004 in
1677 1947 2089 2022 sequentibus,
2124 1947 2289 2026 apud

179 2045 476 2110 Davidem
555 2091 590 2120 „
611 2041 762 2104 Non
801 2043 871 2104 in
909 2048 1288 2124 perpetuum
1333 2041 1636 2106 oblivioni
1679 2045 1973 2107 tradetur
2008 2045 2287 2130 Pauper,

180 2165 250 2206 ao
285 2165 434 2226 spes
459 2143 846 2206 maerorum
878 2143 1176 2224 peritura
1219 2144 1289 2205 iu
1321 2149 1644 2206 aeternum
1664 2148 1699 2177 “
1755 2147 1994 2206 Psalm:
2024 2148 2137 2208 IX:
2176 2152 2206 2207 1
2226 2150 2288 2208 9:

179 2248 336 2324 apud
387 2247 660 2306 Eundem
723 2289 760 2319 „
783 2243 974 2304 Deus
1009 2243 1334 2327 judicabit
1384 2242 1663 2306 Miseros·
1693 2243 1953 2324 populi,
2018 2248 2293 2310 amabit

169 2344 348 2428 filios
374 2345 726 2425 Pauperis;
764 2342 1052 2406 liberabit
1078 2345 1437 2425 Pauperem
1460 2342 1838 2406 clamantem
1862 2352 1922 2406 et
1944 2345 2289 2421 Aliam-urm

172 2453 392 2526 pan-cet
437 2445 640 2508 Tenui
673 2451 732 2505 et
764 2444 1055 2526 Pauperi
1066 2467 1094 2518 ;
1147 2452 1208 2506 et
1249 2446 1505 2508 animae
1542 2443 1913 2524 Pauperam
1950 2445 2228 2508 salvabit
2250 2451 2286 2480 “

181 2547 423 2605 Psalm:
457 2547 724 2608 LXXII:
765 2551 826 2606 4.
873 2551 981 2606 12.
1029 2549 1154 2606 13:
1209 2547 1371 2623 apud
1416 2547 1686 2606 Eundem
1738 2589 1775 2619 ,‚
1801 2543 2111 2607 Videbunt
2148 2545 2291 2606 Mi-

181 2647 334 2718 seri,
366 2644 762 2708 laetabuntur
784 2652 1144 2726 quaerentes
1169 2646 1227 2708 J
1218 2647 1492 2722 ehovam,
1534 2646 1689 2726 quia
1710 2644 1983 2706 exaudit
2007 2643 2293 2706 Jehovah

181 2745 552 2828 Paupere8“
605 2748 833 2809 Psalm:
872 2748 1099 2807 LXIX:
1144 2750 1254 2808 33.
1299 2751 1424 2808 34:
1464 2747 1625 2824 apud
1656 2745 1925 2808 Eundem
1961 2741 2293 2820 „Jehovah

179 2848 372 2930 eripit
406 2847 724 2909 Miserum
769 2867 812 2909 a
851 2845 1162 2909 validiori
1199 2847 1372 2928 ipso,
1428 2853 1488 2907 et
1520 2845 1878 2927 Pauperem
1920 2863 1964 2906 a
2003 2842 2291 2926 &polian-

179 2949 346 3011 tibus
381 2946 620 3010 illum“
673 2949 913 3010 Psalm:
951 2947 1216 3008 XXXV:
1268 2953 1386 3009 10:
1443 2948 1604 3026 apud
1639 2947 1911 3008 Eundem
1952 2945 2205 3022 „Miser
2228 2952 2292 3007 et

176 3049 440 3130 Pauper·
465 3045 738 3110 laudaut
763 3041 1009 3108 Nomen
1033 3051 1261 3110 tuum“
1300 3049 1533 3108 Psalm:
1569 3048 1857 3108 LXXIV:
1893 3053 2003 3107 21.
2057 3048 2281 3108 Psalm:

179 3149 339 3210 CIX:
387 3153 511 3208 22:
566 3150 728 3226 apud
761 3150 1028 3209 Eundem
1086 3193 1124 3224 „
1147 3147 1294 3210 Seio
1335 3148 1503 3228 quod
1539 3146 1823 3210 Jehovah
1847 3149 2157 3230 facturus
2202 3149 2295 3209 eit

178 3247 352 3310 litem
387 3248 646 3325 ,Miser-i,
701 3254 761 3308 et
780 3248 1112 3332 judicium
1137 3248 1569 3328 Pauperum“
1631 3250 1872 3310 Psalm:
1914 3249 2110 3310 CXL:
2157 3252 2287 3310 13:

180 3358 234 3410 et
271 3367 514 3428 quoque
553 3351 726 3424 alibi,
779 3357 849 3409 ut
880 3352 1062 3428 Esaj:
1099 3350 1180 3409 X:
1225 3355 1285 3408 2.
1341 3351 1581 3410 Jerem:
1619 3351 1839 3410 XXII:
1883 3354 1991 3410 16.
2046 3351 2286 3410 Ezech:

176 3451 357 3512 XVI:
401 3455 517 3511 49.
576 3449 724 3528 Cap:
754 3450 996 3510 XVIII:
1045 3454 1154 3510 12.
1212 3449 1359 3526 Cap:
1390 3450 1604 3510 XXII:
1638 3455 1747 3509 29.
1799 3451 1983 3510 Amos
2012 3449 2190 3508 VIII:
2224 3452 2289 3508 4.

177 3551 364 3612 Dent:
396 3548 538 3611 XV:
580 3555 607 3610 1
630 3555 687 3609 1.
745 3551 907 3626 Cap:
936 3549 1170 3610 XXIV:
1208 3555 1316 3610 14.
1375 3550 1551 3626 Quod
1585 3557 1834 3626 uterque
1864 3565 2077 3625 nempe
2102 3547 2289 3608 Miser

179 3661 234 3710 et
266 3653 514 3728 Pauper
569 3654 631 3710 in
669 3651 868 3710 allatis
905 3651 1052 3710 locis
1089 3653 1439 3725 nominetur,
1498 3657 1589 3708 est
1625 3652 1767 3724 quia
1814 3654 1907 3707 est
1962 3645 2291 3708 seeundum

177 3754 393 3829 stylum
433 3751 649 3825 Verbi,
705 3758 772 3810 ut
805 3751 910 3810 ubi
945 3751 1156 3810 dicitur
1193 3751 1266 3809 de
1304 3751 1464 3810 Vero
1504 3751 1681 3806 etiam
1720 3749 1948 3808 dicatur
1984 3748 2059 3807 de
2092 3748 2303 3821 Bono„

178 3870 242 3912 ac
273 3854 338 3911 in
373 3853 654 3929 opposito
690 3867 875 3912 sensu
910 3852 1014 3909 ubi
1048 3850 1122 3910 de
1159 3851 1336 3910 Falso
1377 3852 1555 3908 etiam
1590 3848 1665 3907 de
1701 3849 1879 3922 Ma10,
1921 3851 2062 3925 quia
2104 3865 2288 3906 unum

173 3952 397 4012 faciunt
449 3959 510 4012 et
553 3954 710 4011 sieut
743 3949 1113 4029 eonju‘gium,
1172 3967 1355 4027 quare
1390 3949 1597 4008 Miseri
1646 3955 1707 4008 et
1752 3948 1931 4008 simul
1974 3948 2287 4026 Pauperes

175 4057 576 4127 nominantur,
625 4071 754 4128 sper
799 4053 1052 4112 Miseros
1117 4053 1272 4110 enim
1307 4049 1714 4125 intelliguntur
1778 4052 1879 4126 qui
1938 4051 2001 4109 in
2050 4049 2291 4110 deiectu

175 4156 573 4230 cognitionum
607 4155 754 4226 veri,
796 4159 856 4212 et
888 4171 998 4228 per
1038 4152 1348 4228 Pauperes
1387 4153 1491 4228 qui
1524 4153 1583 4209 in
1622 4151 1855 4210 defectu
1891 4154 2294 4229 cognitionum

174 4249 340 4329 boni3
379 4255 541 4330 quod
575 4253 695 4312 tale
725 4252 1079 4330 Conjugium
1115 4253 1192 4310 sit
1226 4254 1286 4309 in
1311 4252 1694 4330 propheticis
1721 4251 1909 4312 Verbi
1934 4269 2129 4328 paene
2155 4251 2293 4310 ubi-
