2700 4792
325 347 567 406 CAPUT
622 349 1026 409 SECUNDUM.
1161 421 1178 433 ,
1710 351 1921 408 vum:
1966 360 2022 415 s.
2180 365 2289 420 με

141 531 318 576 vem
358 510 432 570 in
479 503 740 570 saecula
787 504 1234 570 saeculormffl
1287 510 1477 568 Vers:
1545 512 1573 568 1
1594 514 1652 568 7.
1712 513 1741 568 l
1762 513 1835 586 83
1898 510 2053 572 haec
2100 529 2285 590 prae-

141 617 492 672 mittuntur
541 609 640 668 hic
687 601 928 684 scriptis
980 607 1058 666 ad
1101 609 1403 685 Angelum
1450 609 1763 670 Ecclesiae
1798 609 2281 690 Smyrnaeorum,
2350 666 2357 674 .

141 715 252 774 his
297 711 525 782 verbis,
568 706 802 783 „Haec
835 705 999 768 dicit
1032 706 1306 768 Primus
1331 713 1392 770 et
1427 705 1729 784 Ultimus,
1774 709 1911 786 Qui
1938 711 2077 786 fait
2112 732 2284 778 mor-

147 819 322 874 tuus
357 815 422 870 et
455 808 663 870 vivit“
717 808 904 868 Vers:
960 810 1020 867 8.
1065 808 1173 870 ,Ιῐι
1225 809 1631 884 praecedente
1667 809 1881 887 Capite
1926 811 2285 874 describitur

145 913 356 972 Filius
391 911 678 982 hominis,
719 907 880 983 quod
919 925 1044 981 „ex
1080 925 1185 968 ore
1221 906 1447 986 Ipsius
1482 907 1626 968 vica
1660 908 1751 969 cit
1782 909 2125 990 romphaea
2158 931 2279 974 am·-

149 1031 311 1092 cepe
348 1014 544 1072 acuta
579 1008 844 1070 exiem“
887 1007 1076 1068 Vers:
1139 1011 1166 1065 1
1190 1012 1259 1083 63
1319 1008 1435 1068 hoc
1474 1011 1874 1085 praemittitur
1908 1013 2149 1090 scriptis
2202 1013 2281 1074 ad
2320 1023 2481 1087 [101]

150 1105 472 1189 Angelum
523 1110 948 1186 Pergamensis
1012 1108 1322 1166 Ecclesiae
1344 1152 1361 1179 ,
1420 1109 1515 1168 his
1577 1108 1779 1167 verbis
1834 1108 2068 1183 „Haec
2120 1110 2283 1175 dicit

152 1212 402 1273 habens
435 1207 842 1289 romphaeam
878 1206 1219 1286 ancipitem
1241 1211 1517 1282 acutam,
1533 1209 1567 1239 “
1607 1209 1793 1268 Vers:
1840 1213 1867 1266 1
1887 1212 1947 1267 2.
2000 1211 2072 1270 In
2096 1230 2279 1288 prae·-

153 1313 424 1373 cedentc
491 1309 703 1386 Capite
763 1307 1125 1368 describitur
1184 1307 1375 1366 Filius
1436 1307 1721 1381 hominis„
1780 1309 1941 1384 quod
1991 1312 2159 1370 visus
2204 1315 2285 1372 sit

158 1457 202 1487 „
212 1411 442 1472 habere
491 1406 703 1470 oeulos
745 1412 1050 1486 tanquam
1069 1405 1413 1485 flammam
1446 1406 1627 1486 iynic
1642 1452 1659 1482 ,
1713 1413 1776 1469 et
1802 1406 2001 1487 pedes
2034 1407 2283 1472 similes

163 1507 600 1571 chalcolibano
637 1514 942 1587 tanquam
983 1505 1056 1568 in
1091 1504 1358 1566 Camino
1394 1506 1687 1586 ἱρηίων(
1753 1508 1942 1568 Vers:
2002 1512 2031 1569 1
2049 1514 2111 1570 4.
2158 1515 2187 1569 1
2208 1513 2277 1588 53

165 1612 334 1670 haec
367 1612 826 1686 praemittuntur
863 1608 1106 1683 scriptis
1142 1606 1220 1665 ad
1255 1607 1557 1683 Angelum
1594 1607 1896 1686 Thyatiris
1943 1609 2275 1686 Ecclesiae,

161 1712 268 1772 his
307 1711 503 1770 verbis
541 1707 774 1784 „Haec
807 1705 970 1768 dicit
1003 1703 1227 1768 Filius
1261 1705 1403 1766 Dei
1435 1705 1667 1768 habem-
1702 1705 1915 1770 oculos
1941 1727 2094 1772 cuo-5
2132 1715 2279 1772 tan-

161 1829 362 1891 quam
391 1808 732 1888 flammam
767 1806 946 1886 iynis
961 1851 976 1881 ,
1011 1811 1071 1866 ct
1094 1804 1292 1886 pedes
1329 1823 1483 1868 euos
1520 1804 1766 1868 similes
1801 1807 2275 1872 chalcolibano“

163 1913 361 1970 Vers:
412 1914 440 1968 1
460 1912 532 1984 83
597 1909 870 1968 similiter
914 1913 1052 1967 ante
1098 1907 1328 1982 scripta
1378 1907 1456 1966 ad
1488 1908 1755 1984 Angelos
1792 1913 1968 1970 trium
2003 1910 2275 1988 reliqua-

161 2029 300 2070 rum
331 2010 760 2082 Ecclesiarum,
799 2007 873 2066 de
911 2007 1126 2084 quibus
1163 2008 1224 2065 in
1261 2005 1474 2084 Capite
1511 2015 1829 2084 sequente:
1882 2029 1957 2070 ex
1996 2010 2089 2068 his
2128 2027 2275 2070 con-

163 2119 330 2170 stare
368 2116 600 2186 potest‚
642 2107 804 2186 quod
839 2110 918 2166 sit
953 2107 1140 2166 Filius
1176 2105 1433 2166 hominis
1470 2109 1569 2184 qui
1606 2109 1746 2167 dicit
1786 2109 1890 2168 illa
1926 2127 2081 2188 quac
2116 2113 2271 2170 scri-

163 2211 390 2270 buntur
427 2209 504 2268 ad
541 2208 887 2281 Ecclesiae,
947 2213 1008 2265 et
1044 2209 1180 2283 quia
1218 2224 1330 2282 per
1364 2207 1579 2266 Filium
1623 2209 1877 2268 hominis
1927 2209 2277 2286 intelligitur

167 2312 466 2370 Dominus
507 2308 706 2385 quoad
739 2307 1027 2366 Divinum
1060 2305 1431 2381 Humanum,
1486 2313 1555 2365 ut
1590 2324 1775 2383 supra
1819 2326 1887 2368 n:
1932 2313 2017 2370 63
2064 2315 2273 2370 osten-

164 2427 302 2470 sum
339 2419 462 2482 est,
520 2409 789 2484 sequitur
836 2407 997 2482 quod
1049 2409 1247 2466 omnia
1282 2423 1438 2483 quae
1474 2408 1701 2483 scripta
1749 2415 1890 2467 sunt
1924 2407 2003 2470 ad
2052 2407 2271 2468 Eccle-

168 2513 317 2579 siaS,
365 2525 404 2565 a
440 2508 655 2565 Divino
688 2507 966 2566 Humano
1002 2507 1245 2566 Domini
1280 2508 1429 2580 sint3
1480 2512 1543 2566 et
1577 2523 1815 2582 quoque
1868 2507 2006 2566 inde
2060 2510 2271 2584 sequi-

170 2615 276 2668 tur
312 2606 473 2683 quod
507 2606 786 2664 Divinum
817 2607 1158 2666 Humanum
1208 2608 1287 2666 sit
1326 2623 1499 2666 omne
1534 2608 1596 2664 in
1633 2606 1904 2668 omnibus
1940 2605 2269 2682 Ecclesiae,

165 2709 334 2768 sicut
371 2711 466 2765 est
493 2723 666 2765 omne
699 2707 759 2764 in
785 2707 1054 2766 omnibus
1093 2705 1260 2766 Coeli
1271 2725 1286 2782 3
1341 2706 1439 2766 hic
1476 2708 1658 2766 etiam
1691 2723 1804 2782 per
1838 2706 1999 2790 quod
2024 2708 2102 2766 sit
2134 2705 2268 2764 Pri·-

165 2825 300 2868 mus
352 2813 414 2866 et
469 2805 724 2868 Ultimus
771 2807 1170 2884 significatur,
1236 2807 1395 2882 quod
1428 2807 1721 2866 Dominus
1770 2823 1847 2866 ex
1880 2807 2101 2867 Divino
2136 2805 2273 2864 Hu-

168 2925 342 2968 mano
378 2924 492 2966 suo
536 2909 736 2968 omnia
765 2926 841 2966 ex
875 2908 1084 2983 primis
1118 2923 1231 2982 per
1264 2906 1475 2966 ultima
1516 2913 1705 2984 regat.
1760 2905 1933 2983 Quod
1968 2906 2266 2967 Dominus

173 3007 368 3084 quoad
399 3008 686 3066 Divinum
712 3009 1060 3068 Humanum
1095 3008 1176 3065 sit
1211 3022 1385 3066 omne
1426 3008 1485 3066 in
1521 3006 1793 3066 omnibus
1831 3005 2016 3083 Cocli,
2054 3008 2269 3068 videa-

173 3114 274 3164 tur
310 3110 368 3164 in
407 3106 606 3183 Opere
655 3107 730 3166 de
781 3105 982 3167 Conco
1031 3125 1108 3166 m·
1157 3106 1433 3166 Iun-nuno
1477 3124 1545 3166 n:
1602 3113 1633 3166 7
1670 3106 1747 3166 ad
1781 3109 1901 3182 12,
1960 3115 2021 3168 et
2064 3111 2149 3168 78
2192 3107 2271 3167 ad

185 3209 293 3279 86,
343 3212 401 3264 ct
445 3207 678 3283 reliqua
724 3207 840 3265 ibi:
898 3214 959 3265 et
1007 3208 1149 3283 quia
1189 3206 1483 3265 Dominus
1526 3214 1617 3265 cst
1667 3224 1839 3266 omne
1880 3209 1940 3267 in
1994 3209 2269 3268 omnibus

173 3305 364 3379 Coeli,
419 3313 512 3366 est
557 3310 740 3366 etiam
787 3323 960 3366 omne
999 3307 1062 3365 in
1099 3307 1374 3365 omnibus
1424 3306 1765 3382 Ecclesiae,
1818 3325 1956 3366 nam
1990 3307 2269 3368 Ecclesia

169 3412 264 3466 est
295 3406 570 3482 Regnum
603 3407 847 3465 Domini
882 3408 944 3464 in
979 3407 1172 3464 terris.
1244 3406 1378 3465 Hoc
1414 3423 1766 3466 asseverare
1802 3424 2067 3483 possum,
2108 3404 2267 3480 quod

165 3525 368 3576 nemo,
441 3508 543 3580 qui
586 3508 745 3566 intra
795 3505 1130 3566 Ecclesiam
1187 3512 1311 3580 cst,
1380 3512 1440 3565 et
1490 3523 1606 3564 non
1660 3507 1929 3582 agnoscit
1980 3504 2265 3562 Divinum

165 3607 404 3666 Domini
437 3608 500 3664 ln
535 3605 810 3664 Humano
852 3605 1088 3681 Ipsius,
1142 3608 1336 3682 possit
1370 3607 1591 3664 intrare
1639 3607 1699 3663 in
1740 3603 2015 3676 Caelum,
2074 3617 2265 3676 agno-

166 3723 332 3768 scere
386 3705 672 3764 Divinum
719 3705 963 3766 Domini
1011 3707 1072 3764 iu
1123 3705 1401 3764 Humano
1454 3704 1687 3781 Ipsius,
1747 3708 1838 3760 est
1880 3702 2143 3776 cogitare
2192 3698 2267 3770 de

165 3805 378 3865 Divino
413 3805 618 3881 Ipsius
655 3823 792 3864 cum
837 3805 912 3864 de
949 3805 1226 3864 Humano
1260 3805 1465 3881 Ipsius
1478 3825 1494 3879 3
1545 3820 1734 3864 causa
1770 3800 1929 3877 quod
1974 3799 2060 3858 ita
2096 3801 2271 3875 cogi-

167 3906 404 3966 tandum
437 3907 544 3975 sit,
617 3911 713 3964 est
747 3907 890 3982 quia
939 3911 1128 3964 totum
1167 3903 1418 3964 Coelum
1470 3910 1565 3962 est
1606 3920 1678 3962 ex
1722 3903 1945 3962 Divino
1988 3899 2269 3960 Humano

165 4005 397 4082 Ipsius,
445 4010 512 4062 ut
547 4011 858 4064 ostensum
892 4005 1170 4065 videatur
1201 4008 1264 4066 in
1312 4003 1515 4079 Opere
1551 4002 1627 4062 de
1666 4001 1998 4062 Conco-13⁵1·
2034 4001 2269 4061 Iuran-

165 4123 238 4162 κο
293 4123 329 4163 a
373 4106 670 4180 principio
723 4105 799 4163 ad
859 4105 1069 4165 finem:
1153 4111 1212 4164 et
1260 4121 1451 4179 supra
1504 4103 1566 4160 in
1615 4100 2031 4176 Explicatione
2083 4118 2273 4178 super

169 4205 566 4280 Apocalypsin
619 4223 688 4262 n:
743 4209 850 4265 10.
885 4208 998 4264 49.
1041 4206 1148 4264 52.
1188 4206 1298 4263 82.
