2700 4792
341 335 573 390 CAPUT
611 333 950 392 TssR'mJM.
1720 335 1931 390 VEB&
1976 346 2028 398 5.
2188 349 2299 402 29⁹

189 497 250 554 in
287 495 580 572 spirituali
606 494 920 556 affectione
943 495 1074 554 veri
1099 509 1292 572 usqne
1329 494 1411 552 ad
1434 493 1615 554 finem
1640 497 1819 568 vitae,
1856 496 1929 556 de
1966 513 2087 574 qua
2114 515 2302 576 snpra

185 614 254 654 n:
299 599 326 654 1
343 597 378 654 2
394 597 453 654 8.

340 697 500 756 198.
565 695 630 754 Is
673 695 966 754 vestietur
1017 696 1079 753 in
1121 696 1495 754 vestimentis
1545 694 1729 768 albia,
1796 699 1956 773 quod
2003 699 2299 778 significet

183 795 628 872 intelligentiam
687 802 748 856 et
793 796 1154 872 sapientiam
1208 794 1537 854 secundum
1597 813 1743 855 vera
1802 805 1865 857 et
1928 816 2135 858 eorum
2191 818 2294 858 re-

185 897 554 974 ceptionem,
611 901 858 966 constat,
881 913 959 956 ex
991 895 1112 955 illis
1149 911 1304 972 quae
1339 911 1497 954 nune
1530 912 1719 972 supra
1764 916 1834 959 n:
1881 901 2015 959 195
2050 906 2115 958 et
2152 903 2289 960 196

183 998 338 1058 dieta
370 1003 526 1071 sunt,
565 997 668 1055 ubi
705 1005 1014 1056 ostensum
1053 1001 1176 1070 est,
1218 994 1377 1072 qnod
1420 997 1780 1056 vestimenta
1814 997 1953 1056 alba
1987 1001 2111 1058 siut
2144 1017 2293 1058 vera

181 1098 422 1173 Divina3
469 1098 631 1172 quod
655 1098 863 1156 vestiti
895 1095 1016 1156 illis
1043 1095 1336 1173 significet
1364 1095 1819 1172 intelligentiam
1848 1105 1908 1157 et
1936 1100 2292 1175 sapientiam

183 1197 504 1265 secundum
539 1214 688 1257 vera
725 1203 785 1255 et
819 1213 1028 1256 eorum
1061 1198 1494 1272 receptionem,
1536 1202 1631 1256 est
1666 1200 1809 1273 quia
1844 1201 2031 1258 omnis
2066 1200 2291 1259 intelli-

181 1300 378 1375 gentia
411 1304 473 1356 et
507 1285 806 1375 sapientia
841 1303 937 1356 est
971 1313 1048 1356 ex
1081 1295 1316 1355 Divinis
1354 1297 1535 1365 veris,
1571 1297 1903 1358 seeundum
1935 1301 2286 1376 perceptio-

181 1415 310 1457 nem
349 1415 554 1458 eorum
592 1405 652 1458 et
686 1398 1092 1473 receptionem
1125 1398 1186 1455 ln
1219 1398 1363 1466 vita,
1396 1395 1601 1480 ridere
1635 1415 1781 1457 vera
1817 1406 1877 1458 et
1912 1400 2117 1475 qualia
2150 1406 2293 1458 sunt

177 1505 268 1557 eet
291 1501 730 1576 perceptionis,
783 1502 844 1557 et
875 1499 1084 1556 vivere
1117 1498 1449 1556 seeundum
1483 1496 1589 1556 illa
1626 1505 1717 1558 eet
1750 1501 2141 1578 receptionie;
2180 1516 2283 1558 se·-

177 1599 433 1658 cundum
457 1599 622 1658 illam
641 1605 705 1657 et
723 1597 879 1658 hane
908 1604 1002 1656 est
1025 1596 1429 1674 intelligentia.
1448 1605 1507 1654 et
1533 1601 1847 1675 sapientia.
1889 1600 2290 1678 Intelligentia

180 1705 236 1758 et
283 1702 618 1775 sapientia,
671 1715 828 1774 quae
876 1715 994 1756 non
1032 1705 1125 1758 est
1174 1715 1250 1756 ex
1287 1698 1527 1757 Divinis
1561 1698 1772 1769 Verte,
1823 1701 1931 1760 sed
1980 1701 2174 1760 solum
2212 1718 2289 1762 ex

175 1799 516 1875 mundanis,
569 1816 691 1858 non
751 1806 846 1856 eet
889 1795 1286 1875 intelligentia
1335 1805 1397 1857 et
1440 1801 1766 1875 sapientia,
1818 1802 1951 1860 sed·
1975 1808 2068 1862 est
2108 1801 2287 1860 modo

179 1900 428 1959 scientia
489 1907 550 1958 et
594 1900 732 1958 inde
774 1898 1030 1957 facultas
1083 1899 1473 1961 ratiocinandi
1488 1918 1507 1974 ς
1569 1919 1706 1960 nam
1752 1902 2147 1979 intelligentia
2190 1908 2286 1960 eet

178 1999 374 2060 videre
407 2003 572 2060 intus
599 2003 662 2058 in
699 2015 764 2058 se
802 2017 943 2057 num
969 2016 1178 2059 verum
1203 2001 1284 2057 sit
1317 2001 1417 2060 vel
1442 2017 1559 2060 non
1587 2018 1793 2060 verum
1809 2022 1825 2077 3
1874 2009 1937 2062 at
1965 2006 2067 2079 qui
2092 2003 2289 2062 solum

181 2117 251 2158 ex
289 2102 610 2173 mundanis
659 2103 930 2176 sapiunt,
983 2098 1072 2158 1111
1119 2117 1239 2158 non
1283 2102 1447 2160 intus
1492 2103 1553 2160 in
1602 2117 1669 2160 se
1704 2102 1910 2162 vident
1944 2119 2115 2179 vera,
2178 2102 2291 2162 sed

179 2217 249 2258 ex
293 2201 462 2272 aliie,
516 2209 578 2262 et
623 2199 828 2259 videre
889 2217 964 2259 ex
1011 2198 1146 2258 aliis
1193 2206 1290 2259 est
1335 2203 1511 2261 modo
1556 2203 1745 2275 scire,
1800 2218 1913 2262 nee
1960 2206 2181 2262 intrant
2226 2205 2289 2260 in

177 2304 386 2361 mentis
419 2303 792 2361 intuitionem
831 2299 1028 2374 altine,
1075 2317 1254 2376 quam
1287 2307 1355 2359 ut
1392 2299 1843 2377 confit-mentun
1888 2305 1949 2361 in
1986 2304 2097 2363 tali
2126 2308 2291 2362 statu

177 2407 314 2460 sunt
347 2402 623 2479 plerique
655 2400 834 2460 hodie
883 2403 1040 2458 intra
1073 2399 1438 2476 Ecclesiam,
1514 2402 1616 2477 qui
1652 2400 1839 2460 solam
1890 2402 2067 2460 fidem
2105 2421 2291 2478 sepa-

177 2507 373 2558 ratam
420 2519 458 2560 a
503 2504 628 2561 vita
687 2500 1017 2560 salvificam
1067 2501 1316 2576 faciunt3
1390 2501 1529 2560 inde
1582 2508 1703 2574 est,
1765 2501 1925 2578 quod
1974 2519 2093 2559 non
2138 2519 2291 2560 vera

179 2601 404 2659 intrent
448 2604 510 2660 in
539 2604 816 2679 spiritum
853 2618 1057 2660 eorum
1072 2645 1089 2676 ,
1141 2600 1251 2666 sed
1283 2602 1463 2660 modo
1508 2603 1568 2660 in
1605 2603 1951 2661 memoriam
1996 2599 2287 2660 naturalis

171 2698 458 2778 hominis;
513 2709 576 2762 et
607 2709 808 2761 tamen
842 2701 948 2760 lux
981 2699 1164 2775 coeli,
1213 2718 1367 2777 quae
1404 2709 1499 2762 est
1531 2702 1817 2761 Divinum
1851 2701 2112 2772 Verum,
2167 2716 2287 2759 non

117 2827 124 2834 ·
171 2817 278 2875 per
339 2801 524 2862 aliam
582 2804 740 2872 viam
801 2804 984 2860 intrat
1057 2800 1221 2877 apud
1292 2801 1623 2876 hominem,
1707 2819 1883 2877 quam
1950 2818 2061 2878 per
2121 2803 2287 2860 viam

176 2902 416 2975 spiritus
469 2903 634 2979 ejus,
687 2918 844 2979 quae
903 2904 1082 2960 etiam
1131 2907 1226 2960 eet
1276 2902 1381 2960 via
1427 2905 1661 2962 animae
1710 2902 1871 2980 ejus,
1928 2909 1989 2960 et
2040 2904 2287 2978 spiritus

169 2998 430 3062 hominis
467 3002 608 3062 talis
645 3009 738 3062 est
774 3001 968 3079 qualis
1007 3002 1140 3080 ejus
1177 3003 1320 3073 vita,
1358 3018 1479 3060 non
1514 3007 1715 3062 autem
1752 3001 1949 3079 qualis
1986 3004 2117 3080 ejus
2152 3018 2287 3061 me·-

174 3103 354 3160 moria
389 3103 620 3179 absque
655 3103 808 3177 vita3
863 3109 924 3162 et
959 3108 1100 3160 tunc
1134 3101 1241 3160 lux
1281 3102 1435 3160 coeli
1467 3104 1649 3160 intrat
1680 3105 1741 3160 in
1779 3105 2051 3179 spiritum
2087 3103 2289 3162 homi-

171 3201 294 3276 nia,
336 3203 578 3278 quando
611 3203 790 3261 homo
827 3208 919 3262 est
950 3204 1012 3260 in
1048 3202 1204 3260 bono
1241 3203 1460 3262 amoris
1499 3207 1559 3261 et
1596 3201 1903 3276 eharitatis
1943 3221 1979 3262 a
2005 3205 2283 3278 Domino,

177 3305 234 3357 et
265 3302 501 3376 quando
538 3305 600 3361 in
633 3303 736 3362 illo
773 3302 930 3361 bono
969 3309 1062 3361 est
1097 3308 1238 3360 tunc
1275 3303 1455 3360 etiam
1489 3304 1550 3360 in
1584 3302 1701 3362 fide
1740 3310 1866 3380 θείς
1924 3304 2084 3379 quod
2118 3305 2286 3362 nulla

173 3397 322 3458 fides
357 3401 572 3462 homini
610 3405 690 3461 sit
723 3402 824 3461 ubi
857 3419 976 3460 non
1011 3418 1180 3460 amor
1211 3407 1316 3461 aut
1350 3401 1629 3476 charitas,
1664 3403 1945 3462 videatur
1976 3405 2037 3461 in
2074 3402 2279 3476 Opus-

171 3497 300 3559 culo
351 3500 426 3560 de
461 3501 714 3563 Ummo
741 3501 988 3562 Jumcio
1036 3520 1106 3560 nt
1151 3503 1237 3561 33
1279 3501 1359 3559 ad
1395 3504 1509 3561 40.
1580 3503 1942 3568 Praeterea,
2000 3500 2140 3575 quid
2152 3477 2281 3558 Ἱππ-

167 3598 498 3678 telligentia
523 3619 686 3677 vera,
728 3601 870 3678 quid
903 3604 1129 3679 spuria,
1172 3607 1232 3660 et
1267 3602 1409 3678 quid
1443 3602 1630 3673 falsa,
1670 3600 1947 3660 videatur
1980 3600 2039 3656 in
2075 3597 2279 3675 Opere

167 3697 234 3758 de
270 3699 478 3760 Conco
513 3719 594 3760 nr
625 3701 910 3761 Inmane
953 3720 1020 3761 n:
1064 3704 1202 3763 346
1243 3702 1320 3760 ad
1362 3703 1521 3762 356.

315 3803 348 3858 1
371 3801 480 3860 99.
561 3802 639 3859 Et
684 3819 804 3861 non
853 3801 1066 3862 delebo
1117 3819 1332 3862 nomen
1394 3803 1523 3878 ejus
1580 3821 1612 3861 e
1660 3799 1811 3861 libro
1860 3802 2051 3872 vitae,
2118 3799 2277 3876 quod

165 3897 480 3976 significet,
539 3901 696 3978 quod
744 3904 806 3960 in
841 3901 1010 3961 coelo
1048 3909 1220 3962 erunt
1257 3904 1400 3979 quia
1436 3903 1492 3960 ei
1528 3900 1986 3976 accommodati,
2036 3906 2279 3959 constat

165 4012 232 4055 ex
265 4001 703 4077 significatione
738 4003 1008 4077 nominis,
1059 4001 1220 4080 quod
1255 4004 1335 4060 sit
1370 3999 1547 4076 quale
1585 4007 1777 4060 status
1806 4004 1965 4062 vitae
2000 4002 2273 4076 hominia,

165 4095 230 4156 de
264 4117 390 4176 qua
421 4118 612 4178 snpra
657 4121 734 4161 n:
787 4105 956 4178 1483
1021 4109 1084 4162 et
1117 4119 1193 4162 ex
1228 4099 1831 4177 significatione‘libri
1865 4104 2024 4162 vitae
2044 4147 2059 4176 ,
2115 4101 2278 4179 quod

165 4197 234 4255 sit
269 4196 538 4278 coelum,
595 4199 670 4262 de
707 4219 828 4280 qua
862 4203 1134 4278 'sequitur
1145 4221 1162 4276 3
1219 4201 1355 4260 inde
1408 4215 1523 4258 non
1561 4197 1763 4258 delere
1812 4217 2028 4260 nomen
2066 4202 2197 4278 ejus
2242 4219 2275 4260 e
