2700 4792
369 340 608 397 CAPUT
661 341 1068 400 SECUNDUM.
1683 343 1892 400 VEB&
1947 355 2040 408 26.
2214 355 2327 410 23⁶

208 499 616 575 adducentur,
675 505 736 558 et
772 499 1014 575 quinam
1059 515 1169 575 per
1202 497 1403 577 Reges
1440 502 1541 578 qui
1574 501 1967 561 ambulabunt
2003 502 2079 562 ad
2114 504 2323 579 splen-

209 601 422 660 dorem
467 605 632 658 ortus
673 600 796 669 tui,
845 605 908 658 et
953 614 1068 676 per
1109 598 1310 676 Reges
1350 599 1629 660 Gentium
1672 604 1772 677 qui
1813 601 2207 678 deducentur3
2268 609 2327 664 et

207 700 354 777 quid
389 699 746 776 intelligitur
779 715 891 774 per
916 700 1077 775 quod
1110 716 1294 776 suges
1327 699 1425 759 lac
1461 703 1746 776 gentium,
1784 707 1844 761 et
1874 701 2064 761 ubera
2097 720 2326 780 regum,

205 801 303 860 lac
351 806 452 860 est
491 799 826 877 jucundum
866 797 1010 857 boni
1057 801 1305 869 amoris,
1347 799 1621 860 similiter
1668 801 1859 860 ubera
1902 803 2043 878 quia
2086 819 2160 861 ex
2204 803 2324 862 illis

201 899 332 976 lac3
409 899 824 975 multiplicatio
875 901 1002 957 veri
1063 905 1125 958 et
1183 899 1557 958 fructificatio
1610 899 1752 958 boni
1802 900 2159 960 describitur
2216 919 2328 979 per

209 999 373 1078 quod
435 1001 692 1076 exiguus
747 999 861 1058 erit
911 1001 972 1057 in
1028 999 1221 1075 mille,
1299 1005 1361 1058 et
1412 1015 1647 1075 paucus
1706 1002 1767 1058 in
1823 1007 2063 1076 gentem
2112 1018 2327 1061 nume-

209 1115 442 1159 rosam:
506 1117 620 1175 per
665 1098 892 1158 Gentes
955 1104 1158 1158 autem
1217 1116 1375 1175 quae
1436 1099 1860 1176 vastabuntur,
1916 1099 2327 1176 intelliguntur

209 1216 426 1259 omnes
463 1201 567 1274 qui
601 1201 664 1258 in
697 1199 872 1257 malis
894 1206 1080 1272 sunt,
1129 1205 1202 1280 et·
1225 1215 1467 1276 quoque
1506 1201 1645 1275 ipsa
1677 1200 1854 1260 mala.
1943 1200 2124 1276 Apud
2157 1202 2323 1260 Eun-

205 1300 348 1360 dem
406 1295 620 1375 „Ecce
672 1295 898 1360 tollam
953 1318 1110 1378 crya
1165 1297 1399 1360 Gentes
1457 1317 1716 1361 manum
1775 1318 2003 1374 meam,
2066 1306 2126 1359 et
2169 1303 2324 1380 er'ya
2365 1300 2526 1362 [150]

203 1395 504 1480 Populos
541 1395 766 1458 tollam
807 1399 1068 1478 siymtm
1112 1418 1318 1461 meam
1335 1444 1355 1468 ‚
1400 1404 1474 1459 ut
1510 1398 1811 1482 adferant
1846 1397 2029 1482 filios
2070 1405 2215 1461 tuos
2256 1401 2327 1461 in

204 1500 363 1561 sinu
378 1544 396 1574 ,
467 1503 527 1580 et
570 1495 760 1578 filias
810 1505 960 1560 tuas
1033 1517 1222 1578 super
1281 1498 1535 1562 humero
1599 1506 1930 1580 apportent
1946 1521 1973 1572 ;
2038 1506 2099 1561 et
2146 1505 2329 1562 erum

207 1600 432 1680 Reges
468 1599 733 1666 nutritii
765 1599 896 1674 tui,
943 1604 1003 1658 et
1027 1599 1357 1679 principes
1378 1598 1705 1679 foeminae
1741 1599 2103 1664 lactatriees
2139 1605 2287 1662 tuae
2299 1620 2328 1671 ;

194 1699 420 1782 facies
458 1705 698 1760 terram
735 1697 1153 1760 incurvabunt
1193 1697 1388 1760 Τῑὶὂὶ(ί
1462 1700 1707 1761 XLIX:
1763 1706 1874 1761 22.
1932 1704 2019 1762 23
2040 1723 2057 1778 3
2130 1705 2330 1777 agitur

213 1803 404 1861 etiam
445 1801 530 1858 ibi
575 1799 654 1858 dc
689 1800 974 1874 Domin0,
1033 1805 1094 1858 et
1141 1801 1215 1860 de
1247 1800 1369 1858 illis
1423 1802 1525 1876 qui
1566 1801 1775 1877 Ipsum
1820 1802 2019 1862 colent
2068 1809 2127 1860 et
2174 1801 2324 1862 ado-

202 1900 470 1977 rabunt3
527 1899 740 1960 tollere
787 1917 934 1976 erga
993 1906 1204 1977 gentes
1253 1918 1491 1960 manum
1552 1909 1611 1960 et
1658 1919 1802 1979 erga
1851 1919 2026 1978 reges
2071 1905 2324 1978 signum,

207 2009 308 2061 est
342 2000 686 2060 adsciscere
738 1999 851 2059 sibi
888 2017 1094 2060 omnes
1136 2002 1239 2077 qui
1282 2003 1344 2060 in
1390 2002 1563 2060 bonis
1612 2005 1830 2062 amoris
1884 2007 1945 2060 et
1995 2001 2133 2062 inde
2166 2003 2327 2061 veris

201 2107 378 2177 sunt3
444 2101 518 2160 de
577 2100 672 2160 his
724 2100 956 2175 dicitur,
1023 2101 1186 2177 quod
1231 2101 1505 2161 adferent
1546 2101 1700 2161 filios
1758 2109 1893 2162 tuos
1939 2105 2000 2160 in
2046 2104 2212 2172 sinu,
2268 2108 2330 2161 ct

203 2201 368 2260 filias
413 2208 551 2260 tuas
601 2199 1014 2279 apportabunt
1062 2202 1329 2276 humere,
1381 2202 1487 2260 filii
1530 2207 1669 2260 sunt
1716 2201 2059 2262 affectiones
2094 2205 2223 2260 veri
2268 2208 2330 2262 et

205 2302 372 2362 filiae
438 2309 579 2360 sunt
631 2302 976 2362 affectiones
1022 2300 1182 2372 boni,
1216 2302 1495 2361 videatur
1540 2317 1727 2378 supra
1773 2320 1844 2360 n:
1901 2305 2075 2378 1663
2148 2309 2207 2362 et
2252 2302 2327 2361 de
2418 2355 2422 2359 ,

205 2402 336 2461 illis
387 2401 604 2461 dicitur
657 2402 816 2479 quod
853 2419 1056 2461 eorum
1107 2418 1282 2478 reges
1329 2407 1502 2460 erunt
1548 2404 1777 2460 nutritii
1824 2403 1938 2477 tui,
1996 2410 2055 2462 et
2099 2404 2323 2478 princi-

210 2517 336 2578 pes
363 2501 646 2564 foeminae
681 2503 1024 2562 lactatrices
1055 2509 1213 2578 tuae,
1251 2518 1431 2579 reges
1466 2509 1610 2560 sunt
1644 2504 1781 2580 ipsa
1816 2518 1977 2576 vera,
2014 2504 2320 2579 principes

213 2601 514 2660 foeminae
563 2610 700 2662 sunt
737 2619 940 2662 eorum
987 2601 1174 2677 bona,
1233 2620 1345 2679 per
1378 2600 1534 2662 haec
1573 2607 1636 2660 et
1669 2601 1775 2661 illa
1822 2603 1966 2678 quia
1998 2600 2175 2660 homo
2220 2619 2320 2660 re-

208 2707 536 2779 generatur
579 2708 640 2761 et
683 2721 920 2780 quoque
968 2702 1162 2776 alitur,
1217 2703 1435 2762 dicitur
1480 2701 1638 2779 quod
1675 2709 1851 2762 erunt
1886 2701 2227 2760 lactatrices
2264 2707 2325 2761 et

207 2803 473 2877 nutritii,
541 2804 700 2879 quod
748 2803 925 2862 homo
971 2820 1083 2881 per
1133 2819 1280 2862 vera
1335 2809 1399 2862 et
1443 2819 1554 2879 per
1601 2805 1782 2862 vitam
1833 2801 2165 2862 secundum
2221 2801 2328 2860 illa

205 2909 625 2978 regeneretur,
705 2904 979 2965 videatur
1037 2905 1100 2962 in
1166 2902 1490 2963 Docvnnu
1561 2903 1775 2962 Noun
1838 2901 2325 2964 Hmnosomm.
2372 2955 2380 2963 .

207 3019 278 3060 n:
325 3003 438 3062 23.
487 3007 601 3062 24.
651 3008 762 3063 27.
829 3007 998 3080 1863
1051 3003 1148 3063 hic
1207 3010 1304 3063 est
1343 3019 1559 3063 sensus
1613 3007 1880 3064 internus
1931 3001 2145 3064 horum
2180 3021 2322 3062 ver-

204 3101 441 3173 borum,
487 3106 620 3179 quis
662 3104 892 3182 absque
941 3121 1011 3164 eo
1061 3119 1246 3163 sensu
1288 3104 1701 3164 intellecturus
1750 3109 1915 3164 esset
1951 3104 2075 3164 illa.
2139 3104 2326 3181 Apud

205 3199 480 3262 Eundem
544 3203 803 3280 „Dixit
839 3203 1142 3275 Jehovah,
1181 3221 1312 3264 ecce
1342 3203 1493 3283 Eyo
1533 3203 1899 3283 expandens
1935 3224 2125 3285 super
2154 3205 2325 3266 Hie-

211 3297 605 3382 rosolyma-m
621 3350 638 3380 ,
689 3303 860 3366 sicut
877 3303 1190 3383 fluvium,
1220 3323 1461 3384 pacem,
1504 3309 1564 3362 et
1598 3304 1766 3369 siout
1814 3311 2149 3366 torrentem
2180 3303 2325 3384 ylo-

207 3399 388 3461 rt'am
416 3404 704 3482 ,qentium
735 3410 811 3466 ut
843 3403 1121 3486 euyatis.
1189 3401 1406 3466 Veniet
1438 3403 1529 3466 ad
1564 3403 2078 3486 conyreyandum
2112 3421 2324 3464 omnes

207 3498 448 3562 Gentes
480 3509 542 3563 et
573 3503 894 3585 I'a‘nyuaS,
949 3510 1025 3565 ut
1057 3504 1312 3566 veniant
1356 3504 1729 3586 videantque
1771 3503 2053 3584 yloriam
2096 3521 2319 3562 meam.

201 3601 700 3666 Annuntiabunt
744 3603 1026 3685 yla-iam
1073 3624 1276 3666 meam
1331 3605 1403 3665 in
1444 3605 1767 3686 yentibus,
1814 3609 1963 3664 tuno
2008 3599 2324 3662 adducent

191 3701 458 3782 fratres
493 3709 734 3766 vestros
769 3725 850 3767 ea·
886 3706 1174 3766 omnibus
1211 3704 1521 3765 Gentibus
1554 3722 1787 3764 munuc
1823 3700 2098 3761 Jehovae
2132 3719 2324 3780 super

199 3801 386 3880 equis
445 3809 507 3863 et
566 3824 758 3884 super
817 3825 1040 3882 cum,
1133 3804 1224 3866 ad
1282 3803 1564 3864 ‚Montem
1632 3800 2001 3862 sanctitatis
2068 3817 2241 3860 meae
2259 3804 2322 3876 ,“

197 3901 429 3962 LXVI:
481 3908 592 3964 12.
643 3908 750 3965 18.
803 3909 910 3966 19.
959 3910 1084 3984 203
1139 3904 1561 3980 Hierosolyma
1608 3903 1693 3962 ibi
1747 3908 1838 3961 est
1877 3900 2155 3960 Ecclesia
2186 3899 2319 3960 Do-

195 4003 350 4061 mini
398 4004 464 4062 in
501 4004 700 4066 Coelis
751 4013 810 4067 et
845 4009 908 4066 in
955 4008 1183 4076 'Ferri-⁶3,
1234 4004 1511 4065 Ecclesia
1566 4006 1627 4062 in
1676 4002 1873 4064 Coelis
1916 4001 2129 4064 dicitur
2182 4005 2321 4080 quia

193 4102 286 4161 ibi
335 4104 514 4162 etiam
563 4112 662 4165 est
705 4107 994 4183 Ecclesia,
1047 4107 1322 4170 videatur
1372 4107 1433 4162 in
1483 4102 1683 4182 Opere
1730 4103 1804 4162 de
1853 4101 2063 4164 conto
2096 4123 2176 4164 m*
2211 4105 2320 4163 In·-

203 4219 412 4262 rnnno
477 4223 550 4264 n:
594 4210 725 4268 221
775 4208 853 4266 ad
893 4213 1064 4284 2273
1123 4225 1233 4284 per
1267 4210 1481 4282 gentes
1529 4213 1589 4266 et
1622 4205 1858 4284 linguas
1908 4203 2319 4280 intelliguntur
