2700 4792
365 365 602 422 CAPUT
649 363 990 426 TERTIUM.
1360 395 1365 402 ·
1719 365 1927 424 VEB&
1972 379 2023 432 3.
2197 380 2307 438 281

207 530 264 584 et
307 523 562 584 alterum
610 523 746 584 odio
783 525 1032 599 habeat,
1087 520 1308 584 Matth:
1346 524 1469 585 VI:
1504 528 1617 584 24.
1696 522 1991 602 Quoniam
2038 529 2199 588 mala
2248 537 2311 592 et

206 623 336 684 inde
370 624 530 684 salsa
555 623 632 683 ab
660 627 932 684 interiori
956 631 1290 701 penetrant,
1327 631 1389 685 et
1416 628 1589 702 quasi
1621 626 1963 703 perfodiunt
1996 632 2310 705 parietem,

205 727 300 802 qui
333 731 430 784 est
462 727 618 785 inter
651 731 874 784 statum
909 727 1280 803 cogitationis
1314 725 1571 786 hominis
1620 744 1693 789 ex
1728 729 1943 804 spiritu
1992 736 2053 788 et
2086 736 2308 790 statum

205 827 578 902 cogitationis
627 825 762 901 ejus
812 843 888 884 ex
924 841 1210 902 corpore,
1269 843 1340 884 ae
1379 827 1621 904 ejiciunt
1668 829 2037 906 cognitiones
2081 833 2211 890 veri
2248 837 2311 890 et

203 924 336 984 boni
387 943 546 1002 quae
575 927 858 984 ‘exterius
905 925 1178 985 habitant
1234 927 1399 1002 apud
1424 927 1743 987 ·hominem
1760 970 1777 1003 ,
1830 928 1967 987 ideo
2016 927 2121 988 illa
2170 939 2308 989 sunt

205 1042 348 1100 quae
413 1024 834 1101 intelliguntur
897 1043 1008 1103 per
1053 1027 1218 1084 fures
1234 1070 1252 1100 ,
1323 1029 1503 1086 etiam
1548 1030 1609 1086 in
1652 1027 2075 1104 sequentibus;
2147 1031 2309 1106 apud

203 1125 571 1184 Matthaeum
626 1125 986 1204 „Reponite
1021 1124 1350 1186 thesauros
1384 1145 1509 1188 non
1546 1127 1617 1187 in
1651 1132 1839 1202 terra,
1884 1125 1996 1188 sed
2028 1127 2099 1190 in
2124 1127 2305 1205 coele,

203 1224 303 1284 ubi
340 1225 542 1305 sures
597 1241 723 1286 non
769 1224 1150 1306 perfodiunt
1163 1270 1180 1300 ,
1245 1243 1357 1287 nec
1400 1217 1800 1307 furantur-“⁸
1833 1227 1952 1286 VI:
2014 1232 2043 1286 l
2063 1231 2123 1288 9.
2180 1233 2305 1305 203

199 1321 470 1384 thesauri
501 1331 642 1384 sunt
668 1327 1034 1402 cognitiones
1059 1328 1190 1386 veri
1227 1332 1288 1386 et
1319 1325 1491 1403 boni3
1540 1345 1829 1404 reponere
1863 1326 1999 1387 illos
2034 1331 2093 1390 in
2124 1329 2308 1389 Coelo

203 1431 287 1483 est
317 1428 380 1510 in
415 1425 725 1501 spirituali
758 1425 1030 1496 homine,
1079 1444 1215 1486 nam
1251 1428 1303 1486 is
1347 1428 1411 1486 in
1460 1428 1628 1488 coelo
1666 1434 1791 1488 est:
1846 1429 2005 1504 quod
2038 1431 2309 1490 thesauri

203 1527 310 1584 sint
371 1527 748 1602 cognitiones
815 1529 944 1586 veri
1009 1533 1071 1586 et
1121 1527 1296 1596 boni,
1347 1528 1626 1588 videatur
1684 1547 1754 1588 n:
1814 1529 2025 1587 1694.
2092 1531 2305 1590 4508.

210 1628 480 1686 102273
539 1632 598 1686 et
649 1627 810 1704 quod
855 1629 1122 1687 internus
1179 1629 1509 1704 spiritualis
1554 1629 1731 1688 homo
1766 1630 1937 1688 sitin
1976 1628 2159 1690 Coelo
2177 1674 2194 1704 ,
2248 1633 2310 1689 in

200 1723 524 1786 Domum-u
549 1725 771 1788 Noun
793 1727 1278 1787 Hmnosovrmn·
1313 1745 1387 1788 n:
1424 1731 1509 1789 36
1542 1728 1620 1787 ad
1656 1731 1763 1788 50.
1835 1730 2015 1804 Apud
2041 1729 2310 1790 Eundem

205 1869 240 1899 „
259 1823 550 1906 Viyilate
591 1843 770 1906 cryc,
822 1827 1083 1888 mac-itia
1129 1826 1296 1888 enim
1347 1847 1475 1907 qua
1528 1828 1686 1890 hora
1729 1827 2067 1892 Dominus
2111 1835 2314 1892 vester

201 1931 499 1988 ventum
549 1931 644 1985 est
661 1947 680 1986 .·
753 1927 782 1987 i
783 1924 925 1986 llud
973 1928 1356 2006 coquo-scite,
1424 1929 1489 1988 εἰ
1546 1929 1737 1990 sciret
1790 1927 2309 2012 Pater-familiae,

199 2045 316 2104 qua
375 2025 542 2088 hora
578 2024 720 2086 Fur
775 2031 1078 2088 venturus
1122 2033 1248 2098 est,
1299 2026 1603 2108 viyilaret
1645 2029 1878 2108 utique,
1932 2037 1993 2092 et
2044 2051 2167 2091 non
2210 2031 2307 2090 82⁰-

201 2131 360 2186 neret
411 2125 744 2207 perfodere
796 2125 1052 2188 domum
1107 2130 1353 2188 euam“
1408 2128 1645 2190 XXIV:
1698 2131 1812 2188 42.
1867 2133 1991 2208 433
2045 2149 2157 2209 per
2192 2131 2309 2190 hoc

201 2226 573 2304 intelligitur,
643 2230 696 2285 si
743 2229 925 2286 sciret
967 2228 1143 2286 homo
1193 2228 1401 2287 horam
1449 2232 1657 2288 mortis
1714 2243 1893 2301 suae,
1960 2231 2118 2308 quod
2172 2233 2307 2308 qui·-

204 2325 332 2386 dem
373 2333 769 2404 praepararet
812 2307 910 2398 se,
963 2334 1026 2386 at
1069 2345 1188 2386 non
1234 2347 1309 2387 ex
1358 2345 1559 2388 amore
1593 2329 1733 2388 veri·
1774 2336 1835 2388 et
1866 2328 2036 2406 boni,
2086 2331 2195 2390 sed
2232 2349 2309 2390 ex

201 2429 410 2486 timore
443 2427 686 2501 inferni,
756 2433 817 2486 et
869 2428 1150 2504 quicquid
1193 2429 1371 2488 homo
1424 2445 1496 2488 ex
1544 2431 1753 2487 timore
1808 2431 1960 2506 agit,
2026 2430 2140 2489 hoc
2186 2448 2306 2488 non

207 2533 412 2584 manet
455 2527 607 2602 apud
651 2527 853 2598 illum,
903 2529 1021 2587 sed·
1065 2529 1224 2605 quod
1275 2546 1350 2588 ex
1387 2545 1619 2603 amore,
1678 2535 2043 2604 quapropter
2079 2530 2309 2605 jugiter
2380 2551 2401 2584 α

210 2640 282 2684 se
339 2628 760 2704 praeparabit3
838 2628 1120 2688 videatur
1186 2629 1517 2688 Doce-nim
1569 2628 1787 2688 Novae
1819 2628 2305 2701 Hmnosommn,
2382 2703 2393 2719 ο

202 2743 270 2785 n:
329 2727 486 2786 143.
548 2730 710 2787 168.
804 2728 982 2805 Apud
1035 2727 1330 2788 Obadiam
1402 2725 1527 2804 „Si
1575 2727 1785 2790 Fures
1834 2726 2112 2788 venmnt
2166 2725 2302 2803 tihi,

201 2825 261 2884 εἰ
295 2843 606 2888 eversores
643 2832 831 2890 noctu
846 2872 863 2900 ,
914 2827 1218 2907 quomodo
1261 2828 1519 2890 excisus
1556 2827 1715 2900 me,
1765 2807 1963 2890 nonne
1975 2827 2303 2907 furaban-

201 2931 304 2990 tur
345 2925 520 3007 quod
572 2925 714 2988 illis
773 2928 988 2989 satist
1057 2928 1248 2988 Vers:
1305 2929 1381 3004 53
1442 2929 1539 2988 hie
1584 2932 1763 2989 etiam
1822 2928 1977 2988 salsa
2036 2935 2097 2988 et
2144 2929 2305 2988 mala

201 3035 484 3088 vocantur
544 3029 735 3099 fures,
811 3037 870 3089 et
937 3029 1212 3088 dicuntur
1271 3028 1490 3098 furari,
1550 3029 1707 3088 falsa
1762 3029 1960 3103 fures,
2030 3036 2091 3090 et
2144 3029 2303 3088 mala
2342 3030 2506 3092 [189]

201 3143 509 3187 eversores
557 3136 768 3205 noctu3
833 3107 1014 3190 noctu
1063 3128 1304 3203 dieitur,
1373 3131 1515 3204 quia
1562 3147 1681 3188 nox
1711 3129 2034 3206 ,significat
2084 3136 2306 3188 statum

198 3227 416 3286 nullius
452 3230 671 3288 amoris
719 3235 778 3288 et
822 3229 980 3289 fidei.
1061 3228 1246 3305 Apud
1279 3228 1519 3288 Jofflem
1571 3227 1703 3303 „In
1738 3229 1889 3290 urbe
1925 3228 2301 3303 discurrent,

202 3326 274 3386 in
307 3346 482 3388 muro
521 3334 773 3390 curvent
783 3373 800 3404 ,
857 3329 930 3390 in
965 3326 1185 3388 domos
1221 3327 1555 3388 accendent
1566 3351 1583 3404 ,·
1626 3349 1749 3410 per
1770 3330 2097 3410 fenestrae
2124 3349 2303 3410 cyre-

203 3425 454 3488 dicatur
491 3429 659 3490 sicut
684 3429 857 3508 sur“
899 3429 997 3488 II:
1044 3431 1112 3504 93
1167 3431 1365 3506 agitur
1398 3427 1484 3488 ibi
1518 3428 1591 3488 de
1626 3432 1961 3492 vastatione
1995 3430 2307 3490 Ecclesiae

195 3544 306 3604 per
335 3527 490 3588 salsa
527 3547 601 3588 ex
637 3529 825 3606 ma103
880 3528 1024 3588 urbs
1070 3535 1130 3587 et
1175 3545 1379 3588 murus
1430 3530 1763 3606 significant
1808 3529 1913 3588 illa
1960 3545 2113 3604 quae
2166 3533 2309 3584 sunt

196 3627 524 3706 doctrinae3
575 3629 784 3690 domus
827 3637 886 3690 et
920 3631 1222 3689 fenestrae
1257 3629 1363 3689 illa
1398 3646 1554 3705 quae
1590 3635 1729 3687 sunt
1762 3629 1975 3687 mentis
2012 3643 2167 3703 Quae
2202 3641 2305 3685 rc·

195 3729 366 3804 cipit,
417 3729 628 3790 domus
681 3730 833 3789 illud
866 3731 1080 3790 mentis
1119 3728 1277 3805 quod
1309 3735 1559 3788 vocatur
1591 3726 1869 3786 voluntas
1921 3727 2027 3784 ubi
2058 3725 2301 3798 bonum,

195 3833 252 3886 et
282 3829 586 3890 fenestrae
633 3829 784 3888 illud
817 3833 1034 3890 mentis
1071 3828 1231 3906 quod
1265 3834 1513 3888 vocatur
1544 3827 1887 3886 intellectus
1924 3823 2027 3883 ubi
2062 3840 2303 3899 verum3

195 3929 349 4002 quod
387 3928 544 3990 Urbs
587 3933 655 3990 «in
699 3929 906 3990 Verbo
951 3932 1030 3990 sit
1079 3929 1375 4002 doctrina,
1430 3925 1703 3986 videatur
1750 3943 1821 3982 n:
1864 3926 2025 3984 402.
2083 3926 2301 3983 2449.

197 4029 404 4088 2712.
451 4031 662 4090 2943.
707 4031 918 4090 3216.
958 4031 1171 4088 4492.
1215 4030 1447 4087 44932
1506 4026 1667 4103 quod
1716 4042 1923 4085 murus
1974 4027 2052 4085 sit
2096 4043 2306 4085 verum

194 4126 494 4188 doctrinae
546 4135 780 4205 tutans,
833 4147 904 4189 n:
967 4132 1194 4189 6419:
1277 4127 1439 4204 qnod
1482 4126 1694 4184 domus
1758 4127 1836 4184 sit
1881 4126 2031 4185 illud
2089 4129 2307 4186 mentis

197 4228 348 4306 quod
383 4237 634 4292 vocatur
671 4229 949 4290 voluntas
998 4229 1102 4289 ubi
1136 4229 1393 4304 bonum,
1449 4245 1523 4286 n:
1567 4229 1779 4288 2231.
1824 4229 2037 4288 2233.
2081 4227 2301 4286 2559.
