2700 4792
419 266 497 368 ¹46
854 299 1341 355 APOCALYPSIS
1386 298 1821 357 EXPLICATA.
1902 298 1948 367 ᾗ.
1996 309 2086 361 39.

423 461 700 521 Ecclesia
748 460 944 535 quoad
997 459 1349 534 doctrinam,
1412 476 1524 537 per
1578 458 1813 517 Murum
1866 459 1999 535 ejus
2061 474 2208 517 vera
2257 461 2543 532 tutantia,

424 580 536 639 per
588 561 802 620 Portas
851 578 994 619 vera
1042 560 1505 634 introducentia,
1562 577 1673 636 per
1727 559 2114 618 fundamenta
2166 560 2544 634 cognitiones

427 656 613 739 super
648 661 862 737 quibus
905 660 1175 719 doctrina
1218 661 1523 736 fundatur,
1580 677 1691 736 per
1737 663 1817 718 12
1861 659 2127 736 Angelos
2176 666 2239 718 et
2292 676 2407 735 per
2453 663 2539 718 12

432 763 649 822 Tribus
693 764 890 837 omnia
929 777 1076 822 vera
1129 767 1191 820 et
1234 760 1394 820 bona
1441 763 1501 818 in
1553 759 1899 836 complexu,
1956 759 2228 818 similiter
2273 776 2389 836 per
2453 763 2540 819 12

293 938 302 939 ἶ
428 863 784 939 Apostolos;
823 871 885 922 et
920 860 1079 939 quod
1111 878 1224 938 per
1258 861 1555 920 Numeros
1612 864 1719 919 12.
1768 863 1907 920 144
1948 867 2008 919 et
2055 862 2290 920 12000
2336 863 2545 919 omnia

429 970 488 1023 et
525 980 748 1022 omnes.
801 963 1020 1032 Porro,
1084 963 1184 1039 qui
1221 963 1337 1021 scit
1375 961 1533 1039 quod
1569 961 1715 1020 talia
1762 978 1873 1036 per
1916 964 1999 1019 12
2045 959 2267 1020 Tribus
2305 961 2543 1036 signifi-

428 1069 672 1133 cantur,
734 1064 786 1119 is
829 1062 1032 1121 videre
1084 1067 1287 1137 potest
1353 1077 1634 1120 arcanum
1687 1059 1845 1136 quod
1891 1062 2076 1135 inest,
2148 1077 2254 1120 cur
2296 1064 2548 1120 nomina

439 1167 522 1222 12
574 1163 864 1222 Tribuum
908 1161 1210 1237 insculpta
1244 1161 1483 1219 fuerunt
1515 1160 1843 1238 Lapidibus
1882 1162 2162 1237 pretiosis
2189 1162 2249 1218 in
2283 1161 2455 1222 Urim
2484 1169 2549 1221 et

433 1264 788 1336 Thummim,
825 1269 886 1322 et
902 1268 1221 1338 praeterea
1241 1261 1383 1337 quid
1411 1261 1725 1321 Pectorale
1751 1260 1899 1319 illud
1934 1260 2309 1337 significavit,
2343 1261 2541 1321 Exod:

425 1363 738 1423 XXVIII:
786 1367 900 1421 21.
943 1361 1102 1438 Cap:
1139 1360 1456 1420 XXXIX:
1511 1364 1597 1421 10
1628 1361 1705 1419 ad
1742 1362 1860 1436 153
1899 1362 2200 1420 Arcanum
2236 1362 2298 1420 id
2322 1361 2545 1422 videa-

430 1472 525 1524 tur
568 1464 884 1523 evolutum·
917 1482 988 1521 n:
1034 1463 1245 1521 3858.
1293 1463 1502 1521 6335.
1553 1463 1762 1521 6640.
1807 1463 2017 1521 9863.
2065 1464 2275 1521 9865.
2321 1464 2543 1522 9873.

438 1567 645 1623 9874.
708 1565 930 1624 9905:
986 1562 1047 1621 Is
1093 1565 1271 1621 etiam
1314 1561 1519 1621 videre
1554 1567 1785 1639 potest,
1848 1561 1990 1637 qnid
2023 1561 2392 1639 significatur
2428 1581 2547 1639 per

435 1661 650 1743 „quod
675 1661 1006 1722 duodecim
1033 1658 1334 1741 Apostoli
1373 1660 1655 1722 oederent
1689 1680 1879 1740 super
1912 1660 2243 1722 duodecim
2269 1661 2543 1737 throni-9,

431 1769 492 1823 et
518 1760 888 1844 judicaturi
923 1761 1255 1822 duodecim
1294 1761 1531 1822 Tribus
1568 1759 1894 1822 Israeli3“
1941 1761 2165 1821 Matth:
2204 1762 2360 1822 XX:
2406 1765 2540 1838 283

433 1862 596 1940 quod
636 1880 851 1938 nempe
890 1863 1180 1922 Dominus
1219 1861 1383 1922 solus
1413 1863 1792 1940 judicaturus
1822 1865 1903 1921 sit
1938 1880 2050 1938 per
2084 1881 2231 1923 vera
2266 1880 2342 1922 ex
2375 1862 2540 1922 bono

431 1966 919 2039 unumquemvis‚
979 1982 1046 2023 n:
1100 1966 1313 2022 2129.
1369 1965 1553 2023 6397
1576 1985 1591 2020 =
1663 1969 1788 2021 tum
1839 1963 1979 2039 quid
2031 1963 2377 2039 intelligitur
2425 1981 2543 2039 per

434 2063 797 2139 Prophetica
829 2062 1073 2122 Israelis
1111 2065 1298 2139 patris
1335 2062 1410 2122 de
1446 2064 1580 2122 ssliis
1618 2065 1773 2133 suis,
1813 2063 2041 2123 Genes:
2079 2063 2320 2122 XLIX:
2375 2071 2444 2122 ut
2484 2071 2545 2123 et

435 2163 578 2247 quid
611 2165 673 2220 in
706 2162 976 2238 plurimis
1017 2164 1164 2224 locis
1204 2166 1264 2221 in
1303 2163 1535 2234 Verbo,
1586 2163 1687 2222 ubi
1735 2163 1953 2222 Tribus
2008 2165 2417 2239 nominantur,
2476 2172 2545 2221 ut

434 2265 608 2323 Esai:
658 2263 846 2322 XIX:
899 2266 1006 2323 13.
1062 2264 1218 2340 Cap:
1253 2263 1493 2322 XLIX:
1550 2267 1609 2322 6.
1664 2262 1825 2340 Cap:
1870 2262 2103 2322 LXIII:
2151 2268 2257 2322 17.
2296 2263 2539 2324 Jerem:

434 2365 531 2425 X:
590 2367 697 2422 16.
776 2364 1008 2423 Ezech:
1048 2355 1421 2424 XLVHI:1
1469 2381 1595 2440 seq.
1676 2364 1913 2422 Psalm:
1964 2363 2233 2424 CXXII:
2279 2367 2339 2424 3.
2376 2369 2435 2423 4.
2481 2366 2543 2424 5.

432 2465 657 2524 Deutr:
702 2463 984 2525 XXXII:
1031 2468 1090 2524 8.
1158 2465 1345 2549 Num:
1399 2464 1643 2523 XXIV:
1688 2468 1749 2523 2.
1835 2463 2035 2540 Apoc:
2091 2466 2178 2523 V:
2232 2467 2291 2523 9.
2374 2464 2541 2542 Cap:

438 2565 588 2624 VII:
647 2567 705 2624 9.
767 2566 924 2643 Cap:
973 2567 1094 2625 XI:
1151 2568 1208 2624 9.
1279 2564 1441 2640 Cap:
1500 2564 1687 2624 XIII:
1742 2570 1800 2622 7.
1875 2562 2045 2641 Cap:
2098 2566 2281 2624 XIV:
2348 2568 2419 2641 6,
2483 2574 2543 2625 et

435 2665 605 2724 alibi:
646 2673 705 2724 et
733 2684 911 2743 porro
941 2667 1084 2743 quid
1107 2685 1218 2744 per
1245 2665 1488 2723 Domini
1512 2665 1702 2724 verba
1729 2665 1802 2724 de
1833 2665 2352 2725 Consummatione
2391 2683 2539 2726 sae-

433 2765 552 2825 culi
601 2773 659 2824 et
705 2767 782 2826 de
820 2768 1102 2826 Adventu
1136 2767 1335 2843 Ipsius
1393 2763 1603 2839 „Post
1638 2764 2054 2844 afflictionem
2091 2764 2340 2827 dierum
2375 2765 2543 2826 isto-

426 2884 575 2926 rum
600 2865 714 2927 Sol
750 2868 1217 2942 obscurabitur,
1268 2871 1328 2925 et
1365 2865 1561 2926 Luna
1600 2885 1725 2924 uon
1753 2864 1933 2925 dabit
1970 2862 2178 2927 lumen
2205 2885 2395 2927 suzim
2408 2911 2425 2942 ,
2478 2873 2545 2927 et

433 2963 668 3026 Stellae
706 2967 928 3027 cadent
976 2966 1053 3027 de
1105 2963 1284 3026 Coelo
1305 3010 1321 3036 ‚
1375 2971 1435 3025 et
1468 2964 1802 3025 Potentiae
1840 2963 2148 3026 coelorum
2190 2984 2537 3026 commove-

431 3066 661 3128 buntur
681 3089 701 3127 .·
753 3074 812 3126 et
848 3073 996 3126 tunc
1029 3065 1359 3146 apparebit
1399 3065 1660 3144 eiyuum
1693 3064 1866 3127 Filii
1899 3065 2175 3126 hominis
2209 3066 2278 3126 in
2308 3063 2491 3126 Coelo
2511 3087 2542 3138 ;

430 3171 489 3224 et
528 3173 674 3227 tunc
695 3165 1010 3248 plauyeut
1044 3185 1253 3226 omnes
1287 3163 1523 3226 Tribus
1559 3172 1797 3227 terrae:
1849 3172 1909 3225 et
1951 3167 2259 3227 videbunt>
2281 3164 2543 3228 Filium

427 3267 703 3328 hominis
731 3267 1071 3327 venientem
1107 3266 1177 3325 iu
1209 3265 1477 3326 nubibus
1516 3264 1671 3326 coeli
1716 3285 1857 3327 cum
1880 3268 2171 3345 potentia
2221 3272 2281 3326 et
2316 3264 2541 3347 gloria

429 3366 684 3428 multa“
748 3367 969 3425 Matth:
1036 3367 1278 3426 XXIV:
1344 3369 1452 3424 29.
1522 3369 1633 3426 30.
1687 3370 1806 3444 313
1864 3385 2017 3444 quae
2059 3367 2257 3444 quoad
2301 3367 2545 3443 singula

426 3469 742 3528 videantur
795 3466 1095 3542 explicata
1128 3470 1189 3524 in
1239 3465 1439 3543 Opere
1490 3467 1563 3526 de
1615 3465 1815 3526 Conco
1871 3486 1949 3526 ΕΤ
1990 3467 2297 3538 Imaum,
2331 3486 2420 3525 ·n:
2464 3471 2538 3543 13

428 3576 490 3628 et
539 3569 692 3627 haee
729 3568 1044 3648 sequentia
1084 3569 1145 3625 in
1188 3569 1465 3626 AucAms
1497 3565 1913 3628 Gonnnsrmus
1937 3611 1957 3650 ,A
1990 3585 2206 3643 nempe
2228 3568 2407 3644 quod
2443 3570 2531 3625 12

424 3670 642 3728 Tribus
678 3667 919 3724 Israelis
951 3669 1542 3743 repraesenta-verint
1566 3674 1624 3726 et
1646 3652 1784 3726 inde
1821 3668 2297 3744 significaverint.
2334 3669 2539 3726 omnia

426 3785 573 3825 vera
602 3773 662 3825 et
684 3766 842 3824 bona
866 3769 926 3824 in
957 3767 1288 3844 complexu,
1332 3769 1418 3824 ita
1446 3769 1640 3825 omnia
1667 3767 1808 3827 fidei
1834 3775 1893 3826 et
1922 3769 2159 3841 amoriS,
2200 3786 2276 3826 n:
2317 3770 2531 3828 3858.

435 3868 643 3925 3926.
699 3868 908 3926 4060.
959 3870 1184 3927 6335:
1241 3866 1401 3944 quod
1446 3866 1663 3924 similia
1710 3871 1793 3925 12
1839 3868 2144 3942 Apostoli,
2196 3887 2265 3926 n:
2315 3870 2527 3926 2129.

434 3967 647 4025 3354.
693 3968 901 4026 3488.
947 3969 1158 4028 3858.
1201 3969 1414 4027 6397.
1508 3966 1685 4043 Quod
1720 3969 1893 4025 varia
1933 3967 2269 4043 significent
2309 3985 2529 4027 secun-

428 4066 566 4126 dum
607 4067 869 4126 ordinem
904 4071 965 4126 in
1011 4086 1126 4145 quo
1174 4070 1581 4139 nominantur,
1641 4085 1708 4126 n:
1780 4069 1991 4126 3862.
2053 4069 2264 4127 3926.
2316 4068 2526 4127 3939.

408 4151 618 4227 ’4603
664 4184 801 4244 seq:
847 4171 1059 4228 6337.
1109 4167 1634 4226 664o.-1o335.
