2700 4792
331 357 567 414 CAPUT
603 357 906 416 PRIMUM.
1704 349 1922 423 VERS:
1967 372 2058 424 12.
2218 375 2289 428 63

159 524 358 594 siam,
415 524 652 579 constat
702 533 775 580 ex
829 517 1040 578 ultimo
1095 518 1295 582 Versu
1349 519 1531 598 hujus
1584 517 1839 597 Capitis,
1903 521 2007 582 ubi
2052 521 2285 600 dicitur,

157 621 427 702 Septem
483 615 884 706 Candelabra
935 638 1096 698 quae
1145 618 1380 680 vidisti.
1428 626 1663 699 septem
1712 618 2043 682 Ecclesiae
2092 629 2245 685 aunt
2256 643 2288 697 ‚-

161 722 342 798 quod
367 727 603 797 septem
640 719 952 780 Ecclesiae
987 720 1325 796 significent
1361 737 1567 780 omnes
1606 723 1709 796 qui
1744 720 1819 780 ab
1852 722 2129 782 Ecclesia
2151 724 2285 786 Dc-

158 825 321 882 mini
355 827 527 890 sunt,
575 821 660 878 ita
695 819 1029 880 Ecclesiam
1063 813 1487 892 incommuni,
1524 820 1799 882 videatur
1832 839 2019 898 supra
2044 842 2117 882 n:
2160 827 2283 901 203

161 921 341 1000 quod
395 923 574 980 etiam
617 919 898 994 Ocelum,
956 927 1049 980 est
1085 923 1225 997 quia
1274 919 1519 980 Ocelum
1572 928 1632 981 et
1664 921 1942 982 Ecclesia
1974 941 2157 982 unum
2190 925 2287 984 fa-

161 1027 369 1097 ciunt,
425 1023 608 1080 etiam
666 1023 728 1078 iu
773 1020 925 1090 illis,
975 1023 1037 1078 in
1097 1020 1316 1097 quibus
1362 1021 1637 1082 Ecclesia
1688 1027 1809 1096 est,
1868 1021 2117 1084 Ocelum
2170 1031 2281 1100 est,

161 1140 364 1186 causa
399 1130 524 1195 est,
579 1122 722 1197 quia
767 1121 988 1180 bonum
1025 1123 1244 1180 amoris
1291 1128 1353 1180 et
1404 1117 1545 1180 fi'dei
1586 1122 1731 1180 facit
1778 1123 1939 1199 apud
1982 1123 2285 1186 hominem

160 1224 544 1294 Ecclesiam,
602 1227 662 1280 et
695 1221 839 1280 facit
873 1221 1038 1298 apud
1087 1221 1252 1280 illum
1299 1224 1455 1282 sicut
1500 1220 1664 1298 apud
1707 1222 1973 1298 Angelos
2014 1221 2281 1300 Ocelum,

163 1341 364 1401 quare
400 1322 488 1381 il-li
520 1325 584 1381 in
621 1319 870 1382 Ocelum
903 1323 1150 1380 veniunt
1182 1327 1323 1398 post
1358 1328 1641 1397 mortem,
1698 1323 1800 1399 qui
1842 1325 1902 1382 in
1954 1339 2023 1383 se
2064 1323 2279 1385 Eccle-

169 1426 364 1497 siam,
399 1423 512 1482 hcc
549 1427 666 1496 est,
717 1422 1032 1481 Ecclesiae
1068 1422 1231 1481 bona
1263 1427 1324 1480 et
1349 1437 1527 1496 vera,
1562 1421 1902 1484 habuerunt
1934 1425 1997 1482 in
2028 1425 2280 1499 mundc'3

173 1523 344 1600 quod
375 1523 458 1580 ita
492 1524 585 1592 sit,
631 1522 906 1582 videatur
939 1525 1001 1582 in
1035 1521 1373 1582 Docrnnu
1406 1521 1462 1581 N
1465 1541 1620 1582 ovas
1656 1522 2169 1600 Hunnosomm,
2206 1543 2279 1584 n:

179 1627 214 1684 1
237 1627 310 1699 23
349 1623 508 1682 etin
539 1620 740 1698 Opere
769 1623 844 1682 de
873 1621 1076 1682 Ocnno
1103 1641 1184 1682 nr
1209 1621 1521 1696 istunc,
1576 1640 1649 1681 n:
1696 1624 1802 1684 57.
1838 1626 1970 1682 221
2008 1625 2085 1684 ad
2116 1627 2275 1684 227.

169 1723 355 1800 Quod
395 1725 476 1781 sit
518 1740 740 1782 novum
777 1721 1027 1800 Ocelum
1063 1728 1126 1781 et
1159 1739 1314 1780 nova
1351 1721 1655 1796 Ecclesia,
1710 1741 1863 1801 quae
1898 1741 2010 1801 per
2044 1732 2279 1802 septem
2320 1743 2441 1806 [45]

169 1822 558 1886 candelabra
603 1823 700 1882 hic
750 1823 1193 1905 intelliguntur,
1249 1828 1343 1880 est
1379 1823 1521 1898 quia
1554 1822 1629 1882 de
1670 1823 1788 1884 illis
1838 1823 2047 1884 ultimo
2082 1828 2280 1902 agitur

49 1943 58 1951 ·
163 1928 234 1986 in
261 1923 669 2000 Apocalypsi,
708 1923 986 1984 videatur
1012 1921 1217 2000 Caput
1247 1921 1423 1998 XXI,
1464 1929 1524 1982 et
1558 1925 1645 1982 sic
1672 1924 1897 1984 faciunt
1932 1925 2279 1986 conclusum

166 2026 437 2086 omnium
484 2023 600 2094 ibi,
662 2030 723 2082 et
776 2023 932 2098 quod
967 2023 1246 2082 ultimum·
1277 2029 1399 2095 est,
1461 2022 1577 2083 hcc
1631 2026 1773 2100 quia
1808 2026 1986 2082 etiam
2021 2027 2281 2102 primum

163 2133 292 2200 est,
350 2124 486 2184 ideo
529 2125 590 2180 in
637 2126 929 2200 principio
977 2125 1210 2184 sistitur
1264 2122 1593 2199 praedictio
1646 2124 1720 2184 de
1762 2124 1911 2201 illis3
1962 2127 2025 2186 in
2072 2126 2279 2187 Verbo

161 2227 352 2288 etiam
391 2223 639 2284 solenne
677 2231 773 2283 est
797 2240 1130 2283 memorare
1164 2218 1270 2284 illa
1294 2226 1487 2299 primo
1516 2223 1647 2284 loco
1685 2242 1841 2300 quae
1876 2224 2083 2300 ultimo
2110 2226 2273 2301 fiunt,

161 2329 313 2404 quia
355 2323 712 2384 intermedia
759 2322 1119 2384 concludunt
1159 2322 1296 2398 illa,
1370 2325 1625 2400 primum
1674 2327 1829 2392 enim
1877 2328 1939 2386 in
1980 2326 2279 2404 spirituali

161 2443 358 2486 sensu
394 2430 488 2483 est
511 2423 646 2482 finis
682 2431 930 2500 propter
965 2440 1174 2499 quem,
1223 2426 1505 2502 quoniam
1538 2428 1589 2485 is
1630 2432 1725 2485 est
1758 2427 1991 2501 primus
2034 2433 2095 2485 et
2128 2426 2275 2488 ulti-

165 2542 342 2598 mus,
382 2540 484 2580 -ac
535 2523 614 2582 ad
660 2524 828 2584 illum
877 2529 1154 2600 spectant
1199 2523 1462 2601 reliqua,
1516 2525 1793 2586 videatur
1840 2527 1904 2584 in
1951 2524 2281 2584 Dccrnnu

164 2624 233 2685 N
234 2643 392 2683 ovas
431 2623 952 2698 Hmnosommau,
997 2642 1065 2682 n:
1111 2625 1228 2682 98..
1293 2623 1471 2700 Quod
1510 2623 1951 2686 Candelabrum
1984 2623 2280 2700 significet

167 2705 428 2788 Ocelum
481 2730 543 2784 et
577 2723 938 2799 Ecclesiam,
993 2730 1270 2784 constare
1312 2730 1516 2800 potest
1560 2741 1635 2782 ex
1679 2725 2079 2800 descriptione
2116 2721 2278 2784 Oan-

165 2825 433 2895 delabri,
496 2825 657 2901 quod
699 2824 813 2884 fuit
862 2825 924 2882 in
977 2823 1413 2900 Tabernaculc,
1452 2841 1565 2902 per
1602 2823 2083 2884 'sabernaculum
2120 2825 2277 2884 enim

165 2926 739 3003 repraesentabatur
775 2930 961 2984 totum
1005 2923 1252 2984 Ocelum
1288 2927 1349 2984 in
1396 2924 1741 3001 complexu,
1800 2930 1859 2984 et
1891 2941 2001 3000 per
2039 2923 2277 2984 Cande—

165 3028 406 3088 labrum
443 3025 527 3084 ibi
565 3025 814 3089 Ocelum
863 3024 1210 3102 spirituale,
1274 3025 1437 3101 quod
1484 3033 1577 3086 est
1624 3023 1870 3086 Ocelum
1914 3023 2273 3101 Secundum,

169 3126 450 3184 videatur
498 3143 564 3182 n:
631 3126 844 3186 3478.
905 3127 1116 3185 9457.
1173 3126 1383 3186 9481.
1440 3126 1648 3185 9485.
1710 3127 1894 3186 9548
1939 3125 2017 3184 ad
2061 3127 2273 3186 9577.

178 3225 408 3284 9783:
463 3225 620 3300 quod
654 3228 738 3284 ita
776 3227 884 3294 sit,
932 3231 1105 3302 patet
1149 3226 1465 3284 manifeste
1503 3243 1577 3284 ex
1615 3243 1718 3294 ec,
1770 3225 1929 3301 quod
1962 3224 2275 3286 Johannes

165 3323 389 3384 viderit
422 3325 482 3382 iu
511 3325 702 3384 medic
729 3331 966 3400 septem
997 3324 1505 3384 Candelabrcrum
1533 3325 1789 3384 similem
1818 3325 1967 3384 Filio
1994 3325 2271 3400 bominiS,

167 3432 233 3484 et
265 3424 426 3484 filius
459 3423 714 3486 hominis
753 3416 848 3484 est
882 3424 1177 3486 Dominus
1215 3424 1417 3502 quoad
1448 3425 1731 3484 Divinum
1768 3424 2141 3499 Humanum,
2198 3441 2276 3484 ex

167 3523 304 3601 Quo
342 3525 624 3584 Divinum
671 3525 931 3599 Verum,
986 3526 1150 3602 quod
1195 3532 1287 3584 est
1339 3541 1512 3584 omne
1559 3527 1621 3585 in
1672 3524 1942 3584 omnibus
1994 3523 2163 3583 Oceli
2214 3513 2308 3581 et'

165 3625 498 3686 Ecclesiae.
575 3624 648 3685 In
684 3624 870 3686 Ocelo
907 3628 1087 3684 etiam
1117 3625 1435 3701 Spirituali
1470 3631 1765 3700 apparent
1802 3621 2181 3684 caudelabra
2212 3623 2275 3678 in

163 3725 354 3786 multa
379 3724 848 3800 magnificentia,
903 3743 1014 3800 p-er
1041 3743 1198 3800 quae
1232 3730 1721 3802 repraesentatur
1758 3741 1963 3784 eorum
1994 3720 2272 3796 Ocelum3

163 3825 270 3884 illa
297 3841 536 3902 quoque
580 3824 723 3884 mihi
749 3825 954 3885 videre
983 3825 1190 3884 datum
1219 3831 1328 3884 est.
1384 3825 1534 3884 Indo
1572 3831 1849 3884 constare
1882 3829 2104 3900 potest,
2134 3820 2277 3898 quid

163 3926 226 3983 in
260 3923 466 3984 Verbo
505 3942 618 4000 per
659 3922 1036 3985 Oandelabra
1072 3932 1130 3984 et
1149 3942 1281 4002 per
1322 3925 1629 3984 Lucernas
1666 3927 1729 3984 in
1764 3922 2153 4000 sequentibus
2176 3922 2275 3984 his

165 4023 312 4102 locis
367 4026 428 4082 in
473 4024 776 4100 spirituali
817 4041 1002 4084 sensu
1043 4024 1427 4102 intelligitur,
1481 4026 1551 4096 in,
1570 4023 1944 4101 Apocalypsi
1993 4023 2277 4100 „Remo-

165 4124 306 4183 vebo
348 4120 814 4187 Candelabrum
849 4133 1028 4186 tuum
1061 4143 1097 4182 e
1127 4121 1260 4184 loco
1297 4142 1433 4196 suc,
1474 4122 1536 4183 si
1567 4142 1693 4184 non
1724 4122 1934 4202 efferis
1946 4121 2279 4204 poeniten-

167 4220 375 4284 tiam“
411 4223 505 4283 II:
553 4224 624 4301 5;
678 4243 988 4286 removere
1019 4223 1460 4284 Candelabrum
1490 4230 1585 4282 est
1620 4222 1857 4282 auferre
1887 4221 2134 4282 Ocelum
2172 4225 2279 4280 aut
