2700 4792
407 383 490 436 ,93
843 369 1334 428 APOCALYPfflS
1388 369 1823 427 EXPLICA'I’A.
1904 371 1952 438 §-
1998 381 2089 432 ⁷9.

417 527 726 610 loquente,
777 547 908 590 eece
939 528 1129 590 nubes
1163 526 1385 590 lueida
1416 527 1807 590 inumbravit
1839 527 2231 609 Discipulos
2245 577 2265 607 ,
2312 538 2375 593 et
2396 551 2523 594 ecoe
2645 508 2669 522 ³-

417 647 544 693 νοω
577 648 612 690 e
641 630 799 691 nube
841 627 1084 704 dicens,
1133 627 1272 689 Hie
1311 633 1407 688 eet
1439 626 1665 690 Filius
1702 647 1879 691 meua
1920 625 2216 712 dilectus,
2274 632 2347 692 in
2384 633 2523 708 Quo

421 730 766 809 acquiesco,
806 727 1036 810 Ipsum
1067 727 1290 790 audite
1301 747 1330 800 ,·
1382 734 1443 788 et
1476 747 1619 790 eum
1644 729 1795 789 haee
1826 727 2163 791 audissent
2196 731 2523 812 discipuli,

409 829 772 911 ‚oeciderunt
818 828 889 891 in
920 827 1164 910 faeiem
1197 847 1413 899 auam,
1448 834 1508 890 et
1541 826 1891 890 timuerunt
1926 827 2131 901 valde,
2166 836 2319 892 tune
2352 851 2524 893 acee-

419 931 576 992 dem
635 928 832 991 Jeeue
884 929 1129 1009 Tetiyit
1181 927 1362 1009 illos,
1424 934 1484 990 et
1539 927 1748 999 dixit,
1800 929 2081 1008 suryite,
2142 950 2219 992 ne
2266 931 2523 994 timete“

421 1032 640 1094 XVII:
689 1033 749 1091 5.
785 1033 843 1090 6.
880 1037 939 1090 7.
975 1033 1037 1089 8.
1110 1030 1295 1107 Apud
1329 1029 1555 1088 Lucam
1592 1028 1835 1104 „Jesue
1872 1030 2140 1090 accessit
2171 1036 2233 1090 et
2282 1030 2528 1113 Tetiyit

421 1128 700 1194 loculum
735 1129 1049 1210 defuncti,
1111 1135 1171 1190 et
1213 1127 1425 1200 dixit,
1476 1126 1865 1204 adolescens,
1928 1128 2049 1190 tibi
2080 1129 2250 1208 dieo,
2314 1151 2524 1214 δαν-99,

320 1312 325 1317 ¹
421 1239 572 1294 tuno
607 1229 843 1291 resedit
891 1230 1004 1309 qui
1041 1234 1363 1299 mortuus,
1424 1235 1485 1288 et
1530 1229 1729 1308 eoepit
1782 1226 1956 1309 loqui
1964 1233 2002 1264 “
2052 1231 2201 1291 VH:
2260 1236 2372 1291 14.
2420 1237 2452 1292 1
2474 1234 2526 1293 5.

421 1332 604 1409 Apud
656 1330 929 1391 Eundem
993 1328 1233 1404 „Jeeue
1291 1327 1537 1408 Tetiyit
1582 1347 1803 1390 aurem
1846 1328 2067 1401 surdi,
2128 1335 2188 1390 et
2220 1333 2525 1393 sanavit“

423 1431 630 1494 XXII:
667 1433 700 1491 5
718 1435 775 1489 1.
827 1431 1012 1507 Apud
1027 1429 1296 1489 Marcum
1324 1425 1745 1504 „Attuleruwt
1770 1427 2097 1492 adJeeum
2120 1429 2437 1511 Infantes,
2456 1438 2527 1494 ut

427 1532 744 1611 Tauyeret
777 1548 883 1589 eoa
899 1573 916 1602 ‚
955 1535 1015 1590 et
1043 1529 1321 1610 suscepit
1346 1529 1418 1589 iu
1439 1525 1647 1604 ulnas,
1674 1529 1901 1608 posuit
1924 1549 2155 1592 manue
2190 1549 2384 1610 super
2408 1551 2522 1607 eoa,

419 1638 481 1692 et
515 1629 838 1692 benedixit
864 1626 1054 1690 illio“
1081 1630 1174 1689 X:
1221 1634 1249 1689 1
1269 1631 1330 1688 3.
1367 1629 1545 1706 [16]
1600 1629 1781 1706 Apud
1809 1629 2079 1690 Eundem
2106 1629 2528 1706 „Attulerunt

427 1727 596 1791 male
647 1729 934 1790 habentes
979 1728 1070 1793 acl
1114 1726 1366 1803 Iesum,
1420 1731 1495 1789 ut
1526 1726 1756 1790 saltem
1808 1727 2165 1810 Tanyerent
2200 1731 2525 1812 fimbriam

425 1829 781 1891 vestimenti
813 1829 1057 1909 Ipsius,
1101 1835 1160 1889 et
1183 1833 1481 1910 quotquot
1522 1827 1894 1908 Tetiyevunt
1928 1827 2098 1890 salvi
2118 1830 2297 1909 faeti
2330 1833 2520 1892 eunt“

429 1931 552 1990 VI:
600 1931 705 1989 56.
760 1930 978 1989 Matth:
1016 1929 1201 1988 XIV:
1247 1931 1359 1990 36.
1414 1929 1595 2005 Apud
1630 1929 1857 1990 Lucam
1892 1927 2184 2004 „Mulier
2206 1927 2521 2010 profluvio

425 2029 772 2110 sanquiuia
811 2027 1107 2092 laborans
1121 2075 1140 2100 ,
1198 2029 1446 2109 Tetiyit
1469 2029 1799 2109 fimbriam
1840 2029 2196 2090 vestimenti
2230 2029 2421 2107 Jem,
2468 2036 2523 2090 et

426 2130 654 2190 statim
688 2129 973 2190 emwtitit
993 2127 1228 2206 fluxus
1262 2127 1607 2209 sanguinis
1618 2147 1648 2201 ,·
1682 2128 1877 2189 Jesue
1906 2128 2102 2200 dixit,
2126 2129 2274 2210 quie
2300 2137 2397 2192 eet
2422 2129 2524 2210 qui

432 2229 678 2309 Tetiyit
698 2228 820 2306 Me,
866 2227 1112 2308 Tetiyit
1135 2227 1245 2289 Me
1269 2226 1527 2310 aliquio,
1556 2227 1707 2308 Eyo
1734 2229 1998 2308 coynovi
2018 2229 2321 2291 virtutem
2352 2251 2401 2291 a
2422 2228 2523 2290 Me

423 2332 788 2411 eyreeeaon‘·
835 2329 1022 2388 VIII:
1057 2332 1169 2389 43.
1205 2333 1317 2389 44.
1347 2331 1461 2388 46.
1510 2327 1667 2403 Quia
1700 2345 1811 2404 per
1845 2335 2092 2407 tangere
2130 2336 2192 2390 et
2220 2333 2521 2408 imponere

426 2447 640 2490 manus
669 2431 1034 2508 significatur
1059 2432 1502 2495 communicare⁸
1534 2435 1595 2488 et
1621 2428 1945 2490 transferre
1981 2432 2044 2488 in
2078 2431 2331 2489 alterum
2362 2430 2526 2506 quod

423 2531 585 2610 apud
613 2547 696 2606 se,
729 2531 863 2590 ideo
895 2530 970 2588 ab
999 2532 1257 2607 antiquis
1291 2530 1658 2605 temporibus
1690 2536 2000 2606 receptum
2029 2533 2210 2590 estin
2238 2531 2523 2591 Ecclesiis

421 2635 729 2708 imponere
766 2646 975 2689 manus
1011 2631 1194 2708 capiti
1231 2647 1437 2690 eorum
1474 2632 1575 2706 qui
1607 2631 2039 2706 inaugurantur
2075 2637 2137 2691 et
2161 2630 2523 2691 benedicun-

422 2741 544 2806 tur,
601 2735 758 2790 sicut
797 2733 978 2790 etiam
1030 2730 1375 2790 mandatum
1421 2737 1515 2788 est
1554 2729 1815 2805 Moschi,
1872 2737 1938 2788 ut
1998 2731 2224 2790 faceret
2274 2731 2525 2800 Josuac,

423 2831 613 2892 Num:
670 2829 950 2891 XXVII:
1012 2835 1096 2890 18
1137 2830 1216 2890 ad
1247 2833 1359 2890 23.
1449 2830 1677 2890 Deutr:
1729 2829 2039 2890 XXXIV:
2092 2833 2151 2889 9.
2233 2830 2525 2907 Quoniam

425 2933 626 2996 omnia
667 2937 836 2990 erant
860 2932 1380 3006 repraesentativa
1410 2937 1470 2988 et
1508 2929 1903 3005 significativa
1936 2929 2341 3007 spiritualium
2370 2930 2527 3008 apud

425 3030 579 3089 filios
614 3030 858 3090 Israfflis
873 3075 890 3104 ,
928 3030 1068 3090 ideo
1105 3032 1285 3092 etiam
1331 3030 1555 3089 Tactus
1572 3049 1589 3106 3
1646 3046 1830 3104 quare
1866 3030 2397 3090 sanctificabantur
2432 3031 2527 3106 qui

427 3133 752 3207 tetigerunt
779 3136 1072 3203 sanctum,
1115 3135 1175 3188 et
1201 3129 1626 3205 polluebantur
1652 3131 1753 3204 qui
1788 3131 2108 3206 tetigerunt
2140 3131 2522 3203 immundum,

417 3230 802 3307 significabat
857 3231 1012 3288 enim
1053 3229 1279 3288 Tactus
1325 3231 1919 3290 communicationem
1968 3237 2027 3287 et
2078 3231 2527 3315 translationem

423 3332 485 3391 in
528 3330 783 3388 alterum
837 3335 898 3387 et
941 3330 1344 3404 receptionem
1389 3329 1465 3388 ab
1502 3329 1723 3398 altero,
1781 3337 1850 3388 ut
1884 3335 2161 3388 constare
2210 3337 2418 3407 potest
2456 3347 2526 3390 ex

420 3429 812 3506 sequentibus
865 3428 960 3486 his
1008 3427 1188 3504 locis,
1244 3428 1409 3504 apud
1446 3429 1660 3490 Mosen
1709 3426 1987 3503 „Omnis
2042 3427 2154 3507 qui
2215 3427 2527 3510 Tetiyerit

377 3527 383 3533 ’
427 3528 800 3590 Tentorium
835 3533 1167 3588 conventus
1207 3533 1267 3588 et
1300 3527 1542 3589 Aream
1584 3512 1968 3588 Testimonii
1980 3573 1997 3602 ,
2049 3534 2109 3588 et
2142 3527 2441 3592 Memam
2472 3531 2529 3588 et

421 3627 636 3691 omnia
685 3625 860 3688 Vasa
895 3627 1048 3710 ejue,
1087 3633 1146 3687 et
1182 3625 1647 3689 Candelabrum
1680 3633 1739 3688 et
1787 3625 1962 3690 Vasa
1997 3628 2138 3711 ejus
2150 3675 2166 3704 ,
2204 3635 2265 3689 et
2298 3628 2525 3690 Altare

419 3726 803 3809 suffimenti,
863 3732 922 3787 et
963 3725 1194 3789 Altame
1238 3725 1595 3789 holocausti
1642 3733 1702 3788 et
1748 3728 1963 3788 omnia
2025 3726 2201 3790 Vasa
2246 3729 2411 3811 ejus,
2470 3731 2527 3786 et

419 3827 708 3888 Lam-um
741 3832 800 3886 et
837 3827 1022 3888 basin
1055 3829 1219 3910 ejus,
1275 3828 1826 3908 sanctificabitur“
1892 3829 2097 3888 Exod:
2145 3829 2366 3888 XXX:
2434 3831 2517 3888 26

421 3927 499 3985 ad
539 3930 575 3984 2
593 3927 651 3984 9.
723 3925 1094 4008 „Quicquid
1134 3925 1447 4006 Tetiyerit
1480 3925 1740 4000 Altare,
1792 3933 2085 4012 amictum
2120 3927 2291 3988 erit“
2327 3928 2519 3987 Exod:

418 4025 668 4090 XXIX:
721 4028 756 4086 3
773 4033 804 4088 7
819 4074 832 4087 .
905 4072 944 4103 „
958 4026 1152 4088 Omne
1196 4025 1364 4107 quod
1402 4025 1714 4107 Tetiyerit
1745 4026 2080 4089 residuum
2104 4025 2405 4088 Minehae
2418 4071 2435 4100 ,
2468 4029 2525 4084 et

413 4125 746 4188 residuum
773 4125 1005 4189 Carnis
1039 4146 1118 4188 ece
1145 4125 1515 4206 sacrifieiis,
1554 4126 2107 4207 sanctificabitur-‘⁴‘
2152 4127 2364 4190 Levit:
2403 4125 2519 4186 VI:

253 4221 377 4284 [09]
425 4231 455 4285 1
475 4231 534 4288 1.
579 4231 689 4288 20.
764 4227 1040 4304 „Omnis
1081 4224 1379 4304 Tanyens
1412 4230 1749 4296 mortuum,
1783 4231 1842 4286 et
1880 4245 2004 4290 non
2038 4226 2400 4307 expiaverit
2436 4242 2512 4298 se,
