2700 4792
481 395 604 449 17⁸·
819 381 1308 438 APOCALYPSIS
1356 381 1783 438 EXPLICATA-
1827 381 1871 451 §.
1912 393 2216 448 131-134.

2602 503 2629 554 *h

481 541 790 604 Cherubos
838 540 1149 617 custodia3
1201 559 1313 618 per
1360 541 1657 600 flammam
1710 541 1893 618 gladii
1935 542 2069 600 hinc
2104 540 2234 601 inde
2270 543 2501 600 vertentis

479 659 546 703 sc
598 641 856 704 terrifica
907 641 1141 702 abactio
1195 649 1252 700 ct
1307 643 1556 718 rejectio
1612 645 1873 700 omnium
1926 645 2029 719 qui
2077 645 2136 700 in
2182 642 2333 700 falsis
2372 648 2501 716 sunt;

479 740 694 804 Oriens
731 740 950 802 Edenis
1002 753 1093 801 est
1132 743 1232 801 ubi
1265 745 1610 819 praesentia
1650 743 1893 802 Domini
1944 749 2039 803 cst
2082 745 2143 802 in
2185 742 2281 802 illo
2322 755 2503 801 amore:

478 842 849 921 significatur
888 846 1093 919 itaque
1129 861 1240 919 per
1274 841 1408 918 illa,
1460 844 1620 919 quod
1658 847 1847 902 omnis
1890 843 2087 902 aditus
2118 830 2341 902 clausus
2372 845 2433 900 sit
2454 841 2507 900 ad

479 943 919 1021 agnoscendum
943 943 1137 1001 solum
1162 944 1482 1002 Dominum
1504 933 1628 1032 [ei]‚
1656 947 1756 1020 qui
1784 963 1900 1003 non
1926 947 2113 1002 vitam
2150 945 2347 1002 amoris
2382 943 2504 1000 vivit.

480 1043 658 1121 Quod
695 1059 805 1120 per
840 1043 1102 1120 gladium
1149 1044 1513 1119 significetur
1562 1045 1808 1118 salsum,
1860 1051 2032 1122 patet
2068 1044 2359 1102 manifeste
2390 1041 2507 1118 apud

476 1144 884 1213 Ezechielem,
922 1143 1023 1202 ubi
1061 1145 1133 1202 de
1171 1146 1442 1220 principe
1474 1145 1619 1222 Tyri
1662 1146 1773 1204 hoc
1802 1145 2019 1204 dicitur
2075 1141 2507 1223 ‚,Eva9imbunt

279 1256 439 1320 [123]
477 1243 738 1325 „qladios
789 1261 976 1324 super
1016 1241 1563 1323 pulchritudinem
1614 1245 1967 1324 sapientiae
2018 1247 2207 1306 tuae“
2260 1240 2509 1303 XXVIII:

489 1352 520 1404 7
544 1372 557 1416 ;
595 1364 704 1422 per
729 1345 1057 1421 principem
1090 1345 1233 1421 Tyri
1262 1346 1629 1421 significatur
1654 1347 2048 1423 intelligentia
2076 1351 2229 1421 quac
2258 1362 2325 1404 ex
2350 1343 2505 1418 cogni-

479 1447 738 1506 tionibus
775 1447 903 1504 veri
917 1465 934 1520 3
998 1448 1138 1522 quia
1187 1445 1292 1504 illa
1339 1449 1737 1523 exstinguitur
1784 1465 1894 1524 per
1936 1446 2123 1520 falsa,
2176 1443 2304 1504 idco
2346 1443 2509 1502 dicitur

478 1563 663 1624 super
698 1547 1081 1623 sapientiam,
1139 1547 1299 1622 quod
1331 1564 1450 1606 non
1487 1547 1602 1606 dici
1634 1555 1844 1626 posset
1888 1549 2007 1606 nisi
2056 1563 2167 1624 per
2198 1544 2404 1623 gladios
2440 1544 2505 1600 in-

477 1647 889 1723 telligerentur
923 1646 1094 1706 falsa.

605 1750 798 1806 ·132.
852 1749 1004 1806 Novi
1048 1765 1232 1824 opera
1269 1755 1405 1820 tua,
1462 1749 1619 1825 quod
1654 1749 1948 1827 significet
1984 1765 2248 1807 amorem
2282 1753 2335 1805 et
2362 1742 2509 1810 fidem,

479 1854 718 1907 constat
749 1865 822 1906 ex
855 1849 975 1907 illis
1013 1866 1168 1926 quae
1206 1865 1413 1925 supra,
1450 1869 1517 1909 n:
1564 1852 1650 1909 98
1692 1858 1753 1908 et
1796 1854 1824 1908 1
1849 1853 1953 1924 16,
1995 1856 2243 1910 ostensa
2276 1852 2409 1906 sunt.

641 1950 668 2005 1
690 1949 799 2008 33.
853 1949 970 2010 Ubi
1006 1949 1276 2019 habitaS,
1321 1951 1479 2026 quod
1515 1951 1808 2027 significet
1842 1954 1996 2010 inter
2034 1967 2187 2028 quos
2222 1964 2362 2007 nunc
2390 1945 2506 2016 vivit,

479 2054 713 2109 constat
775 2065 848 2108 ex
903 2051 1332 2126 significatione
1394 2051 1697 2127 habitare,
1768 2052 1926 2128 quod
1980 2054 2062 2110 sit
2113 2052 2311 2110 vivere
2323 2067 2338 2124 3
2394 2040 2507 2121 quod

476 2149 746 2208 habitare
782 2151 842 2208 in
879 2167 1061 2209 sensu
1098 2152 1396 2228 spirituali
1432 2154 1510 2210 sit
1546 2154 1786 2227 vivere,
1844 2159 1937 2212 est
1984 2155 2123 2228 quia
2176 2150 2505 2210 habitationes

477 2253 538 2308 in
578 2249 800 2308 Mundo
837 2251 1131 2327 spirituali
1171 2259 1311 2309 sunt
1349 2269 1555 2311 omnes
1592 2252 1905 2312 distinctae
1943 2252 2273 2312 secundum
2305 2251 2432 2308 vitas
2456 2257 2507 2301 ac

477 2354 637 2410 vitae
677 2349 1067 2423 differentias,
1131 2359 1196 2410 ut
1239 2360 1515 2413 constare
1552 2359 1753 2429 potest
1790 2371 1865 2412 ex
1898 2353 2017 2412 illis
2056 2371 2217 2431 quae
2262 2355 2317 2410 in
2354 2347 2504 2424 Opere

477 2454 550 2512 dc
605 2449 806 2511 Coeno
861 2473 936 2512 m·
993 2453 1270 2512 INrano
1327 2454 1401 2513 de
1448 2454 1836 2514 societatibus
1885 2457 1947 2513 in
1984 2453 2175 2514 Coelo
2236 2471 2301 2536 n:
2353 2450 2418 2509 41
2452 2441 2508 2502 ad

485 2556 604 2628 50,
675 2559 735 2612 et
771 2571 836 2612 n:
900 2555 1036 2613 205
1096 2561 1340 2613 ostensa
1388 2563 1553 2629 sunt3
1608 2555 1745 2614 inde
1800 2563 1895 2614 est
1932 2555 2097 2632 quod
2131 2557 2193 2614 in
2226 2552 2405 2614 Verbo
2430 2559 2509 2622 per

471 2651 742 2714 habitare
781 2654 1144 2730 significetur
1182 2657 1404 2714 vivere.
1470 2655 1645 2732 Quod
1678 2655 1949 2714 habitare
1986 2657 2067 2714 sit
2095 2660 2313 2729 vivere,
2346 2647 2507 2710 videa·
2625 2637 2627 2656 i

469 2765 570 2814 tur
615 2758 675 2814 in
718 2756 993 2814 AncANJs
1028 2753 1446 2815 contnswmns
1482 2773 1549 2814 n:
1598 2757 1806 2814 1293.
1852 2757 2063 2816 3384.
2110 2757 2317 2817 3613.
2346 2747 2509 2810 4451.

479 2857 658 2916 6051
689 2877 702 2914 :
785 2857 942 2930 quod
993 2856 1337 2916 cohabitare
1398 2837 1479 2915 sit
1540 2855 1897 2916 concordem
1956 2859 2142 2918 vitam
2206 2869 2404 2933 agere,
2457 2861 2509 2904 11²

477 2959 687 3014 6792.
776 2955 950 3032 Quod
1011 2955 1410 3017 habitationes
1473 2961 1534 3016 in
1595 2955 1798 3016 Verbo
1861 2959 2205 3034 significent
2258 2956 2358 3016 illa
2400 2961 2511 3028 quae

469 3057 685 3113 mentis
722 3062 890 3125 sunt,
938 3059 1021 3114 ita
1057 3075 1212 3134 quae
1248 3058 1678 3135 intelligentiae
1716 3063 1777 3116 et
1818 3060 2190 3135 sapientiae,
2243 3075 2313 3117 cx
2346 3051 2511 3132 quibus

469 3156 596 3212 vita
635 3153 887 3229 homini,
951 3174 1016 3214 n:
1087 3163 1118 3215 7
1139 3161 1216 3216 71
1238 3161 1296 3218 9.
1369 3161 1578 3218 7910.
1680 3158 1855 3235 Quod
1920 3160 2101 3220 urbes
2166 3161 2421 3219 dicantur
2460 3147 2511 3206 de

467 3255 629 3313 veris
667 3253 998 3329 doctrinae,
1038 3255 1403 3318 habitatores
1442 3259 1516 3319 de
1552 3259 1709 3318 bono
1745 3261 1939 3334 vitae,
1977 3279 2050 3319 n:
2096 3263 2305 3320 2268.
2346 3251 2510 3316 2451.

473 3359 683 3415 2712.
765 3356 1054 3415 Habitare
1082 3357 1142 3414 in
1177 3361 1371 3418 medio
1411 3374 1643 3436 eorum,
1682 3377 1817 3419 cum
1857 3360 1930 3420 de
1966 3361 2245 3432 Domino,
2294 3354 2435 3437 quod
2461 3347 2515 3408 Sit

463 3459 808 3534 praesentia
856 3456 1056 3532 Ipsius
1115 3465 1172 3516 et
1219 3461 1480 3520 influxus
1534 3463 1593 3519 in
1640 3463 1826 3520 vitam
1880 3463 2099 3520 amoris
2152 3469 2211 3522 et
2261 3459 2412 3531 fidei,
2462 3465 2511 3507 n:

471 3560 731 3618 10153.
812 3556 1238 3618 Habitaculum
1289 3561 1531 3621 Domini
1576 3562 1735 3639 quod
1778 3565 1857 3622 sit
1892 3561 2170 3638 Coelum,
2222 3580 2289 3620 n:
2342 3549 2511 3618 8269·

467 3661 682 3719 8309.
773 3657 949 3734 Quod
995 3658 1423 3721 Habitaculum
1474 3661 1745 3722 Tentorii
1782 3662 1945 3739 apud
1979 3663 2131 3722 filios
2176 3659 2407 3723 Israelis
2436 3667 2513 3710 re·

455 3761 940 3836 pracscntavcrit
1003 3767 1060 3819 et
1123 3763 1551 3840 significaverit
1614 3762 1891 3839 Coelum,
1956 3782 2025 3839 n:
2087 3767 2293 3824 9481.
2337 3751 2509 3818 9594·

465 3861 674 3918 9632.

619 3962 778 4021 134.
845 3961 963 4023 Ubi
996 3963 1244 4022 thronus
1285 3961 1579 4035 Satanae,
1643 3965 1803 4042 q'uod
1838 3963 2135 4042 significet
2168 3964 2269 4023 ubi
2300 3952 2511 4034 regnant

458 4063 652 4120 omnia
697 4062 876 4136 falsa,
935 4071 1170 4123 constat
1207 4081 1282 4122 ex
1321 4064 1755 4139 significatione
1810 4065 1913 4124 ubi
1950 4065 2225 4134 thronus,
2279 4055 2421 4138 quod
2448 4051 2509 4109 sit

452 4161 556 4220 ubi
590 4171 828 4240 regnat,
870 4182 1002 4222 nam
1041 4182 1151 4240 per
1186 4165 1459 4222 thronum
1496 4166 1867 4241 significatur
1908 4184 2191 4242 regnum3
2248 4181 2319 4222 ex
2350 4151 2504 4232 sigffl‘·

453 4260 725 4323 ficationc
765 4261 1058 4336 Satanae,
1115 4263 1274 4338 quod
1311 4265 1429 4320 sint
1463 4265 1695 4322 inferna
1720 4265 1823 4324 ubi
1860 4275 1922 4326 et
1948 4267 2103 4325 unde
2146 4266 2334 4326 omnia
2356 4255 2497 4318 falsa,
