2700 4792
32 267 37 410 ἱ

323 353 570 411 CAPUT
625 352 966 412 TERTIUM.
1680 355 1895 412 VERS=
1940 366 2031 418 10.
2188 365 2294 420 411

153 514 458 582 luntatis,
509 529 620 571 nec
653 511 876 570 malum
911 513 1106 586 vitae,
1157 519 1286 572 tum
1325 511 1489 589 quod
1522 529 1641 572 non
1674 513 1791 574 sub
1824 514 1961 592 lege
1998 518 2106 591 sit,
2160 519 2300 594 quia

157 615 472 676 Dominus
509 612 779 688 implevit
811 611 1010 688 legem
1045 628 1154 687 pro
1189 614 1354 688 ipsO,
1397 618 1459 672 et
1494 613 1653 689 quod
1686 631 1804 673 non
1839 622 2147 692 spectetur
2180 619 2296 677 nisi

157 715 352 790 fides,
412 730 524 790 per
556 713 706 772 haec
743 711 1118 789 disjungunt3
1174 711 1333 788 quod
1370 713 1735 790 conjungant
1770 722 1864 775 est
1900 733 2117 787 causa,
2156 721 2298 793 quia

159 815 348 874 aliter
395 830 516 871 non
549 812 898 872 cohaereret
945 811 1216 871 doctrina
1251 829 1387 871 cum
1429 812 1666 887 Verbo,
1722 814 1825 872 ubi
1870 818 2045 874 toties
2082 815 2299 876 dicitur

163 916 244 974 de
281 912 582 974 charitate
630 919 690 971 et
733 911 808 972 de
853 912 1062 987 factis;
1117 911 1226 972 sed
1270 911 1423 971 haec
1460 913 1795 990 conjunctio
1843 931 1961 974 non
1999 921 2092 974 est
2144 932 2293 974 con-

153 1015 405 1092 junctio
443 1012 602 1088 apud
634 1011 772 1070 illos
823 1014 926 1090 qui
970 1014 1034 1070 in
1069 1014 1194 1072 vita
1227 1011 1559 1071 secundum
1594 1013 1922 1072 doctrinam
1956 1020 2126 1090 sunt,
2184 1014 2294 1074 sed

165 1114 342 1190 apud
381 1113 516 1171 illos
554 1114 654 1190 qui
688 1112 748 1170 in
781 1113 905 1170 vita
939 1112 1267 1171 secundum
1302 1112 1573 1171 Verbum
1609 1119 1767 1172 sunt.
1833 1115 2073 1174 Dicitur
2107 1130 2293 1191 quos-

163 1230 414 1290 cunque
451 1229 612 1286 amo,
661 1228 848 1288 arguo
885 1218 946 1270 et
979 1214 1235 1289 castigo,
1275 1211 1387 1272 sed
1418 1212 1775 1289 intelligitur
1810 1213 1969 1289 quod
2004 1231 2121 1273 non
2154 1213 2288 1272 Do-

165 1316 375 1372 minus
409 1317 622 1387 arguat
657 1318 717 1370 et
751 1314 1031 1388 castiget,
1087 1311 1198 1372 sed
1232 1312 1395 1388 quod
1442 1313 1763 1372 Infernales
1800 1316 2045 1389 spiritus
2084 1316 2188 1391 qui
2226 1315 2291 1372 in

165 1414 486 1491 principiis
534 1412 746 1470 similis
794 1412 938 1494 salsi
979 1419 1149 1482 sunt,
1201 1412 1262 1471 hi
1307 1419 1449 1470 sunt
1493 1415 1593 1488 qui
1640 1414 1974 1489 castigant,
2023 1413 2137 1473 hoc
2176 1420 2285 1488 est,

167 1519 411 1572 tentant
467 1511 764 1586 homines3
835 1511 995 1587 quod
1041 1513 1214 1572 Deus
1273 1515 1573 1572 neminem
1625 1520 1847 1589 tentet,
1921 1520 2122 1572 notum
2176 1519 2285 1587 est,

169 1630 364 1689 quare
399 1613 484 1670 ita
515 1595 966 1688 intelligendum
1004 1617 1126 1686 est,
1181 1615 1423 1672 tametsi
1463 1615 1526 1671 in
1561 1614 1734 1673 litera
1769 1614 1988 1673 dicitur
2022 1614 2095 1672 de
2132 1614 2285 1688 Dec,

171 1712 340 1790 quod
373 1715 436 1771 in
470 1713 856 1770 tentationem
887 1712 1167 1781 inducat,
1220 1713 1378 1788 quod
1414 1713 1637 1772 malum
1668 1714 1878 1788 faciat,
1935 1713 2093 1790 quod
2142 1731 2289 1772 con-

163 1815 344 1890 jiciat
374 1815 434 1870 in
469 1813 782 1886 infernum,
823 1816 884 1869 et
917 1812 1133 1870 similia
1159 1811 1363 1888 plura3
1418 1813 1555 1872 inde
1580 1821 1765 1889 patet,
1807 1815 1967 1890 quod
1999 1815 2285 1874 Divinum

171 1913 402 1971 Verum
449 1915 510 1970 in
546 1912 749 1970 Verbo
795 1929 1009 1987 parum
1056 1913 1423 1988 intelligatur
1474 1915 1589 1971 nisi
1649 1931 1761 1989 per
1810 1930 2053 1973 sensum
2102 1915 2285 1990 spiri-

173 2012 400 2071 tualem
449 2013 610 2088 ejus,
665 2028 774 2070 seu
822 2028 934 2088 per
979 2012 1306 2071 doctrinam
1359 2031 1434 2072 ex
1468 2013 1587 2073 illis
1638 2017 1739 2089 qui
1783 2017 1845 2072 in
1889 2015 2287 2074 illustratione

171 2113 434 2172 fuerunt.
489 2110 666 2190 Quod
696 2111 1084 2172 Tentationes
1112 2115 1341 2183 attinet,
1378 2115 1438 2171 in
1460 2113 1598 2172 illas
1625 2115 1790 2173 venit
1814 2115 2009 2186 homo,
2048 2113 2287 2191 quando

65 2219 76 2226 ·
171 2214 518 2276 immittitur.
539 2217 601 2272 in
636 2228 810 2270 suum
843 2213 1177 2310 propriuQ
1217 2219 1361 2271 tunc
1398 2215 1553 2273 enim
1589 2229 1659 2272 se
1698 2212 2025 2290 adjungunt
2060 2216 2117 2274 ei
2152 2215 2285 2290 spi·-

173 2314 329 2370 ritus
377 2313 452 2372 ab
486 2314 714 2372 inferno
756 2313 857 2387 qui
901 2314 962 2370 in
1007 2312 1176 2371 falsis
1211 2315 1488 2389 principii
1536 2313 1669 2390 ejus
1721 2320 1861 2372 sunt
1909 2321 1984 2372 et·
2014 2317 2073 2373 in
2109 2313 2285 2373 malis

172 2415 402 2470 amoris
438 2413 594 2488 eJus‚
647 2419 706 2472 et
741 2416 946 2470 tenent
981 2413 1113 2489 ejus
1149 2414 1541 2489 cogitationes
1592 2415 1651 2471 in
1687 2414 1837 2489 illis,
1895 2421 1955 2472 at
1989 2396 2300 2473 Dominus

173 2514 358 2567 tenet
391 2511 518 2587 ejus
549 2515 928 2590 cogitationes
977 2515 1040 2570 in
1073 2514 1232 2572 veris
1281 2531 1437 2588 quae
1486 2512 1655 2588 fidei,
1714 2522 1775 2574 et
1822 2517 1887 2573 in
1918 2514 2091 2572 bonis
2128 2531 2285 2588 quae

171 2609 524 2685 charitatis,
581 2619 638 2671 et
669 2616 809 2689 quia
843 2619 983 2672 tunc
1020 2629 1257 2692 quoque
1285 2613 1515 2689 jugiter
1562 2612 1635 2673 de
1672 2613 1867 2673 salute
1905 2620 1967 2672 et
2002 2613 2075 2671 de
2114 2611 2285 2670 coelo

173 2712 429 2786 cogitat,
481 2712 618 2772 inde
655 2714 785 2790 ejus
849 2716 1119 2772 anxietas
1179 2715 1395 2772 mentis
1440 2715 1713 2787 interior,
1769 2720 1829 2773 et
1870 2713 2007 2772 inde
2059 2727 2283 2787 pugna,

174 2827 331 2886 quae
381 2820 630 2870 vocatur
676 2815 952 2872 tentatio:
1010 2819 1072 2870 at
1106 2829 1250 2874 vero
1281 2812 1385 2870 'illi
1432 2815 1533 2889 qui
1568 2831 1685 2872 non
1718 2815 1779 2870 in
1812 2812 1973 2870 veris
2012 2817 2072 2870 et
2104 2810 2276 2868 bonis

172 2916 341 2980 sunt,
377 2914 461 2970 ita
495 2930 613 2971 non
647 2914 708 2970 in
743 2913 944 2989 aliqua
977 2913 1094 2972 fide
1132 2929 1208 2972 ex
1243 2912 1563 2983 charitate,
1599 2929 1715 2972 non
1757 2913 1991 2970 immitti
2024 2916 2281 2989 possunt

171 3012 234 3067 in
269 3014 664 3086 tentationeS,
719 3012 866 3071 nihil
915 3015 1070 3072 enim
1122 3012 1284 3089 apud
1330 3012 1469 3070 illos
1524 3020 1621 3071 est
1665 3012 1823 3088 quod
1868 3018 2099 3090 pugnat
2146 3028 2281 3070 cum

171 3109 340 3169 falsis
378 3118 439 3170 et
471 3111 674 3187 malis3
727 3112 866 3184 inde
903 3117 998 3171 est
1032 3113 1192 3188 quod
1225 3113 1401 3172 hodie
1454 3114 1633 3188 pauci
1668 3115 1785 3171 sint
1822 3115 1922 3189 qui
1958 3119 2280 3186 tentantur,

174 3215 234 3267 ct
267 3211 405 3269 inde
435 3211 594 3289 quoii
621 3229 833 3288 parum
863 3215 1087 3270 sciatur
1123 3213 1265 3289 quid
1296 3211 1575 3270 Tentatio
1602 3211 1959 3289 spiritualis:
1996 3213 2107 3272 sed
2131 3212 2283 3271 haec

171 3307 408 3384 plenius
445 3313 720 3387 exposita
753 3318 895 3370 sunt
929 3313 1288 3394 inrAncfflrs
1321 3309 1759 3383 Coannsmus,
1796 3331 1872 3372 ex
1908 3311 2124 3389 quibus
2154 3312 2282 3372 col-

171 3407 325 3468 lecta
375 3410 692 3470 videantur
734 3413 802 3496 in
844 3412 1170 3471 Docwunu
1221 3410 1441 3471 Novar:
1489 3413 1976 3472 Hmnosommun
2024 3432 2093 3470 n:
2142 3415 2169 3469 1
2192 3414 2279 3469 96
2306 3417 2327 3438 “

173 3506 247 3565 ad
285 3513 448 3569 201.

323 3612 488 3667 247.
543 3611 691 3671 Zelo
730 3628 841 3688 age
879 3627 1022 3687 ergo
1071 3616 1130 3669 et
1175 3612 1499 3687 resipisce,
1554 3611 1713 3686 quod
1760 3609 2052 3684 significet
2103 3612 2170 3664 ut
2204 3609 2285 3665 sit

171 3705 285 3766 illis
323 3708 604 3784 charitas,
645 3717 878 3770 constat
915 3729 988 3769 ex
1024 3710 1455 3787 significatione
1493 3711 1624 3769 zelo
1662 3725 1861 3785 agere,
1900 3707 2058 3784 quod
2093 3709 2170 3764 sit
2208 3723 2285 3766 ex

171 3805 476 3866 affectione
514 3811 839 3886 spirituali,
894 3811 1046 3869 haec
1085 3813 1238 3868 enim
1289 3816 1384 3869 est
1416 3810 1587 3869 zelus
1634 3811 1695 3868 in
1748 3805 2041 3883 spirituali
2075 3822 2276 3876 sensu,

171 3910 230 3962 ct
263 3909 406 3982 quia
444 3909 705 3969 charitas
743 3916 837 3969 est
871 3913 1007 3986 ipsa
1039 3909 1144 3968 illa
1178 3909 1444 3983 affectio,
1481 3908 1617 3967 ideo
1655 3908 1869 3966 dicitur
1904 3905 2035 3964 zelo
2071 3921 2183 3980 age
2220 3910 2285 3962 et

173 4007 478 4083 resipisce,
518 4015 580 4068 et
613 4028 724 4087 per
750 4009 812 4068 id
846 4010 1212 4086 significatur
1247 4016 1314 4068 ut
1351 4010 1430 4066 sit
1462 4008 1581 4066 illis
1620 4008 1908 4068 charitas:
1962 4011 2286 4083 praeterea

171 4120 338 4164 nemo
385 4109 446 4164 in
482 4112 870 4169 tentationem
919 4108 1288 4186 spiritualem
1335 4110 1703 4178 immittitur,
1756 4108 1872 4167 nisi
1920 4109 2093 4166 sitin
2130 4105 2279 4166 affe-

173 4205 357 4266 ctione
395 4209 695 4285 spirituali
741 4228 898 4288 quae
937 4209 1210 4270 Charitas
1259 4214 1512 4268 vocatur
1522 4228 1539 4286 3
1593 4209 1709 4268 nisi
1757 4210 1817 4266 in
1853 4207 1958 4266 illa
1992 4210 2099 4282 slt,
2164 4225 2281 4266 non
2320 4212 2481 4276 [272]
