2700 4792
355 393 592 448 CAPUT
633 391 998 460 QUARTUM.
1133 371 1145 382 ‘
1744 391 1953 448 vsu&
1998 403 2051 454 8.
2210 406 2319 459 499

187 553 322 614 VI:
371 557 428 611 1.
473 556 536 612 2.
575 554 612 613 3
631 572 646 625 ;
685 567 796 628 per
833 549 1148 628 Seraphim
1183 549 1282 610 hle
1316 549 1537 610 similia
1572 550 1984 628 significantur
2022 567 2175 629 quae
2210 571 2322 630 pei·

185 653 546 727 Cherubos3
603 659 664 712 et
713 669 824 729 per
859 650 1168 710 Thronum
1214 649 1403 710 altum
1450 655 1513 708 et
1545 649 1768 710 elatum
1783 695 1801 724 ,
1855 651 2143 712 Divinum
2176 670 2323 730 pro-

181 753 421 833 cedens
451 771 528 814 ex
555 771 672 830 quo
702 751 982 826 Coelum3
1020 768 1130 828 per
1155 749 1419 810 fimbrias
1447 767 1603 827 quae
1629 749 1962 828 implebant
1982 751 2321 830 Templum,

181 854 570 932 significatur
613 852 899 912 Divinum
945 851 1175 911 Verum
1223 851 1554 928 procedens
1606 869 1646 908 a
1694 851 1949 911 Domino
2002 854 2063 910 in
2098 852 2324 914 ultimis

181 954 372 1016 Coeli
406 959 468 1015 et
499 956 566 1012 in
594 954 898 1028 Ecclesia3
939 969 1047 1029 per
1083 951 1216 1011 alas
1251 950 1473 1028 quibus
1511 950 1755 1030 tegebat
1789 951 1977 1012 facies
2012 959 2075 1012 et
2107 953 2317 1030 pedes,

179 1064 258 1116 et
296 1054 512 1131 quibus
566 1053 810 1114 volabat
826 1097 842 1126 ,
901 1051 1271 1130 significatur
1305 1051 1589 1111 Divinum
1638 1051 1951 1129 spirituale
2012 1054 2075 1112 in
2108 1055 2318 1130 primis

183 1164 262 1215 et
287 1157 348 1214 in
371 1153 597 1214 ultimis
613 1197 629 1226 ,
669 1161 730 1216 et
756 1155 1026 1212 extensio
1054 1152 1187 1228 ejus
1213 1151 1632 1232 undequaque,
1662 1155 1747 1212 ita
1772 1151 2312 1230 omnipraesentia;
2358 1160 2516 1225 [329]

181 1275 312 1334 per
377 1254 636 1315 Sanctus
713 1252 972 1314 Sanctus
1045 1251 1331 1326 Sanctus,
1396 1253 1767 1329 significatur
1826 1251 2313 1329 Sanctissimum3

185 1354 361 1434 quod
393 1355 508 1416 hoe
544 1357 622 1414 sit
655 1355 940 1414 Divinum
973 1351 1202 1414 Verum
1239 1352 1399 1429 quod
1430 1352 1641 1430 implet
1676 1355 1900 1427 omnia,
1950 1354 2317 1430 significatur

181 1475 311 1535 per
347 1455 504 1531 quod
539 1453 848 1534 plenitudo
883 1459 1082 1514 terrae
1119 1452 1310 1530 gloria
1342 1453 1577 1530 Ipsius,
1634 1454 1793 1532 quod
1830 1453 2037 1514 Gloria
2084 1456 2165 1514 sit
2195 1454 2314 1514 Di-

187 1561 404 1617 vinum
444 1556 706 1631 Verum,
759 1554 1035 1614 videatur
1081 1569 1266 1630 supra
1312 1571 1383 1612 n:
1428 1553 1547 1629 333
1606 1560 1666 1614 et
1714 1552 1875 1631 quod
1905 1553 2197 1614 Dominus
2234 1558 2316 1614 sit

183 1657 365 1718 solus
395 1655 684 1732 Sanetus3
741 1661 802 1715 et
835 1654 999 1732 quod
1025 1652 1309 1714 Sanctum
1345 1652 1578 1713 dicatur
1614 1654 1689 1714 de
1717 1654 1936 1714 Divino
1961 1654 2126 1716 Vero
2156 1654 2317 1738 quod

185 1757 468 1836 procedit
503 1757 580 1818 ab
613 1755 777 1833 Ipso,
815 1757 995 1816 etiam
1029 1771 1218 1832 supra
1251 1773 1323 1814 n:
1368 1755 1531 1813 204.

354 1859 514 1918 286.
571 1857 864 1916 Dominus
890 1856 1060 1916 Deus
1099 1855 1524 1933 Omnipotens,
1561 1855 1679 1932 Qui
1718 1863 1847 1914 erat
1886 1862 1947 1916 et
1976 1854 2097 1931 Qui
2123 1862 2219 1916 est
2254 1863 2315 1915 et

191 1959 318 2035 Qui
353 1965 672 2031 venturus,
714 1955 874 2038 quod
907 1955 1202 2034 significet
1239 1954 1359 2032 Qui
1392 1953 1665 2016 Infinitus
1708 1964 1767 2015 et
1792 1958 2131 2027 Asterum,
2164 1972 2312 2016 con-

191 2066 317 2118 stat
375 2077 452 2118 ex
499 2057 930 2136 significatione
968 2055 1406 2133 omnipotentis
1426 2099 1443 2125 ,
1498 2057 1659 2132 quod
1709 2059 1789 2116 sit
1824 2055 1987 2134 quod
2017 2055 2313 2132 Infinitus,

189 2131 276 2218 fio
311 2177 429 2236 qua
461 2160 762 2236 sequitui-3
817 2163 879 2218 et
913 2173 988 2216 ex
1023 2155 1453 2234 significatione
1490 2155 1610 2232 Qui
1644 2164 1777 2216 erat
1812 2157 1933 2232 Qui
1968 2164 2065 2216 est
2100 2163 2161 2216 et
2196 2155 2319 2234 Qui

194 2265 511 2333 venturus,
552 2257 710 2337 quod
745 2259 823 2316 sit
858 2256 1018 2335 quod
1053 2257 1387 2325 Aeternus‚
1422 2255 1497 2315 de
1536 2273 1657 2333 qua
1680 2271 1870 2332 supra
1905 2275 1974 2317 n:
2007 2259 2119 2318 23.
2160 2255 2314 2318 Sunt

203 2355 321 2415 duo
359 2375 508 2434 quae
546 2358 622 2419 de
661 2358 802 2418 Solo
841 2357 1148 2428 Jehovah,
1183 2357 1296 2416 hoc
1333 2362 1463 2430 est,
1500 2356 1763 2415 Domino
1793 2354 2133 2432 praedicari
2166 2372 2317 2434 pos·-
2435 2397 2441 2406 -

197 2464 368 2528 sunt,
405 2475 617 2538 nempe
642 2459 946 2519 Infinitum
979 2465 1042 2518 et
1067 2459 1421 2532 Aeternum,
1459 2455 1757 2517 Infinitum
1794 2456 1869 2516 de
1903 2455 2105 2534 Ipsius
2134 2454 2308 2529 Esse,

195 2557 357 2633 quod
393 2567 486 2619 est
519 2561 801 2620 Divinum
837 2557 1071 2618 Bonum
1106 2558 1310 2618 Divini
1337 2559 1575 2617 Amoris
1602 2557 1834 2634 Ipsius,
1868 2556 2199 2616 Aeternum
2236 2555 2313 2614 de

189 2659 396 2735 Ipsius
433 2659 714 2720 Existere
763 2677 837 2719 ex
883 2658 990 2718 illo
1029 2660 1213 2734 Esse,
1269 2658 1432 2734 quod
1484 2666 1578 2718 est
1611 2658 1898 2718 Divinum
1934 2655 2158 2717 Verum
2194 2655 2309 2715 Di-

191 2761 377 2820 vinae
417 2759 770 2837 Sapientiae
804 2758 1036 2836 Ipsius3
1089 2758 1242 2818 haee
1279 2758 1397 2817 duo
1434 2768 1577 2822 sunt
1607 2758 1832 2819 Divina
1862 2760 1925 2818 in
1959 2772 2054 2816 set
2111 2773 2189 2816 ex
2220 2755 2315 2816 his

193 2858 438 2920 duobus
471 2859 834 2923 Universum
869 2869 964 2919 est
997 2866 1279 2933 creatum,
1319 2865 1688 2938 quapropter
1724 2861 1905 2920 etiam
1936 2859 1995 2917 in
2020 2856 2315 2919 Universo

189 2962 397 3020 omnia
430 2977 498 3020 se
533 2960 804 3021 referunt
835 2960 915 3019 ad
936 2960 1157 3020 bonum
1193 2965 1254 3020 et
1279 2959 1360 3017 ad
1385 2975 1613 3033 verum,
1649 2965 1713 3020 et
1742 2959 1963 3020 bonum
1996 2956 2193 3018 ubivis
2224 2964 2320 3018 est

189 3062 350 3120 Esse
387 3063 494 3137 rei,
531 3076 603 3120 ae
628 3060 857 3121 Verum
893 3067 989 3121 est
1019 3060 1294 3120 Existere
1330 3058 1500 3139 inde3
1554 3059 1665 3122 sed
1696 3059 1850 3120 haec
1885 3059 2002 3120 duo
2035 3061 2097 3119 in
2122 3059 2316 3120 omni·

183 3161 305 3220 bus
336 3159 624 3222 Universi
657 3167 798 3222 sunt
829 3161 1014 3220 finita.
1076 3158 1225 3220 Inde
1261 3167 1387 3231 est,
1424 3162 1587 3236 quod
1618 3161 1716 3220 hic
1754 3161 1987 3221 dicatur
2020 3160 2316 3221 Dominus

181 3261 390 3330 DeuS,
445 3259 744 3320 Dominus
781 3263 936 3320 enim
975 3259 1272 3338 signifieat
1304 3259 1589 3322 Divinum
1624 3261 1859 3320 Bonum
1893 3261 2100 3320 Divini
2126 3260 2315 3320 Amo-

181 3363 310 3433 ris,
373 3377 444 3420 ae
479 3359 650 3422 Deus
686 3361 970 3422 Divinum
1004 3359 1234 3422 Verum
1267 3359 1525 3421 Divinae
1564 3359 1937 3436 Sapientiae:
1994 3359 2153 3437 quod
2200 3360 2317 3420 Je-

177 3459 392 3520 hovah
443 3462 507 3520 in
543 3459 748 3522 Verbo
799 3461 1034 3522 dicatur
1065 3460 1361 3522 Dominus
1414 3477 1490 3519 ex
1524 3460 1747 3522 Divino
1781 3460 1982 3534 Bono,
2037 3457 2315 3520 videatur

177 3579 248 3621 n:
296 3561 512 3620 4973.
559 3561 770 3622 9167.
819 3564 1040 3637 91943
1095 3577 1167 3622 ae
1201 3560 1372 3620 Deus
1408 3577 1485 3620 ex
1518 3559 1735 3620 Divino
1772 3558 1954 3633 Vero,
1991 3575 2050 3616 n:
2094 3558 2310 3619 2586.

182 3661 404 3721 2769.
457 3661 670 3721 2807.
727 3665 949 3722 2822.
1015 3663 1226 3720 3921.
1287 3663 1506 3721 4287.
1559 3661 1773 3720 4402.
1836 3659 2047 3718 7010.
2093 3658 2311 3718 9167.

173 3760 274 3820 Ex
309 3759 404 3820 his
441 3766 645 3837 patet,
703 3761 867 3838 quod
900 3761 1294 3838 Omnipotens
1329 3761 1628 3840 significet
1660 3759 1995 3828 Infinitum,
2049 3763 2112 3817 et
2148 3757 2312 3836 quod

177 3860 306 3936 Qui
339 3867 470 3921 erat
506 3859 626 3937 Qui
660 3869 754 3922 est
789 3869 850 3922 et
885 3860 1002 3938 Qui
1038 3867 1328 3922 venturus
1364 3863 1662 3940 significet
1694 3854 2046 3922 Aeternum.

343 3963 506 4022 287.
562 3959 762 4024 Vei-s:
805 3964 866 4022 9.
909 3963 1020 4021 10.
1069 3963 1177 4018 11.
1267 3959 1367 4021 Et
1427 3980 1572 4024 oum
1620 3960 1930 4024 dederunt
1970 3955 2313 4022 Animalia

173 4057 466 4137 gloriam
522 4065 584 4121 et
618 4059 911 4124 honorem
959 4064 1021 4120 et
1055 4058 1430 4138 ⁸aratiamtm
1479 4061 1790 4124 actionem
1826 4058 2087 4123 Sedenti
2124 4079 2315 4141 cuper

182 4156 459 4236 Thrmw,
509 4159 762 4224 Viventi
783 4161 856 4223 in
881 4155 1137 4221 saecula
1165 4155 1565 4222 saeculorum
1576 4179 1606 4234 ,·
1634 4159 2053 4241 procidebant
2078 4159 2317 4242 viyinti

173 4264 236 4318 et
269 4263 546 4338 quatuor
582 4258 877 4323 Seniores
917 4275 1128 4322 eoram
1166 4255 1431 4320 Sedente
1468 4277 1661 4338 super
1710 4257 1965 4322 The-ono
1983 4303 2001 4330 ‚
2054 4265 2114 4320 et
2150 4258 2309 4320 ado-

262 4360 270 4370 ·
326 4391 334 4398 .
1820 4361 1908 4418 32
1948 4351 1987 4394 Φ
