<?xml version="1.0" encoding="UTF-8"?>
<!DOCTYPE html PUBLIC "-//W3C//DTD XHTML 1.0 Transitional//EN"
    "http://www.w3.org/TR/xhtml1/DTD/xhtml1-transitional.dtd">
<html xmlns="http://www.w3.org/1999/xhtml" xml:lang="en" lang="en">
 <head>
  <title>
</title>
<meta http-equiv="Content-Type" content="text/html;charset=utf-8" />
  <meta name='ocr-system' content='tesseract 3.04.00' />
  <meta name='ocr-capabilities' content='ocr_page ocr_carea ocr_par ocr_line ocrx_word'/>
</head>
<body>
  <div class='ocr_page' id='page_1' title='image "./apocalypsisexpl01unkngoog_0237.png"; bbox 0 0 2700 4792; ppageno 0'>
   <div class='ocr_carea' id='block_1_1' title="bbox 353 337 2309 408">
    <p class='ocr_par' dir='ltr' id='par_1_1' title="bbox 353 337 2309 408">
     <span class='ocr_line' id='line_1_1' title="bbox 353 337 2309 408; baseline 0.004 -11"><span class='ocrx_word' id='word_1_1' title='bbox 353 339 590 398; x_wconf 84' lang='lat' dir='ltr'>CAPUT</span> <span class='ocrx_word' id='word_1_2' title='bbox 633 339 1042 399; x_wconf 77' lang='lat' dir='ltr'><strong>SECUNDUM.</strong></span> <span class='ocrx_word' id='word_1_3' title='bbox 1687 337 1867 398; x_wconf 76' lang='lat' dir='ltr'>VERS</span> <span class='ocrx_word' id='word_1_4' title='bbox 1891 363 1905 396; x_wconf 69' lang='grc' dir='ltr'><strong>ε</strong></span> <span class='ocrx_word' id='word_1_5' title='bbox 1948 353 2041 408; x_wconf 73' lang='grc'><strong>26.</strong></span> <span class='ocrx_word' id='word_1_6' title='bbox 2198 356 2309 408; x_wconf 75' lang='grc'><strong>233</strong></span> 
     </span>
    </p>
   </div>
   <div class='ocr_carea' id='block_1_2' title="bbox 184 499 2313 878">
    <p class='ocr_par' dir='ltr' id='par_1_2' title="bbox 189 499 2313 662">
     <span class='ocr_line' id='line_1_2' title="bbox 191 499 2313 581; baseline 0.002 -21"><span class='ocrx_word' id='word_1_7' title='bbox 191 520 270 560; x_wconf 82' lang='lat' dir='ltr'><strong>ex</strong></span> <span class='ocrx_word' id='word_1_8' title='bbox 305 501 746 578; x_wconf 82' lang='lat' dir='ltr'><strong>significatione</strong></span> <span class='ocrx_word' id='word_1_9' title='bbox 785 499 976 560; x_wconf 89' lang='lat' dir='ltr'><strong>donec</strong></span> <span class='ocrx_word' id='word_1_10' title='bbox 1012 503 1204 576; x_wconf 86' lang='lat' dir='ltr'><strong>venio,</strong></span> <span class='ocrx_word' id='word_1_11' title='bbox 1244 501 1405 578; x_wconf 87' lang='lat' dir='ltr'><strong>quod</strong></span> <span class='ocrx_word' id='word_1_12' title='bbox 1439 504 1519 561; x_wconf 86' lang='lat' dir='ltr'><strong>sit</strong></span> <span class='ocrx_word' id='word_1_13' title='bbox 1552 503 1831 575; x_wconf 76' lang='lat' dir='ltr'><strong>visitatiO,</strong></span> <span class='ocrx_word' id='word_1_14' title='bbox 1862 502 1935 563; x_wconf 87' lang='lat' dir='ltr'><strong>de</strong></span> <span class='ocrx_word' id='word_1_15' title='bbox 1972 521 2093 579; x_wconf 89' lang='lat' dir='ltr'><strong>qua</strong></span> <span class='ocrx_word' id='word_1_16' title='bbox 2124 521 2313 581; x_wconf 84' lang='lat' dir='ltr'><strong>supra</strong></span> 
     </span>
     <span class='ocr_line' id='line_1_3' title="bbox 189 604 480 662; baseline -0.007 0"><span class='ocrx_word' id='word_1_17' title='bbox 189 621 263 662; x_wconf 85' lang='lat' dir='ltr'><strong>n:</strong></span> <span class='ocrx_word' id='word_1_18' title='bbox 315 605 346 659; x_wconf 93' lang='lat'>1</span> <span class='ocrx_word' id='word_1_19' title='bbox 367 604 480 661; x_wconf 88' lang='grc'><strong>44.</strong></span> 
     </span>
    </p>

    <p class='ocr_par' dir='ltr' id='par_1_3' title="bbox 184 702 2313 878">
     <span class='ocr_line' id='line_1_4' title="bbox 353 702 2311 781; baseline 0.003 -22"><span class='ocrx_word' id='word_1_20' title='bbox 353 705 384 759; x_wconf 89' lang='lat'>1</span> <span class='ocrx_word' id='word_1_21' title='bbox 409 703 518 760; x_wconf 70' lang='lat'><strong>74.</strong></span> <span class='ocrx_word' id='word_1_22' title='bbox 598 703 675 760; x_wconf 87' lang='lat' dir='ltr'><strong>Et</strong></span> <span class='ocrx_word' id='word_1_23' title='bbox 725 704 970 760; x_wconf 81' lang='lat' dir='ltr'><strong>vincens</strong></span> <span class='ocrx_word' id='word_1_24' title='bbox 1023 707 1086 760; x_wconf 91' lang='lat' dir='ltr'><strong>et</strong></span> <span class='ocrx_word' id='word_1_25' title='bbox 1123 702 1466 761; x_wconf 82' lang='lat' dir='ltr'><strong>custodiens</strong></span> <span class='ocrx_word' id='word_1_26' title='bbox 1520 718 1713 779; x_wconf 87' lang='lat' dir='ltr'><strong>usque</strong></span> <span class='ocrx_word' id='word_1_27' title='bbox 1768 702 1844 760; x_wconf 90' lang='lat' dir='ltr'><strong>ad</strong></span> <span class='ocrx_word' id='word_1_28' title='bbox 1896 702 2072 762; x_wconf 87' lang='lat' dir='ltr'><strong>finem</strong></span> <span class='ocrx_word' id='word_1_29' title='bbox 2124 721 2311 781; x_wconf 80' lang='lat' dir='ltr'><strong>opera</strong></span> 
     </span>
     <span class='ocr_line' id='line_1_5' title="bbox 184 800 2313 878; baseline 0 -16"><span class='ocrx_word' id='word_1_30' title='bbox 184 819 331 862; x_wconf 87' lang='lat' dir='ltr'><strong>mea</strong></span> <span class='ocrx_word' id='word_1_31' title='bbox 344 846 362 877; x_wconf 90' lang='lat'><strong><em>,</em></strong></span> <span class='ocrx_word' id='word_1_32' title='bbox 423 801 586 877; x_wconf 80' lang='lat' dir='ltr'><strong>quod</strong></span> <span class='ocrx_word' id='word_1_33' title='bbox 633 800 926 878; x_wconf 86' lang='lat' dir='ltr'><strong>significet</strong></span> <span class='ocrx_word' id='word_1_34' title='bbox 973 805 1114 878; x_wconf 87' lang='lat' dir='ltr'><strong>post</strong></span> <span class='ocrx_word' id='word_1_35' title='bbox 1161 819 1425 878; x_wconf 84' lang='lat' dir='ltr'><strong>pugnam</strong></span> <span class='ocrx_word' id='word_1_36' title='bbox 1477 807 1685 862; x_wconf 85' lang='lat' dir='ltr'><strong>contra</strong></span> <span class='ocrx_word' id='word_1_37' title='bbox 1730 801 1865 860; x_wconf 87' lang='lat' dir='ltr'><strong>illos</strong></span> <span class='ocrx_word' id='word_1_38' title='bbox 1920 820 2185 878; x_wconf 69' lang='lat' dir='ltr'><strong>amores»,</strong></span> <span class='ocrx_word' id='word_1_39' title='bbox 2250 811 2313 864; x_wconf 85' lang='lat' dir='ltr'><strong>et</strong></span> 
     </span>
    </p>
   </div>
   <div class='ocr_carea' id='block_1_3' title="bbox 81 901 2311 977">
    <p class='ocr_par' dir='ltr' id='par_1_4' title="bbox 81 901 2311 977">
     <span class='ocr_line' id='line_1_6' title="bbox 81 901 2311 977; baseline -0.001 -13"><span class='ocrx_word' id='word_1_40' title='bbox 81 937 92 948; x_wconf 84' lang='lat'><strong>·</strong></span> <span class='ocrx_word' id='word_1_41' title='bbox 184 903 588 964; x_wconf 75' lang='lat' dir='ltr'><strong>remotionem</strong></span> <span class='ocrx_word' id='word_1_42' title='bbox 654 901 891 960; x_wconf 88' lang='lat' dir='ltr'><strong>illorum</strong></span> <span class='ocrx_word' id='word_1_43' title='bbox 963 906 1250 977; x_wconf 88' lang='lat' dir='ltr'><strong>quantum</strong></span> <span class='ocrx_word' id='word_1_44' title='bbox 1319 907 1555 977; x_wconf 85' lang='lat' dir='ltr'><strong>potest,</strong></span> <span class='ocrx_word' id='word_1_45' title='bbox 1633 905 2181 977; x_wconf 78' lang='lat' dir='ltr'><strong>perseverationem</strong></span> <span class='ocrx_word' id='word_1_46' title='bbox 2248 907 2311 962; x_wconf 87' lang='lat' dir='ltr'><strong>in</strong></span> 
     </span>
    </p>
   </div>
   <div class='ocr_carea' id='block_1_4' title="bbox 184 1000 2315 1679">
    <p class='ocr_par' dir='ltr' id='par_1_5' title="bbox 184 1000 2315 1679">
     <span class='ocr_line' id='line_1_7' title="bbox 185 1000 2315 1078; baseline -0.001 -16"><span class='ocrx_word' id='word_1_47' title='bbox 185 1019 402 1062; x_wconf 86' lang='lat' dir='ltr'><strong>amore</strong></span> <span class='ocrx_word' id='word_1_48' title='bbox 456 1007 518 1060; x_wconf 83' lang='lat' dir='ltr'><strong>et</strong></span> <span class='ocrx_word' id='word_1_49' title='bbox 567 1001 712 1076; x_wconf 88' lang='lat' dir='ltr'><strong>fide,</strong></span> <span class='ocrx_word' id='word_1_50' title='bbox 779 1007 1012 1060; x_wconf 88' lang='lat' dir='ltr'><strong>constat</strong></span> <span class='ocrx_word' id='word_1_51' title='bbox 1065 1018 1140 1059; x_wconf 83' lang='lat' dir='ltr'><strong>ex</strong></span> <span class='ocrx_word' id='word_1_52' title='bbox 1203 1000 1633 1078; x_wconf 83' lang='lat' dir='ltr'><strong>significatione</strong></span> <span class='ocrx_word' id='word_1_53' title='bbox 1694 1003 1971 1071; x_wconf 82' lang='lat' dir='ltr'><strong>vincere,</strong></span> <span class='ocrx_word' id='word_1_54' title='bbox 2025 1002 2184 1076; x_wconf 90' lang='lat' dir='ltr'><strong>quod</strong></span> <span class='ocrx_word' id='word_1_55' title='bbox 2235 1006 2315 1061; x_wconf 85' lang='lat' dir='ltr'><strong>sit</strong></span> 
     </span>
     <span class='ocr_line' id='line_1_8' title="bbox 189 1100 2307 1180; baseline 0 -20"><span class='ocrx_word' id='word_1_56' title='bbox 189 1118 472 1180; x_wconf 86' lang='lat' dir='ltr'><strong>pugnare</strong></span> <span class='ocrx_word' id='word_1_57' title='bbox 509 1107 718 1160; x_wconf 85' lang='lat' dir='ltr'><strong>contra</strong></span> <span class='ocrx_word' id='word_1_58' title='bbox 745 1101 1016 1178; x_wconf 83' lang='lat' dir='ltr'><strong>jucunda</strong></span> <span class='ocrx_word' id='word_1_59' title='bbox 1050 1118 1320 1160; x_wconf 86' lang='lat' dir='ltr'><strong>amorum</strong></span> <span class='ocrx_word' id='word_1_60' title='bbox 1357 1104 1451 1159; x_wconf 86' lang='lat' dir='ltr'><strong>sui</strong></span> <span class='ocrx_word' id='word_1_61' title='bbox 1488 1107 1547 1160; x_wconf 91' lang='lat' dir='ltr'><strong>et</strong></span> <span class='ocrx_word' id='word_1_62' title='bbox 1581 1100 1815 1170; x_wconf 89' lang='lat' dir='ltr'><strong>mundi,</strong></span> <span class='ocrx_word' id='word_1_63' title='bbox 1865 1117 1935 1161; x_wconf 88' lang='lat' dir='ltr'><strong>ac</strong></span> <span class='ocrx_word' id='word_1_64' title='bbox 1968 1101 2075 1160; x_wconf 85' lang='lat' dir='ltr'><strong>illa</strong></span> <span class='ocrx_word' id='word_1_65' title='bbox 2108 1119 2307 1161; x_wconf 88' lang='lat' dir='ltr'><strong>remo·-</strong></span> 
     </span>
     <span class='ocr_line' id='line_1_9' title="bbox 187 1200 2309 1284; baseline 0 -24"><span class='ocrx_word' id='word_1_66' title='bbox 187 1219 374 1278; x_wconf 80' lang='lat' dir='ltr'><strong>vere3</strong></span> <span class='ocrx_word' id='word_1_67' title='bbox 426 1201 589 1284; x_wconf 90' lang='lat' dir='ltr'><strong>quod</strong></span> <span class='ocrx_word' id='word_1_68' title='bbox 637 1201 734 1260; x_wconf 90' lang='lat' dir='ltr'><strong>hic</strong></span> <span class='ocrx_word' id='word_1_69' title='bbox 781 1217 998 1260; x_wconf 87' lang='lat' dir='ltr'><strong>sensus</strong></span> <span class='ocrx_word' id='word_1_70' title='bbox 1045 1200 1374 1278; x_wconf 84' lang='lat' dir='ltr'><strong>spiritualis</strong></span> <span class='ocrx_word' id='word_1_71' title='bbox 1408 1200 1645 1260; x_wconf 89' lang='lat' dir='ltr'><strong>illorum</strong></span> <span class='ocrx_word' id='word_1_72' title='bbox 1679 1201 1996 1260; x_wconf 79' lang='lat' dir='ltr'><strong>verborum</strong></span> <span class='ocrx_word' id='word_1_73' title='bbox 2043 1205 2153 1274; x_wconf 82' lang='lat' dir='ltr'><strong>ait,</strong></span> <span class='ocrx_word' id='word_1_74' title='bbox 2207 1220 2309 1262; x_wconf 88' lang='lat' dir='ltr'><strong>se-</strong></span> 
     </span>
     <span class='ocr_line' id='line_1_10' title="bbox 189 1301 2309 1378; baseline 0 -17"><span class='ocrx_word' id='word_1_75' title='bbox 189 1305 403 1378; x_wconf 88' lang='lat' dir='ltr'><strong>quitur</strong></span> <span class='ocrx_word' id='word_1_76' title='bbox 437 1319 514 1362; x_wconf 86' lang='lat' dir='ltr'><strong>ex</strong></span> <span class='ocrx_word' id='word_1_77' title='bbox 549 1303 737 1376; x_wconf 84' lang='lat' dir='ltr'><strong>serie3</strong></span> <span class='ocrx_word' id='word_1_78' title='bbox 783 1306 844 1360; x_wconf 91' lang='lat' dir='ltr'><strong>et</strong></span> <span class='ocrx_word' id='word_1_79' title='bbox 880 1317 955 1360; x_wconf 82' lang='lat' dir='ltr'><strong>ex</strong></span> <span class='ocrx_word' id='word_1_80' title='bbox 983 1301 1415 1377; x_wconf 85' lang='lat' dir='ltr'><strong>significatione</strong></span> <span class='ocrx_word' id='word_1_81' title='bbox 1442 1301 1742 1360; x_wconf 85' lang='lat' dir='ltr'><strong>custodire</strong></span> <span class='ocrx_word' id='word_1_82' title='bbox 1771 1318 1964 1378; x_wconf 85' lang='lat' dir='ltr'><strong>usque</strong></span> <span class='ocrx_word' id='word_1_83' title='bbox 2002 1302 2078 1360; x_wconf 85' lang='lat' dir='ltr'><strong>ad</strong></span> <span class='ocrx_word' id='word_1_84' title='bbox 2112 1302 2309 1378; x_wconf 85' lang='lat' dir='ltr'><strong>finem,</strong></span> 
     </span>
     <span class='ocr_line' id='line_1_11' title="bbox 187 1401 2313 1479; baseline -0 -17"><span class='ocrx_word' id='word_1_85' title='bbox 187 1402 358 1479; x_wconf 89' lang='lat' dir='ltr'><strong>quod</strong></span> <span class='ocrx_word' id='word_1_86' title='bbox 393 1403 474 1460; x_wconf 84' lang='lat' dir='ltr'><strong>sit</strong></span> <span class='ocrx_word' id='word_1_87' title='bbox 510 1403 922 1477; x_wconf 81' lang='lat' dir='ltr'><strong>perseveratio</strong></span> <span class='ocrx_word' id='word_1_88' title='bbox 959 1418 1151 1478; x_wconf 88' lang='lat' dir='ltr'><strong>usque</strong></span> <span class='ocrx_word' id='word_1_89' title='bbox 1196 1401 1272 1459; x_wconf 83' lang='lat' dir='ltr'><strong>ad</strong></span> <span class='ocrx_word' id='word_1_90' title='bbox 1307 1408 1591 1475; x_wconf 88' lang='lat' dir='ltr'><strong>mortem,</strong></span> <span class='ocrx_word' id='word_1_91' title='bbox 1642 1419 1781 1461; x_wconf 86' lang='lat' dir='ltr'><strong>nam</strong></span> <span class='ocrx_word' id='word_1_92' title='bbox 1818 1405 1919 1477; x_wconf 90' lang='lat' dir='ltr'><strong>qui</strong></span> <span class='ocrx_word' id='word_1_93' title='bbox 1960 1411 2313 1479; x_wconf 86' lang='lat' dir='ltr'><strong>perseverat</strong></span> 
     </span>
     <span class='ocr_line' id='line_1_12' title="bbox 187 1500 2309 1579; baseline -0.001 -17"><span class='ocrx_word' id='word_1_94' title='bbox 187 1520 390 1579; x_wconf 87' lang='lat' dir='ltr'><strong>usque</strong></span> <span class='ocrx_word' id='word_1_95' title='bbox 429 1503 506 1560; x_wconf 86' lang='lat' dir='ltr'><strong>ad</strong></span> <span class='ocrx_word' id='word_1_96' title='bbox 541 1507 788 1560; x_wconf 83' lang='lat' dir='ltr'><strong>mortem</strong></span> <span class='ocrx_word' id='word_1_97' title='bbox 837 1503 899 1560; x_wconf 89' lang='lat' dir='ltr'><strong>in</strong></span> <span class='ocrx_word' id='word_1_98' title='bbox 935 1518 1138 1562; x_wconf 84' lang='lat' dir='ltr'><strong>amore</strong></span> <span class='ocrx_word' id='word_1_99' title='bbox 1175 1508 1236 1560; x_wconf 87' lang='lat' dir='ltr'><strong>et</strong></span> <span class='ocrx_word' id='word_1_100' title='bbox 1269 1500 1419 1573; x_wconf 87' lang='lat' dir='ltr'><strong>fide,</strong></span> <span class='ocrx_word' id='word_1_101' title='bbox 1474 1503 1525 1560; x_wconf 89' lang='lat' dir='ltr'><strong>is</strong></span> <span class='ocrx_word' id='word_1_102' title='bbox 1562 1501 1865 1572; x_wconf 84' lang='lat' dir='ltr'><strong>salvatur,</strong></span> <span class='ocrx_word' id='word_1_103' title='bbox 1907 1509 2107 1561; x_wconf 84' lang='lat' dir='ltr'><strong>manet</strong></span> <span class='ocrx_word' id='word_1_104' title='bbox 2152 1506 2309 1563; x_wconf 86' lang='lat' dir='ltr'><strong>enim</strong></span> 
     </span>
     <span class='ocr_line' id='line_1_13' title="bbox 184 1600 2311 1679; baseline 0 -18"><span class='ocrx_word' id='word_1_105' title='bbox 184 1610 414 1679; x_wconf 83' lang='lat' dir='ltr'><strong>postea</strong></span> <span class='ocrx_word' id='word_1_106' title='bbox 448 1604 512 1660; x_wconf 89' lang='lat' dir='ltr'><strong>in</strong></span> <span class='ocrx_word' id='word_1_107' title='bbox 552 1608 892 1676; x_wconf 84' lang='lat' dir='ltr'><strong>aeternum,</strong></span> <span class='ocrx_word' id='word_1_108' title='bbox 951 1603 1144 1678; x_wconf 85' lang='lat' dir='ltr'><strong>qualis</strong></span> <span class='ocrx_word' id='word_1_109' title='bbox 1187 1600 1387 1678; x_wconf 85' lang='lat' dir='ltr'><strong>quoad</strong></span> <span class='ocrx_word' id='word_1_110' title='bbox 1430 1618 1663 1662; x_wconf 89' lang='lat' dir='ltr'><strong>omnem</strong></span> <span class='ocrx_word' id='word_1_111' title='bbox 1716 1619 1887 1660; x_wconf 89' lang='lat' dir='ltr'><strong>suam</strong></span> <span class='ocrx_word' id='word_1_112' title='bbox 1938 1605 2120 1662; x_wconf 82' lang='lat' dir='ltr'><strong>vitam</strong></span> <span class='ocrx_word' id='word_1_113' title='bbox 2168 1610 2311 1661; x_wconf 87' lang='lat' dir='ltr'><strong>tunc</strong></span> 
     </span>
    </p>
   </div>
   <div class='ocr_carea' id='block_1_5' title="bbox 185 1702 2421 1782">
    <p class='ocr_par' dir='ltr' id='par_1_6' title="bbox 185 1702 2421 1782">
     <span class='ocr_line' id='line_1_14' title="bbox 185 1702 2421 1782; baseline -0 -19"><span class='ocrx_word' id='word_1_114' title='bbox 185 1709 318 1774; x_wconf 89' lang='lat' dir='ltr'><strong>est,</strong></span> <span class='ocrx_word' id='word_1_115' title='bbox 384 1702 665 1762; x_wconf 78' lang='lat' dir='ltr'><strong>videatur</strong></span> <span class='ocrx_word' id='word_1_116' title='bbox 722 1719 908 1779; x_wconf 87' lang='lat' dir='ltr'><strong>supra</strong></span> <span class='ocrx_word' id='word_1_117' title='bbox 963 1719 1032 1761; x_wconf 91' lang='lat' dir='ltr'><strong>n:</strong></span> <span class='ocrx_word' id='word_1_118' title='bbox 1089 1704 1259 1775; x_wconf 83' lang='lat'>1253</span> <span class='ocrx_word' id='word_1_119' title='bbox 1313 1707 1374 1759; x_wconf 85' lang='lat' dir='ltr'><strong>et</strong></span> <span class='ocrx_word' id='word_1_120' title='bbox 1426 1719 1501 1761; x_wconf 82' lang='lat' dir='ltr'><strong>ex</strong></span> <span class='ocrx_word' id='word_1_121' title='bbox 1550 1702 1982 1778; x_wconf 87' lang='lat' dir='ltr'><strong>significatione</strong></span> <span class='ocrx_word' id='word_1_122' title='bbox 2038 1721 2305 1779; x_wconf 86' lang='lat' dir='ltr'><strong>operum,</strong></span> <span class='ocrx_word' id='word_1_123' title='bbox 2404 1761 2421 1782; x_wconf 57' lang='grc'><strong>,</strong></span> 
     </span>
    </p>
   </div>
   <div class='ocr_carea' id='block_1_6' title="bbox 183 1801 2311 2180">
    <p class='ocr_par' dir='ltr' id='par_1_7' title="bbox 183 1801 2311 2180">
     <span class='ocr_line' id='line_1_15' title="bbox 187 1801 2309 1880; baseline 0 -18"><span class='ocrx_word' id='word_1_124' title='bbox 187 1803 354 1880; x_wconf 86' lang='lat' dir='ltr'><strong>quod</strong></span> <span class='ocrx_word' id='word_1_125' title='bbox 392 1803 510 1860; x_wconf 89' lang='lat' dir='ltr'><strong>sint</strong></span> <span class='ocrx_word' id='word_1_126' title='bbox 546 1801 654 1860; x_wconf 88' lang='lat' dir='ltr'><strong>illa</strong></span> <span class='ocrx_word' id='word_1_127' title='bbox 688 1820 842 1879; x_wconf 85' lang='lat' dir='ltr'><strong>quae</strong></span> <span class='ocrx_word' id='word_1_128' title='bbox 873 1810 1012 1860; x_wconf 87' lang='lat' dir='ltr'><strong>sunt</strong></span> <span class='ocrx_word' id='word_1_129' title='bbox 1048 1805 1266 1861; x_wconf 84' lang='lat' dir='ltr'><strong>amoris</strong></span> <span class='ocrx_word' id='word_1_130' title='bbox 1307 1807 1369 1859; x_wconf 90' lang='lat' dir='ltr'><strong>et</strong></span> <span class='ocrx_word' id='word_1_131' title='bbox 1401 1801 1537 1861; x_wconf 88' lang='lat' dir='ltr'><strong>fidei</strong></span> <span class='ocrx_word' id='word_1_132' title='bbox 1572 1804 1632 1860; x_wconf 89' lang='lat' dir='ltr'><strong>in</strong></span> <span class='ocrx_word' id='word_1_133' title='bbox 1668 1818 1855 1862; x_wconf 86' lang='lat' dir='ltr'><strong>causa</strong></span> <span class='ocrx_word' id='word_1_134' title='bbox 1892 1809 1953 1862; x_wconf 86' lang='lat' dir='ltr'><strong>et</strong></span> <span class='ocrx_word' id='word_1_135' title='bbox 1986 1805 2047 1862; x_wconf 90' lang='lat' dir='ltr'><strong>in</strong></span> <span class='ocrx_word' id='word_1_136' title='bbox 2074 1803 2309 1872; x_wconf 87' lang='lat' dir='ltr'><strong>effectu,</strong></span> 
     </span>
     <span class='ocr_line' id='line_1_16' title="bbox 186 1901 2309 1980; baseline 0 -18"><span class='ocrx_word' id='word_1_137' title='bbox 186 1921 304 1964; x_wconf 85' lang='lat' dir='ltr'><strong>seu</strong></span> <span class='ocrx_word' id='word_1_138' title='bbox 341 1904 404 1960; x_wconf 89' lang='lat' dir='ltr'><strong>in</strong></span> <span class='ocrx_word' id='word_1_139' title='bbox 437 1903 687 1962; x_wconf 86' lang='lat' dir='ltr'><strong>internis</strong></span> <span class='ocrx_word' id='word_1_140' title='bbox 725 1909 786 1961; x_wconf 89' lang='lat' dir='ltr'><strong>et</strong></span> <span class='ocrx_word' id='word_1_141' title='bbox 818 1905 878 1960; x_wconf 88' lang='lat' dir='ltr'><strong>in</strong></span> <span class='ocrx_word' id='word_1_142' title='bbox 917 1904 1213 1978; x_wconf 83' lang='lat' dir='ltr'><strong>externis3</strong></span> <span class='ocrx_word' id='word_1_143' title='bbox 1255 1901 1415 1977; x_wconf 85' lang='lat' dir='ltr'><strong>quod</strong></span> <span class='ocrx_word' id='word_1_144' title='bbox 1449 1902 1602 1963; x_wconf 87' lang='lat' dir='ltr'><strong>haec</strong></span> <span class='ocrx_word' id='word_1_145' title='bbox 1636 1920 1746 1980; x_wconf 85' lang='lat' dir='ltr'><strong>per</strong></span> <span class='ocrx_word' id='word_1_146' title='bbox 1772 1920 1958 1978; x_wconf 83' lang='lat' dir='ltr'><strong>opera</strong></span> <span class='ocrx_word' id='word_1_147' title='bbox 1992 1902 2089 1963; x_wconf 86' lang='lat' dir='ltr'><strong>hic</strong></span> <span class='ocrx_word' id='word_1_148' title='bbox 2118 1906 2309 1980; x_wconf 86' lang='lat' dir='ltr'><strong>signi-</strong></span> 
     </span>
     <span class='ocr_line' id='line_1_17' title="bbox 185 2003 2311 2080; baseline -0 -17"><span class='ocrx_word' id='word_1_149' title='bbox 185 2005 476 2079; x_wconf 86' lang='lat' dir='ltr'><strong>ficentur,</strong></span> <span class='ocrx_word' id='word_1_150' title='bbox 519 2009 612 2062; x_wconf 88' lang='lat' dir='ltr'><strong>cst</strong></span> <span class='ocrx_word' id='word_1_151' title='bbox 652 2004 794 2078; x_wconf 90' lang='lat' dir='ltr'><strong>quia</strong></span> <span class='ocrx_word' id='word_1_152' title='bbox 841 2003 914 2061; x_wconf 89' lang='lat' dir='ltr'><strong>de</strong></span> <span class='ocrx_word' id='word_1_153' title='bbox 957 2003 1076 2062; x_wconf 89' lang='lat' dir='ltr'><strong>illis</strong></span> <span class='ocrx_word' id='word_1_154' title='bbox 1121 2005 1182 2061; x_wconf 90' lang='lat' dir='ltr'><strong>in</strong></span> <span class='ocrx_word' id='word_1_155' title='bbox 1227 2004 1469 2078; x_wconf 85' lang='lat' dir='ltr'><strong>scriptis</strong></span> <span class='ocrx_word' id='word_1_156' title='bbox 1512 2003 1590 2062; x_wconf 85' lang='lat' dir='ltr'><strong>ad</strong></span> <span class='ocrx_word' id='word_1_157' title='bbox 1628 2003 1926 2079; x_wconf 86' lang='lat' dir='ltr'><strong>Angelum</strong></span> <span class='ocrx_word' id='word_1_158' title='bbox 1963 2003 2145 2080; x_wconf 87' lang='lat' dir='ltr'><strong>hujus</strong></span> <span class='ocrx_word' id='word_1_159' title='bbox 2186 2004 2311 2062; x_wconf 89' lang='lat' dir='ltr'><strong>Ec-</strong></span> 
     </span>
     <span class='ocr_line' id='line_1_18' title="bbox 183 2103 2308 2180; baseline -0 -17"><span class='ocrx_word' id='word_1_160' title='bbox 183 2105 418 2164; x_wconf 84' lang='lat' dir='ltr'><strong>clesiae</strong></span> <span class='ocrx_word' id='word_1_161' title='bbox 469 2105 696 2180; x_wconf 87' lang='lat' dir='ltr'><strong>agitur,</strong></span> <span class='ocrx_word' id='word_1_162' title='bbox 758 2103 1036 2162; x_wconf 82' lang='lat' dir='ltr'><strong>videatur</strong></span> <span class='ocrx_word' id='word_1_163' title='bbox 1084 2120 1270 2179; x_wconf 85' lang='lat' dir='ltr'><strong>supra</strong></span> <span class='ocrx_word' id='word_1_164' title='bbox 1319 2121 1391 2161; x_wconf 85' lang='lat' dir='ltr'><strong>n:</strong></span> <span class='ocrx_word' id='word_1_165' title='bbox 1452 2106 1481 2161; x_wconf 93' lang='lat'>1</span> <span class='ocrx_word' id='word_1_166' title='bbox 1504 2104 1613 2163; x_wconf 84' lang='lat'><strong>50.</strong></span> <span class='ocrx_word' id='word_1_167' title='bbox 1682 2103 1921 2162; x_wconf 86' lang='lat' dir='ltr'><strong>Dicitur</strong></span> <span class='ocrx_word' id='word_1_168' title='bbox 1968 2103 2308 2163; x_wconf 80' lang='lat' dir='ltr'><strong>custodiens</strong></span> 
     </span>
    </p>
   </div>
   <div class='ocr_carea' id='block_1_7' title="bbox 187 2202 2317 2284">
    <p class='ocr_par' dir='ltr' id='par_1_8' title="bbox 187 2202 2317 2284">
     <span class='ocr_line' id='line_1_19' title="bbox 187 2202 2317 2284; baseline -0.001 -20"><span class='ocrx_word' id='word_1_169' title='bbox 187 2221 386 2284; x_wconf 78' lang='lat' dir='ltr'><strong>opera</strong></span> <span class='ocrx_word' id='word_1_170' title='bbox 432 2222 598 2279; x_wconf 82' lang='lat' dir='ltr'><strong>mea,</strong></span> <span class='ocrx_word' id='word_1_171' title='bbox 666 2205 808 2280; x_wconf 86' lang='lat' dir='ltr'><strong>quia</strong></span> <span class='ocrx_word' id='word_1_172' title='bbox 854 2221 1026 2262; x_wconf 88' lang='lat' dir='ltr'><strong>omne</strong></span> <span class='ocrx_word' id='word_1_173' title='bbox 1076 2205 1293 2262; x_wconf 85' lang='lat' dir='ltr'><strong>amoris</strong></span> <span class='ocrx_word' id='word_1_174' title='bbox 1349 2211 1409 2262; x_wconf 85' lang='lat' dir='ltr'><strong>et</strong></span> <span class='ocrx_word' id='word_1_175' title='bbox 1473 2202 1637 2277; x_wconf 87' lang='lat' dir='ltr'><strong>fidei,</strong></span> <span class='ocrx_word' id='word_1_176' title='bbox 1704 2209 1763 2262; x_wconf 90' lang='lat' dir='ltr'><strong>et</strong></span> <span class='ocrx_word' id='word_1_177' title='bbox 1814 2206 2004 2260; x_wconf 88' lang='lat' dir='ltr'><strong>omnis</strong></span> <span class='ocrx_word' id='word_1_178' title='bbox 2058 2205 2317 2280; x_wconf 83' lang='lat' dir='ltr'><strong>aperitio-</strong></span> 
     </span>
    </p>
   </div>
   <div class='ocr_carea' id='block_1_8' title="bbox 172 2301 2310 4286">
    <p class='ocr_par' dir='ltr' id='par_1_9' title="bbox 185 2301 2310 2581">
     <span class='ocr_line' id='line_1_20' title="bbox 189 2301 2306 2382; baseline -0.001 -18"><span class='ocrx_word' id='word_1_179' title='bbox 189 2305 420 2364; x_wconf 89' lang='lat' dir='ltr'><strong>Interni</strong></span> <span class='ocrx_word' id='word_1_180' title='bbox 469 2311 530 2363; x_wconf 87' lang='lat' dir='ltr'><strong>et</strong></span> <span class='ocrx_word' id='word_1_181' title='bbox 575 2304 708 2382; x_wconf 87' lang='lat' dir='ltr'><strong>ejus</strong></span> <span class='ocrx_word' id='word_1_182' title='bbox 763 2304 1099 2382; x_wconf 87' lang='lat' dir='ltr'><strong>conjunctio</strong></span> <span class='ocrx_word' id='word_1_183' title='bbox 1146 2321 1278 2363; x_wconf 90' lang='lat' dir='ltr'><strong>cum</strong></span> <span class='ocrx_word' id='word_1_184' title='bbox 1323 2305 1586 2363; x_wconf 80' lang='lat' dir='ltr'><strong>Externo</strong></span> <span class='ocrx_word' id='word_1_185' title='bbox 1632 2310 1727 2362; x_wconf 86' lang='lat' dir='ltr'><strong>est</strong></span> <span class='ocrx_word' id='word_1_186' title='bbox 1769 2321 1807 2360; x_wconf 93' lang='lat' dir='ltr'><strong>a</strong></span> <span class='ocrx_word' id='word_1_187' title='bbox 1841 2301 1981 2362; x_wconf 87' lang='lat' dir='ltr'><strong>Solo</strong></span> <span class='ocrx_word' id='word_1_188' title='bbox 2017 2303 2306 2378; x_wconf 79' lang='lat' dir='ltr'><strong>Domin03</strong></span> 
     </span>
     <span class='ocr_line' id='line_1_21' title="bbox 185 2403 2310 2481; baseline -0.001 -17"><span class='ocrx_word' id='word_1_189' title='bbox 185 2404 330 2464; x_wconf 87' lang='lat' dir='ltr'><strong>inde</strong></span> <span class='ocrx_word' id='word_1_190' title='bbox 369 2421 582 2481; x_wconf 86' lang='lat' dir='ltr'><strong>opera,</strong></span> <span class='ocrx_word' id='word_1_191' title='bbox 637 2421 748 2480; x_wconf 87' lang='lat' dir='ltr'><strong>per</strong></span> <span class='ocrx_word' id='word_1_192' title='bbox 783 2421 936 2479; x_wconf 84' lang='lat' dir='ltr'><strong>quae</strong></span> <span class='ocrx_word' id='word_1_193' title='bbox 964 2403 1070 2464; x_wconf 87' lang='lat' dir='ltr'><strong>illa</strong></span> <span class='ocrx_word' id='word_1_194' title='bbox 1107 2404 1530 2480; x_wconf 85' lang='lat' dir='ltr'><strong>significantur,</strong></span> <span class='ocrx_word' id='word_1_195' title='bbox 1578 2421 1695 2461; x_wconf 91' lang='lat' dir='ltr'><strong>non</strong></span> <span class='ocrx_word' id='word_1_196' title='bbox 1739 2409 1877 2461; x_wconf 88' lang='lat' dir='ltr'><strong>sunt</strong></span> <span class='ocrx_word' id='word_1_197' title='bbox 1910 2403 2163 2463; x_wconf 83' lang='lat' dir='ltr'><strong>hominis</strong></span> <span class='ocrx_word' id='word_1_198' title='bbox 2201 2404 2310 2463; x_wconf 85' lang='lat' dir='ltr'><strong>sed</strong></span> 
     </span>
     <span class='ocr_line' id='line_1_22' title="bbox 191 2502 2137 2581; baseline -0.001 -17"><span class='ocrx_word' id='word_1_199' title='bbox 191 2505 446 2564; x_wconf 81' lang='lat' dir='ltr'><strong>Domini</strong></span> <span class='ocrx_word' id='word_1_200' title='bbox 481 2504 639 2580; x_wconf 84' lang='lat' dir='ltr'><strong>apud</strong></span> <span class='ocrx_word' id='word_1_201' title='bbox 676 2504 872 2580; x_wconf 84' lang='lat' dir='ltr'><strong>illum,</strong></span> <span class='ocrx_word' id='word_1_202' title='bbox 919 2504 1058 2564; x_wconf 84' lang='lat' dir='ltr'><strong>inde</strong></span> <span class='ocrx_word' id='word_1_203' title='bbox 1103 2511 1198 2564; x_wconf 83' lang='lat' dir='ltr'><strong>est</strong></span> <span class='ocrx_word' id='word_1_204' title='bbox 1235 2503 1395 2581; x_wconf 89' lang='lat' dir='ltr'><strong>quod</strong></span> <span class='ocrx_word' id='word_1_205' title='bbox 1431 2504 1704 2562; x_wconf 86' lang='lat' dir='ltr'><strong>dicantur</strong></span> <span class='ocrx_word' id='word_1_206' title='bbox 1748 2502 1951 2579; x_wconf 82' lang='lat' dir='ltr'><strong>Opera</strong></span> <span class='ocrx_word' id='word_1_207' title='bbox 1985 2520 2137 2563; x_wconf 87' lang='lat' dir='ltr'><strong>mea.</strong></span> 
     </span>
    </p>

    <p class='ocr_par' dir='ltr' id='par_1_10' title="bbox 172 2603 2307 4286">
     <span class='ocr_line' id='line_1_23' title="bbox 361 2603 2303 2682; baseline 0 -21"><span class='ocrx_word' id='word_1_208' title='bbox 361 2605 392 2661; x_wconf 91' lang='lat'>1</span> <span class='ocrx_word' id='word_1_209' title='bbox 414 2605 520 2663; x_wconf 80' lang='lat'><strong>75.</strong></span> <span class='ocrx_word' id='word_1_210' title='bbox 583 2605 658 2664; x_wconf 88' lang='lat' dir='ltr'><strong>Et</strong></span> <span class='ocrx_word' id='word_1_211' title='bbox 691 2603 848 2664; x_wconf 88' lang='lat' dir='ltr'><strong>dabo</strong></span> <span class='ocrx_word' id='word_1_212' title='bbox 882 2604 970 2662; x_wconf 90' lang='lat' dir='ltr'><strong>illi</strong></span> <span class='ocrx_word' id='word_1_213' title='bbox 1003 2611 1369 2682; x_wconf 86' lang='lat' dir='ltr'><strong>potestatem</strong></span> <span class='ocrx_word' id='word_1_214' title='bbox 1404 2621 1591 2680; x_wconf 83' lang='lat' dir='ltr'><strong>super</strong></span> <span class='ocrx_word' id='word_1_215' title='bbox 1625 2609 1867 2680; x_wconf 79' lang='lat' dir='ltr'><strong>genteS,</strong></span> <span class='ocrx_word' id='word_1_216' title='bbox 1919 2603 2078 2677; x_wconf 90' lang='lat' dir='ltr'><strong>quod</strong></span> <span class='ocrx_word' id='word_1_217' title='bbox 2114 2604 2303 2679; x_wconf 82' lang='lat' dir='ltr'><strong>signi-</strong></span> 
     </span>
     <span class='ocr_line' id='line_1_24' title="bbox 188 2702 2306 2782; baseline 0 -20"><span class='ocrx_word' id='word_1_218' title='bbox 188 2704 335 2764; x_wconf 84' lang='lat' dir='ltr'><strong>ficet</strong></span> <span class='ocrx_word' id='word_1_219' title='bbox 370 2703 528 2780; x_wconf 87' lang='lat' dir='ltr'><strong>quod</strong></span> <span class='ocrx_word' id='word_1_220' title='bbox 572 2719 754 2782; x_wconf 81' lang='lat' dir='ltr'><strong>super</strong></span> <span class='ocrx_word' id='word_1_221' title='bbox 785 2704 946 2764; x_wconf 87' lang='lat' dir='ltr'><strong>mala</strong></span> <span class='ocrx_word' id='word_1_222' title='bbox 989 2705 1151 2782; x_wconf 87' lang='lat' dir='ltr'><strong>apud</strong></span> <span class='ocrx_word' id='word_1_223' title='bbox 1197 2722 1296 2780; x_wconf 84' lang='lat' dir='ltr'><strong>se,</strong></span> <span class='ocrx_word' id='word_1_224' title='bbox 1356 2722 1511 2782; x_wconf 88' lang='lat' dir='ltr'><strong>quae</strong></span> <span class='ocrx_word' id='word_1_225' title='bbox 1550 2711 1693 2764; x_wconf 88' lang='lat' dir='ltr'><strong>tunc</strong></span> <span class='ocrx_word' id='word_1_226' title='bbox 1730 2721 1767 2761; x_wconf 85' lang='lat' dir='ltr'><strong>a</strong></span> <span class='ocrx_word' id='word_1_227' title='bbox 1798 2702 2055 2761; x_wconf 89' lang='lat' dir='ltr'><strong>Domino</strong></span> <span class='ocrx_word' id='word_1_228' title='bbox 2092 2702 2306 2762; x_wconf 82' lang='lat' dir='ltr'><strong>discu-</strong></span> 
     </span>
     <span class='ocr_line' id='line_1_25' title="bbox 189 2803 2307 2882; baseline -0.001 -18"><span class='ocrx_word' id='word_1_229' title='bbox 189 2808 431 2880; x_wconf 82' lang='lat' dir='ltr'><strong>tientur,</strong></span> <span class='ocrx_word' id='word_1_230' title='bbox 483 2811 716 2864; x_wconf 87' lang='lat' dir='ltr'><strong>constat</strong></span> <span class='ocrx_word' id='word_1_231' title='bbox 753 2823 826 2866; x_wconf 83' lang='lat' dir='ltr'><strong>ex</strong></span> <span class='ocrx_word' id='word_1_232' title='bbox 865 2805 1295 2882; x_wconf 77' lang='lat' dir='ltr'><strong>significatione</strong></span> <span class='ocrx_word' id='word_1_233' title='bbox 1336 2807 1619 2882; x_wconf 81' lang='lat' dir='ltr'><strong>gentium,</strong></span> <span class='ocrx_word' id='word_1_234' title='bbox 1668 2804 1826 2881; x_wconf 92' lang='lat' dir='ltr'><strong>quod</strong></span> <span class='ocrx_word' id='word_1_235' title='bbox 1863 2805 1982 2862; x_wconf 89' lang='lat' dir='ltr'><strong>sint</strong></span> <span class='ocrx_word' id='word_1_236' title='bbox 2015 2803 2191 2879; x_wconf 84' lang='lat' dir='ltr'><strong>mala,</strong></span> <span class='ocrx_word' id='word_1_237' title='bbox 2233 2803 2307 2862; x_wconf 88' lang='lat' dir='ltr'><strong>de</strong></span> 
     </span>
     <span class='ocr_line' id='line_1_26' title="bbox 191 2903 2298 2983; baseline -0 -19"><span class='ocrx_word' id='word_1_238' title='bbox 191 2923 310 2982; x_wconf 89' lang='lat' dir='ltr'><strong>qua</strong></span> <span class='ocrx_word' id='word_1_239' title='bbox 337 2907 644 2981; x_wconf 82' lang='lat' dir='ltr'><strong>sequitur3</strong></span> <span class='ocrx_word' id='word_1_240' title='bbox 683 2911 744 2965; x_wconf 90' lang='lat' dir='ltr'><strong>et</strong></span> <span class='ocrx_word' id='word_1_241' title='bbox 780 2924 856 2966; x_wconf 80' lang='lat' dir='ltr'><strong>ex</strong></span> <span class='ocrx_word' id='word_1_242' title='bbox 887 2906 1318 2983; x_wconf 85' lang='lat' dir='ltr'><strong>significatione</strong></span> <span class='ocrx_word' id='word_1_243' title='bbox 1349 2905 1493 2965; x_wconf 86' lang='lat' dir='ltr'><strong>dare</strong></span> <span class='ocrx_word' id='word_1_244' title='bbox 1530 2911 1889 2983; x_wconf 86' lang='lat' dir='ltr'><strong>potestatem</strong></span> <span class='ocrx_word' id='word_1_245' title='bbox 1924 2920 2110 2982; x_wconf 89' lang='lat' dir='ltr'><strong>super</strong></span> <span class='ocrx_word' id='word_1_246' title='bbox 2142 2903 2298 2980; x_wconf 87' lang='lat' dir='ltr'><strong>illas,</strong></span> 
     </span>
     <span class='ocr_line' id='line_1_27' title="bbox 189 3004 2305 3089; baseline 0 -25"><span class='ocrx_word' id='word_1_247' title='bbox 189 3005 350 3089; x_wconf 89' lang='lat' dir='ltr'><strong>quod</strong></span> <span class='ocrx_word' id='word_1_248' title='bbox 383 3008 464 3064; x_wconf 89' lang='lat' dir='ltr'><strong>sit</strong></span> <span class='ocrx_word' id='word_1_249' title='bbox 489 3006 649 3081; x_wconf 90' lang='lat' dir='ltr'><strong>quod</strong></span> <span class='ocrx_word' id='word_1_250' title='bbox 681 3006 803 3079; x_wconf 83' lang='lat' dir='ltr'><strong>illa,</strong></span> <span class='ocrx_word' id='word_1_251' title='bbox 849 3025 1066 3083; x_wconf 84' lang='lat' dir='ltr'><strong>nempe</strong></span> <span class='ocrx_word' id='word_1_252' title='bbox 1103 3007 1292 3081; x_wconf 86' lang='lat' dir='ltr'><strong>mala,</strong></span> <span class='ocrx_word' id='word_1_253' title='bbox 1335 3013 1475 3065; x_wconf 89' lang='lat' dir='ltr'><strong>tunc</strong></span> <span class='ocrx_word' id='word_1_254' title='bbox 1504 3025 1543 3064; x_wconf 84' lang='lat' dir='ltr'><strong>a</strong></span> <span class='ocrx_word' id='word_1_255' title='bbox 1574 3005 1831 3066; x_wconf 88' lang='lat' dir='ltr'><strong>Domino</strong></span> <span class='ocrx_word' id='word_1_256' title='bbox 1876 3004 2305 3081; x_wconf 85' lang='lat' dir='ltr'><strong>discutientur3</strong></span> 
     </span>
     <span class='ocr_line' id='line_1_28' title="bbox 185 3105 2305 3184; baseline 0 -19"><span class='ocrx_word' id='word_1_257' title='bbox 185 3111 553 3182; x_wconf 83' lang='lat' dir='ltr'><strong>potestatem</strong></span> <span class='ocrx_word' id='word_1_258' title='bbox 599 3105 824 3166; x_wconf 83' lang='lat' dir='ltr'><strong>habere</strong></span> <span class='ocrx_word' id='word_1_259' title='bbox 873 3125 1008 3166; x_wconf 88' lang='lat' dir='ltr'><strong>cum</strong></span> <span class='ocrx_word' id='word_1_260' title='bbox 1063 3106 1280 3166; x_wconf 86' lang='lat' dir='ltr'><strong>dicitur</strong></span> <span class='ocrx_word' id='word_1_261' title='bbox 1327 3123 1515 3182; x_wconf 86' lang='lat' dir='ltr'><strong>super</strong></span> <span class='ocrx_word' id='word_1_262' title='bbox 1564 3113 1807 3184; x_wconf 85' lang='lat' dir='ltr'><strong>gentes,</strong></span> <span class='ocrx_word' id='word_1_263' title='bbox 1867 3112 1959 3164; x_wconf 85' lang='lat' dir='ltr'><strong>est</strong></span> <span class='ocrx_word' id='word_1_264' title='bbox 2006 3108 2305 3166; x_wconf 83' lang='lat' dir='ltr'><strong>discutere</strong></span> 
     </span>
     <span class='ocr_line' id='line_1_29' title="bbox 188 3205 2301 3285; baseline 0.001 -20"><span class='ocrx_word' id='word_1_265' title='bbox 188 3223 326 3265; x_wconf 86' lang='lat' dir='ltr'><strong>cum</strong></span> <span class='ocrx_word' id='word_1_266' title='bbox 373 3205 594 3266; x_wconf 87' lang='lat' dir='ltr'><strong>dicitur</strong></span> <span class='ocrx_word' id='word_1_267' title='bbox 639 3206 714 3266; x_wconf 88' lang='lat' dir='ltr'><strong>de</strong></span> <span class='ocrx_word' id='word_1_268' title='bbox 761 3207 964 3282; x_wconf 75' lang='lat' dir='ltr'><strong>malie,</strong></span> <span class='ocrx_word' id='word_1_269' title='bbox 1021 3210 1108 3266; x_wconf 85' lang='lat' dir='ltr'><strong>ita</strong></span> <span class='ocrx_word' id='word_1_270' title='bbox 1153 3223 1336 3266; x_wconf 84' lang='lat' dir='ltr'><strong>voces</strong></span> <span class='ocrx_word' id='word_1_271' title='bbox 1384 3206 1761 3283; x_wconf 83' lang='lat' dir='ltr'><strong>applicantur</strong></span> <span class='ocrx_word' id='word_1_272' title='bbox 1808 3207 1935 3266; x_wconf 86' lang='lat' dir='ltr'><strong>suis</strong></span> <span class='ocrx_word' id='word_1_273' title='bbox 1982 3207 2301 3285; x_wconf 71' lang='lat' dir='ltr'><strong>subJectis3</strong></span> 
     </span>
     <span class='ocr_line' id='line_1_30' title="bbox 190 3306 2307 3382; baseline 0.001 -19"><span class='ocrx_word' id='word_1_274' title='bbox 190 3306 357 3382; x_wconf 86' lang='lat' dir='ltr'><strong>quod</strong></span> <span class='ocrx_word' id='word_1_275' title='bbox 391 3306 790 3366; x_wconf 78' lang='lat' dir='ltr'><strong>discutientur</strong></span> <span class='ocrx_word' id='word_1_276' title='bbox 823 3325 860 3365; x_wconf 84' lang='lat' dir='ltr'><strong>a</strong></span> <span class='ocrx_word' id='word_1_277' title='bbox 894 3308 1186 3376; x_wconf 82' lang='lat' dir='ltr'><strong>Domine,</strong></span> <span class='ocrx_word' id='word_1_278' title='bbox 1237 3312 1330 3366; x_wconf 86' lang='lat' dir='ltr'><strong>est</strong></span> <span class='ocrx_word' id='word_1_279' title='bbox 1367 3309 1508 3382; x_wconf 88' lang='lat' dir='ltr'><strong>quia</strong></span> <span class='ocrx_word' id='word_1_280' title='bbox 1539 3309 1833 3367; x_wconf 87' lang='lat' dir='ltr'><strong>Dominus</strong></span> <span class='ocrx_word' id='word_1_281' title='bbox 1872 3308 2115 3368; x_wconf 81' lang='lat' dir='ltr'><strong>discutit</strong></span> <span class='ocrx_word' id='word_1_282' title='bbox 2147 3307 2307 3366; x_wconf 85' lang='lat' dir='ltr'><strong>mala</strong></span> 
     </span>
     <span class='ocr_line' id='line_1_31' title="bbox 185 3407 2307 3484; baseline -0 -20"><span class='ocrx_word' id='word_1_283' title='bbox 185 3421 308 3482; x_wconf 85' lang='lat' dir='ltr'><strong>per</strong></span> <span class='ocrx_word' id='word_1_284' title='bbox 340 3423 514 3479; x_wconf 76' lang='lat' dir='ltr'><strong>vera,</strong></span> <span class='ocrx_word' id='word_1_285' title='bbox 554 3407 790 3466; x_wconf 82' lang='lat' dir='ltr'><strong>revelat</strong></span> <span class='ocrx_word' id='word_1_286' title='bbox 822 3407 926 3466; x_wconf 88' lang='lat' dir='ltr'><strong>illa</strong></span> <span class='ocrx_word' id='word_1_287' title='bbox 961 3410 1130 3484; x_wconf 84' lang='lat' dir='ltr'><strong>prius</strong></span> <span class='ocrx_word' id='word_1_288' title='bbox 1165 3424 1280 3483; x_wconf 91' lang='lat' dir='ltr'><strong>per</strong></span> <span class='ocrx_word' id='word_1_289' title='bbox 1317 3425 1490 3481; x_wconf 74' lang='lat' dir='ltr'><strong>vera,</strong></span> <span class='ocrx_word' id='word_1_290' title='bbox 1533 3415 1593 3467; x_wconf 86' lang='lat' dir='ltr'><strong>et</strong></span> <span class='ocrx_word' id='word_1_291' title='bbox 1640 3425 1776 3467; x_wconf 90' lang='lat' dir='ltr'><strong>curn</strong></span> <span class='ocrx_word' id='word_1_292' title='bbox 1822 3407 1999 3468; x_wconf 89' lang='lat' dir='ltr'><strong>homo</strong></span> <span class='ocrx_word' id='word_1_293' title='bbox 2036 3408 2307 3482; x_wconf 79' lang='lat' dir='ltr'><strong>agnoscit</strong></span> 
     </span>
     <span class='ocr_line' id='line_1_32' title="bbox 179 3504 2305 3585; baseline -0 -21"><span class='ocrx_word' id='word_1_294' title='bbox 179 3505 291 3564; x_wconf 87' lang='lat' dir='ltr'><strong>illa</strong></span> <span class='ocrx_word' id='word_1_295' title='bbox 299 3549 320 3581; x_wconf 86' lang='lat'>‚</span> <span class='ocrx_word' id='word_1_296' title='bbox 384 3513 528 3566; x_wconf 86' lang='lat' dir='ltr'><strong>tunc</strong></span> <span class='ocrx_word' id='word_1_297' title='bbox 579 3507 874 3566; x_wconf 84' lang='lat' dir='ltr'><strong>Dominus</strong></span> <span class='ocrx_word' id='word_1_298' title='bbox 937 3507 1182 3566; x_wconf 83' lang='lat' dir='ltr'><strong>discutit</strong></span> <span class='ocrx_word' id='word_1_299' title='bbox 1241 3507 1372 3582; x_wconf 86' lang='lat' dir='ltr'><strong>illa,</strong></span> <span class='ocrx_word' id='word_1_300' title='bbox 1440 3508 1600 3585; x_wconf 91' lang='lat' dir='ltr'><strong>quod</strong></span> <span class='ocrx_word' id='word_1_301' title='bbox 1660 3509 1827 3567; x_wconf 82' lang='lat' dir='ltr'><strong>solus</strong></span> <span class='ocrx_word' id='word_1_302' title='bbox 1889 3506 2183 3564; x_wconf 86' lang='lat' dir='ltr'><strong>Dominus</strong></span> <span class='ocrx_word' id='word_1_303' title='bbox 2242 3504 2305 3563; x_wconf 91' lang='lat' dir='ltr'><strong>id</strong></span> 
     </span>
     <span class='ocr_line' id='line_1_33' title="bbox 178 3605 2300 3680; baseline -0.001 -16"><span class='ocrx_word' id='word_1_304' title='bbox 178 3606 396 3680; x_wconf 84' lang='lat' dir='ltr'><strong>faciat,</strong></span> <span class='ocrx_word' id='word_1_305' title='bbox 470 3607 748 3667; x_wconf 76' lang='lat' dir='ltr'><strong>videatur</strong></span> <span class='ocrx_word' id='word_1_306' title='bbox 806 3607 1133 3666; x_wconf 69' lang='lat' dir='ltr'><strong>Dos-mnu</strong></span> <span class='ocrx_word' id='word_1_307' title='bbox 1182 3607 1397 3668; x_wconf 68' lang='lat' dir='ltr'><strong>Noun</strong></span> <span class='ocrx_word' id='word_1_308' title='bbox 1463 3606 1943 3666; x_wconf 68' lang='lat' dir='ltr'><strong>Hmnosonrmm</strong></span> <span class='ocrx_word' id='word_1_309' title='bbox 2006 3621 2075 3662; x_wconf 86' lang='lat' dir='ltr'><strong>n:</strong></span> <span class='ocrx_word' id='word_1_310' title='bbox 2137 3605 2300 3662; x_wconf 82' lang='lat'><strong>200.</strong></span> 
     </span>
     <span class='ocr_line' id='line_1_34' title="bbox 176 3703 2302 3780; baseline -0.001 -16"><span class='ocrx_word' id='word_1_311' title='bbox 176 3704 420 3766; x_wconf 85' lang='lat' dir='ltr'><strong>Pluries</strong></span> <span class='ocrx_word' id='word_1_312' title='bbox 467 3707 530 3764; x_wconf 90' lang='lat' dir='ltr'><strong>in</strong></span> <span class='ocrx_word' id='word_1_313' title='bbox 578 3706 782 3766; x_wconf 89' lang='lat' dir='ltr'><strong>Verbo</strong></span> <span class='ocrx_word' id='word_1_314' title='bbox 832 3713 1210 3766; x_wconf 81' lang='lat' dir='ltr'><strong>nominantur</strong></span> <span class='ocrx_word' id='word_1_315' title='bbox 1248 3707 1475 3768; x_wconf 84' lang='lat' dir='ltr'><strong>Gentes</strong></span> <span class='ocrx_word' id='word_1_316' title='bbox 1530 3713 1591 3765; x_wconf 88' lang='lat' dir='ltr'><strong>et</strong></span> <span class='ocrx_word' id='word_1_317' title='bbox 1633 3703 1880 3780; x_wconf 87' lang='lat' dir='ltr'><strong>Populi,</strong></span> <span class='ocrx_word' id='word_1_318' title='bbox 1936 3710 1999 3761; x_wconf 86' lang='lat' dir='ltr'><strong>et</strong></span> <span class='ocrx_word' id='word_1_319' title='bbox 2034 3705 2135 3778; x_wconf 89' lang='lat' dir='ltr'><strong>qui</strong></span> <span class='ocrx_word' id='word_1_320' title='bbox 2184 3719 2302 3761; x_wconf 86' lang='lat' dir='ltr'><strong>non</strong></span> 
     </span>
     <span class='ocr_line' id='line_1_35' title="bbox 177 3801 2302 3884; baseline -0.001 -21"><span class='ocrx_word' id='word_1_321' title='bbox 177 3807 300 3864; x_wconf 85' lang='lat' dir='ltr'><strong>scit</strong></span> <span class='ocrx_word' id='word_1_322' title='bbox 337 3805 568 3883; x_wconf 89' lang='lat' dir='ltr'><strong>aliquid</strong></span> <span class='ocrx_word' id='word_1_323' title='bbox 604 3806 678 3864; x_wconf 90' lang='lat' dir='ltr'><strong>de</strong></span> <span class='ocrx_word' id='word_1_324' title='bbox 716 3823 900 3866; x_wconf 84' lang='lat' dir='ltr'><strong>sensu</strong></span> <span class='ocrx_word' id='word_1_325' title='bbox 934 3807 1233 3884; x_wconf 84' lang='lat' dir='ltr'><strong>spirituali</strong></span> <span class='ocrx_word' id='word_1_326' title='bbox 1267 3825 1379 3866; x_wconf 87' lang='lat' dir='ltr'><strong>seu</strong></span> <span class='ocrx_word' id='word_1_327' title='bbox 1415 3809 1643 3865; x_wconf 89' lang='lat' dir='ltr'><strong>interno</strong></span> <span class='ocrx_word' id='word_1_328' title='bbox 1672 3801 1875 3876; x_wconf 86' lang='lat' dir='ltr'><strong>Verbi,</strong></span> <span class='ocrx_word' id='word_1_329' title='bbox 1920 3802 2108 3862; x_wconf 88' lang='lat' dir='ltr'><strong>credit</strong></span> <span class='ocrx_word' id='word_1_330' title='bbox 2144 3801 2302 3878; x_wconf 87' lang='lat' dir='ltr'><strong>quod</strong></span> 
     </span>
     <span class='ocr_line' id='line_1_36' title="bbox 172 3902 2305 3984; baseline -0.002 -20"><span class='ocrx_word' id='word_1_331' title='bbox 172 3906 392 3982; x_wconf 86' lang='lat' dir='ltr'><strong>populi</strong></span> <span class='ocrx_word' id='word_1_332' title='bbox 437 3913 498 3966; x_wconf 92' lang='lat' dir='ltr'><strong>et</strong></span> <span class='ocrx_word' id='word_1_333' title='bbox 536 3913 748 3984; x_wconf 84' lang='lat' dir='ltr'><strong>gentes</strong></span> <span class='ocrx_word' id='word_1_334' title='bbox 782 3908 1235 3984; x_wconf 54' lang='lat' dir='ltr'><strong>intelligantur?</strong></span> <span class='ocrx_word' id='word_1_335' title='bbox 1271 3907 1379 3966; x_wconf 87' lang='lat' dir='ltr'><strong>sed</strong></span> <span class='ocrx_word' id='word_1_336' title='bbox 1426 3923 1539 3983; x_wconf 88' lang='lat' dir='ltr'><strong>per</strong></span> <span class='ocrx_word' id='word_1_337' title='bbox 1583 3903 1843 3981; x_wconf 87' lang='lat' dir='ltr'><strong>populos</strong></span> <span class='ocrx_word' id='word_1_338' title='bbox 1892 3902 2305 3980; x_wconf 87' lang='lat' dir='ltr'><strong>intelliguntur</strong></span> 
     </span>
     <span class='ocr_line' id='line_1_37' title="bbox 173 4004 2303 4088; baseline -0.001 -24"><span class='ocrx_word' id='word_1_339' title='bbox 173 4005 266 4064; x_wconf 90' lang='lat' dir='ltr'><strong>illi</strong></span> <span class='ocrx_word' id='word_1_340' title='bbox 302 4007 410 4088; x_wconf 89' lang='lat' dir='ltr'><strong>qui</strong></span> <span class='ocrx_word' id='word_1_341' title='bbox 441 4009 505 4065; x_wconf 88' lang='lat' dir='ltr'><strong>in</strong></span> <span class='ocrx_word' id='word_1_342' title='bbox 541 4007 702 4066; x_wconf 77' lang='lat' dir='ltr'><strong>veris</strong></span> <span class='ocrx_word' id='word_1_343' title='bbox 739 4014 904 4082; x_wconf 88' lang='lat' dir='ltr'><strong>sunt,</strong></span> <span class='ocrx_word' id='word_1_344' title='bbox 953 4015 1060 4066; x_wconf 86' lang='lat' dir='ltr'><strong>aut</strong></span> <span class='ocrx_word' id='word_1_345' title='bbox 1095 4010 1156 4068; x_wconf 87' lang='lat' dir='ltr'><strong>in</strong></span> <span class='ocrx_word' id='word_1_346' title='bbox 1199 4009 1475 4084; x_wconf 87' lang='lat' dir='ltr'><strong>opposito</strong></span> <span class='ocrx_word' id='word_1_347' title='bbox 1514 4021 1697 4065; x_wconf 84' lang='lat' dir='ltr'><strong>sensu</strong></span> <span class='ocrx_word' id='word_1_348' title='bbox 1735 4005 1835 4080; x_wconf 89' lang='lat' dir='ltr'><strong>qui</strong></span> <span class='ocrx_word' id='word_1_349' title='bbox 1886 4005 1945 4062; x_wconf 91' lang='lat' dir='ltr'><strong>in</strong></span> <span class='ocrx_word' id='word_1_350' title='bbox 1982 4004 2183 4073; x_wconf 84' lang='lat' dir='ltr'><strong>falsis,</strong></span> <span class='ocrx_word' id='word_1_351' title='bbox 2232 4020 2303 4062; x_wconf 86' lang='lat' dir='ltr'><strong>ac</strong></span> 
     </span>
     <span class='ocr_line' id='line_1_38' title="bbox 173 4107 2301 4186; baseline 0.001 -23"><span class='ocrx_word' id='word_1_352' title='bbox 173 4123 292 4182; x_wconf 86' lang='lat' dir='ltr'><strong>per</strong></span> <span class='ocrx_word' id='word_1_353' title='bbox 346 4113 558 4182; x_wconf 81' lang='lat' dir='ltr'><strong>gentes</strong></span> <span class='ocrx_word' id='word_1_354' title='bbox 612 4108 1026 4185; x_wconf 81' lang='lat' dir='ltr'><strong>intelliguntur</strong></span> <span class='ocrx_word' id='word_1_355' title='bbox 1079 4109 1170 4168; x_wconf 87' lang='lat' dir='ltr'><strong>illi</strong></span> <span class='ocrx_word' id='word_1_356' title='bbox 1217 4110 1322 4186; x_wconf 88' lang='lat' dir='ltr'><strong>qui</strong></span> <span class='ocrx_word' id='word_1_357' title='bbox 1372 4109 1433 4165; x_wconf 91' lang='lat' dir='ltr'><strong>in</strong></span> <span class='ocrx_word' id='word_1_358' title='bbox 1483 4107 1687 4180; x_wconf 80' lang='lat' dir='ltr'><strong>boniS,</strong></span> <span class='ocrx_word' id='word_1_359' title='bbox 1758 4111 1863 4162; x_wconf 89' lang='lat' dir='ltr'><strong>aut</strong></span> <span class='ocrx_word' id='word_1_360' title='bbox 1914 4107 1975 4164; x_wconf 88' lang='lat' dir='ltr'><strong>in</strong></span> <span class='ocrx_word' id='word_1_361' title='bbox 2028 4108 2301 4182; x_wconf 86' lang='lat' dir='ltr'><strong>opposito</strong></span> 
     </span>
     <span class='ocr_line' id='line_1_39' title="bbox 177 4206 2302 4286; baseline 0 -23"><span class='ocrx_word' id='word_1_362' title='bbox 177 4221 368 4266; x_wconf 84' lang='lat' dir='ltr'><strong>sensu</strong></span> <span class='ocrx_word' id='word_1_363' title='bbox 407 4210 510 4284; x_wconf 88' lang='lat' dir='ltr'><strong>qui</strong></span> <span class='ocrx_word' id='word_1_364' title='bbox 541 4211 604 4268; x_wconf 87' lang='lat' dir='ltr'><strong>in</strong></span> <span class='ocrx_word' id='word_1_365' title='bbox 638 4209 843 4284; x_wconf 84' lang='lat' dir='ltr'><strong>malis3</strong></span> <span class='ocrx_word' id='word_1_366' title='bbox 896 4215 954 4268; x_wconf 83' lang='lat' dir='ltr'><strong>et</strong></span> <span class='ocrx_word' id='word_1_367' title='bbox 993 4225 1128 4268; x_wconf 87' lang='lat' dir='ltr'><strong>cum</strong></span> <span class='ocrx_word' id='word_1_368' title='bbox 1165 4227 1276 4286; x_wconf 88' lang='lat' dir='ltr'><strong>per</strong></span> <span class='ocrx_word' id='word_1_369' title='bbox 1311 4207 1575 4284; x_wconf 87' lang='lat' dir='ltr'><strong>populos</strong></span> <span class='ocrx_word' id='word_1_370' title='bbox 1614 4214 1674 4266; x_wconf 85' lang='lat' dir='ltr'><strong>et</strong></span> <span class='ocrx_word' id='word_1_371' title='bbox 1710 4213 1921 4283; x_wconf 83' lang='lat' dir='ltr'><strong>gentes</strong></span> <span class='ocrx_word' id='word_1_372' title='bbox 1956 4206 2045 4264; x_wconf 89' lang='lat' dir='ltr'><strong>illi</strong></span> <span class='ocrx_word' id='word_1_373' title='bbox 2078 4206 2302 4265; x_wconf 87' lang='lat' dir='ltr'><strong>intelli-</strong></span> 
     </span>
    </p>
   </div>
   <div class='ocr_carea' id='block_1_9' title="bbox 2342 2905 2510 2970">
    <p class='ocr_par' dir='ltr' id='par_1_11' title="bbox 2342 2905 2510 2970">
     <span class='ocr_line' id='line_1_40' title="bbox 2342 2905 2510 2970; baseline 0.006 -1"><span class='ocrx_word' id='word_1_374' title='bbox 2342 2905 2510 2970; x_wconf 73' lang='lat'>[158]</span> 
     </span>
    </p>
   </div>
  </div>
 </body>
</html>
