2700 4792
439 409 548 464 334
828 396 1316 454 APOCALYPsls
1366 395 1799 456 sxrch'rA.
1835 357 1840 361 ’
1876 395 1927 464 5.
1970 404 2099 458 239.

441 564 502 617 et
535 555 750 618 volunt
785 557 942 616 sicut
975 554 1066 614 illi
1083 599 1100 629 ,
1157 557 1439 632 quoniam
1472 557 1561 614 ita
1594 555 2009 631 cogitaverunt
2044 555 2107 612 in
2142 551 2377 626 mundO,
2424 557 2540 630 spi-

441 660 594 716 ritus
633 659 791 716 enim
829 659 890 714 in
924 656 1164 715 homine
1200 661 1294 716 est
1329 658 1434 732 qui
1468 657 1717 732 cogitat:
1754 654 1937 714 aliter*
1954 671 2102 714 vero
2136 655 2227 713 illi
2260 656 2359 730 qui
2382 656 2547 712 vitam

443 759 756 818 charitatis
794 762 1062 833 egerunt.
1115 755 1322 830 Porro,
1368 758 1471 832 qui
1489 755 1755 816 'credunt
1788 771 1856 814 se
1882 755 2253 832 justificatos
2287 770 2421 814 esse
2450 771 2547 830 per

445 857 636 917 solam
684 857 890 930 fidem,
945 861 1162 932 putant
1195 873 1262 916 se
1301 855 1439 916 duci
1492 874 1531 916 a
1561 855 1727 930 De0,
1783 861 1845 916 et
1884 855 2032 914 inde
2078 855 2303 916 bonum
2349 854 2544 928 facere,

441 959 710 1018 dicentes
759 957 920 1034 quod
973 973 1148 1016 onme
1190 955 1413 1016 bonum
1461 974 1499 1014 a
1531 955 1697 1030 Deo,
1754 963 1816 1015 et
1848 955 2005 1014 nihfl
2054 955 2133 1014 ab
2180 956 2443 1024 homine,
2494 958 2547 1012 et

443 1058 604 1136 quod
634 1058 855 1118 bonum
890 1057 1155 1134 alioquin
1189 1057 1344 1116 foret
1377 1057 1771 1131 meritorium,
1826 1073 1953 1114 non
1994 1059 2268 1116 scientes
2304 1054 2455 1130 quod
2482 1053 2545 1112 ab

443 1160 680 1218 homine
717 1175 854 1218 esse
891 1157 1112 1216 debeat
1148 1159 1451 1232 receptio,
1492 1163 1551 1215 et
1578 1156 1741 1232 quod
1771 1159 2042 1234 receptio
2078 1173 2201 1215 non
2228 1154 2434 1218 dabilis
2466 1155 2545 1226 sit,

447 1263 502 1320 si
549 1277 668 1318 non
721 1257 990 1318 attendat
1037 1257 1114 1316 ad
1161 1259 1551 1333 cogitationes
1608 1262 1669 1315 et
1718 1258 2087 1316 intentiones
2138 1273 2285 1315 suas
2334 1261 2391 1314 et
2430 1252 2547 1311 inde

447 1361 644 1434 facta,
685 1365 746 1418 et
779 1365 918 1416 tunc
955 1357 1207 1416 desistat
1242 1374 1280 1414 a
1311 1357 1487 1416 malis
1526 1363 1586 1416 et
1618 1357 1801 1416 faciat
1834 1356 2091 1432 bonum,
2144 1355 2307 1433 quod
2338 1353 2403 1414 fit
2432 1371 2547 1414 cum

447 1466 688 1537 spectat
721 1458 800 1516 ad
833 1475 982 1517 vera
1015 1475 1172 1533 quae
1207 1459 1373 1516 novit
1408 1475 1484 1516 ex
1509 1457 1744 1527 Verbo,
1782 1464 1845 1516 et
1876 1459 2032 1517 vivit
2068 1457 2396 1517 secundum
2424 1453 2545 1513 illa:

447 1560 564 1620 hoc
599 1561 715 1619 nisi
750 1558 883 1632 fiat,
940 1575 1056 1618 non
1093 1566 1188 1616 est
1231 1557 1477 1634 aliquod
1524 1560 1930 1634 reciprocum,
1986 1558 2131 1617 inde
2168 1574 2281 1616 nec
2312 1556 2431 1614 ulla
2458 1569 2542 1613 re-

445 1662 750 1735 formati03
789 1659 864 1718 ad
901 1658 1043 1736 quid
1070 1657 1234 1717 aliud
1273 1659 1609 1717 inserviunt
1634 1665 1965 1735 praecepta
1988 1659 2241 1718 Domini
2266 1660 2327 1716 in
2350 1653 2543 1727 Verb03

447 1760 609 1836 quod
667 1759 843 1819 homo
878 1759 994 1818 hoc
1028 1760 1220 1836 possit
1253 1759 1482 1834 facere,
1540 1760 1717 1818 etiam
1755 1765 1848 1818 est
1882 1777 1919 1818 a
1952 1759 2248 1833 Domin03
2302 1775 2431 1816 nam
2458 1753 2544 1812 illa

447 1859 708 1920 facultas
745 1866 840 1918 est
875 1861 1064 1918 cuivis
1099 1859 1322 1918 homini
1358 1875 1432 1917 ex
1467 1858 1690 1917 Divina
1723 1863 2077 1936 praesentia
2110 1860 2313 1936 Ipsius
2354 1863 2408 1916 et
2432 1854 2541 1913 Vo-

447 1961 684 2020 lua-tate
713 1967 782 2017 ut
815 1961 1156 2035 recipiatur.
1211 1959 1283 2018 In
1317 1975 1569 2032 summa,
1608 1961 1721 2018 nisi
1756 1960 1935 2020 homo
1969 1962 2233 2037 recipiat
2264 1956 2541 2019 intellectu

449 2067 510 2123 et
541 2059 849 2120 voluntate
870 2104 884 2131 ‚
941 2076 1054 2118 seu
1089 2061 1451 2136 cogitatione
1504 2066 1565 2118 et
1614 2059 1957 2135 affectione,
2014 2079 2131 2122 seu
2180 2059 2339 2138 quod
2388 2055 2537 2126 idem,

445 2161 564 2221 fide
599 2167 660 2220 et
695 2177 929 2234 amore,
983 2177 1102 2218 non
1152 2177 1187 2218 a
1223 2166 1397 2236 parte
1434 2160 1565 2237 ejus
1630 2167 1725 2220 est
1768 2163 2075 2238 receptio,
2138 2161 2540 2236 consequente-r

447 2279 560 2320 nec
621 2261 957 2338 conjunctio
1018 2277 1151 2320 cum
1203 2260 1494 2320 Domino:
1552 2263 1805 2338 quisque
1852 2264 1997 2337 scit,
2056 2263 2222 2339 quod
2280 2258 2538 2320 Dominus

441 2363 670 2440 jugiter
705 2361 862 2420 adsit
895 2378 1032 2420 cum
1059 2362 1244 2432 bono,
1272 2378 1355 2420 ac
1394 2361 1543 2420 velit
1574 2367 1641 2419 ut
1676 2363 2035 2440 recipiatur,
2091 2363 2205 2423 sed
2238 2361 2339 2420 ubi
2370 2356 2539 2418 omnia

448 2463 655 2522 fraena
699 2461 976 2520 laxantur
1027 2451 1516 2538 cogitationibus,
1570 2462 1731 2537 quod
1763 2480 1881 2522 non
1933 2466 2134 2539 possit
2166 2463 2432 2533 influer03
2484 2457 2535 2510 at

441 2563 534 2622 ihi
573 2563 801 2637 solum,
855 2563 960 2620 ubi
994 2563 1385 2638 cogitationes
1424 2569 1485 2622 et
1516 2564 1904 2638 intentione5‚
1962 2581 2123 2646 quae
2172 2570 2311 2622 sunt
2343 2572 2533 2618 concu-

454 2665 816 2741 piscentiae,
870 2663 1284 2721 refraenentur
1316 2679 1429 2738 per
1464 2679 1611 2722 vera
1648 2681 1723 2722 ex
1757 2663 1979 2724 Verbo.
2064 2663 2245 2740 Quod
2279 2660 2537 2720 Dominus

439 2766 666 2843 jugiter
701 2764 858 2822 adsit
891 2781 1026 2822 cum
1050 2764 1236 2838 b0n0,
1275 2769 1336 2822 et
1360 2764 1507 2823 velit
1531 2765 1749 2840 recipi,
1786 2765 1961 2826 docet
1985 2764 2135 2841 Ipse
2159 2769 2231 2825 in
2258 2755 2535 2837 sequenti-

447 2865 562 2924 bus
597 2865 780 2941 hujus
817 2864 1073 2941 CapitiS,
1123 2863 1226 2922 ubi
1263 2863 1407 2922 dicit
1466 2908 1499 2939 ‚,
1520 2861 1689 2924 Ecce
1722 2869 1821 2924 sto
1858 2864 1949 2926 ad
1988 2865 2233 2928 ostium
2268 2867 2327 2924 et
2351 2854 2536 2940 pulsio,

449 2963 513 3023 si
549 2953 698 3042 quis¹
733 2963 1054 3024 audiverit
1091 2981 1296 3025 vocem
1321 2981 1542 3040 meam,
1580 2969 1641 3023 et
1666 2957 1987 3045 aperuerit
2022 2967 2283 3037 octium,
2320 2955 2537 3024 intrabo

449 3061 540 3123 ad
579 3060 805 3135 illum,
857 3069 916 3123 et
955 3065 1215 3125 coenabo
1253 3083 1396 3126 oum
1432 3061 1577 3139 illo,
1632 3071 1692 3124 et
1728 3063 1841 3126 ille
1881 3065 2181 3128 Mecam“
2237 3065 2404 3124 Vers:
2442 3058 2533 3128 205

450 3165 686 3238 aporire
723 3165 939 3222 ostium
977 3171 1070 3223 est
1103 3167 1371 3242 receptio
1408 3181 1447 3225 a
1478 3171 1651 3242 parte
1688 3166 1941 3227 hominis
1962 3212 1979 3236 ,
2033 3175 2101 3226 ut
2136 3165 2311 3226 modo
2346 3162 2534 3220 dictum

451 3269 563 3322 est.
617 3262 786 3322 Idem
823 3267 1002 3323 etiam
1037 3266 1328 3325 Dominus
1373 3264 1548 3326 docet
1582 3266 1723 3325 alibi
1758 3269 1818 3326 in
1852 3267 2055 3327 Verbo
2066 3311 2083 3342 ,
2142 3273 2211 3326 ut
2256 3260 2411 3341 apud
2440 3255 2531 3316 Jo-

449 3363 707 3423 hannem
761 3410 796 3440 „
813 3363 948 3440 Qui
985 3369 1164 3426 ama-t
1187 3363 1322 3436 Me,
1384 3367 1569 3426 verba
1603 3385 1743 3428 mea
1768 3373 2005 3443 servat,
2050 3372 2111 3426 et
2148 3365 2347 3428 Pater
2386 3370 2531 3419 mem

403 3544 407 3548 ‚
447 3464 690 3526 amabit
731 3483 899 3540 eum,
965 3469 1025 3524 et
1077 3463 1166 3526 ad
1213 3484 1357 3528 eum
1414 3467 1762 3543 veniemus,
1834 3471 1895 3538 et
1947 3467 2335 3528 mansionem
2382 3448 2530 3538 apud

447 3583 590 3628 eum
615 3565 940 3646 faciemus
957 3587 978 3626 .·
1029 3566 1142 3646 qui
1175 3584 1300 3626 non
1339 3572 1522 3626 amat
1560 3565 1694 3643 Me,
1734 3569 1919 3630 verba
1964 3585 2105 3628 mea
2146 3585 2271 3628 non
2302 3552 2528 3623 ser-vast
2570 3612 2581 3625 .

448 3666 636 3727 XIV:
681 3669 792 3728 23.
837 3669 948 3725 24.
1020 3666 1204 3743 Apud
1249 3666 1620 3726 Matthaeum
1675 3711 1713 3742 „
1742 3667 1877 3744 Qui
1928 3668 1998 3730 in
2054 3673 2289 3730 temam
2336 3661 2527 3721 bonam

450 3766 803 3828 seminatus
837 3772 964 3836 est,
1015 3765 1118 3828 hic
1163 3771 1258 3825 est
1289 3766 1403 3845 qui
1436 3767 1686 3828 verbum
1732 3768 1923 3830 audit
1972 3772 2031 3828 et
2070 3763 2391 3844 intectum,
2436 3748 2529 3833 Qui

435 3868 733 3948 fructum
753 3868 896 3948 fert
927 3871 988 3926 et
1008 3867 1231 3947 sacit“
1283 3867 1471 3927 XIII:
1517 3870 1629 3928 23.
1686 3869 1866 3946 Apud
1899 3869 2167 3929 Marcum
2217 3860 2369 3942 „Hi
2398 3853 2524 3916 sum

446 3967 560 4048 qui
605 3967 676 4029 in
713 3971 949 4030 terram
985 3967 1208 4028 bonam
1253 3966 1555 4028 seminati
1596 3975 1780 4040 eunt,
1840 3969 1955 4050 qui
1991 3968 2265 4031 audiunt
2308 3958 2525 4022 verbum

447 4071 508 4125 et
542 4085 884 4143 ancmmwr,
921 4073 983 4127 et
1006 4067 1302 4148 fructum
1328 4067 1603 4147 ferunt“
1658 4069 1769 4130 IV:
1817 4075 1851 4130 2
1868 4073 1942 4129 O:
2000 4073 2141 4147 quia
2173 4062 2416 4140 receptio
2454 4049 2517 4110 ab

449 4163 688 4234 hpmine
725 4172 852 4237 est,
910 4185 1065 4241 quae
1105 4169 1409 4244 conjungit
1454 4168 1624 4228 illum
1672 4187 1807 4230 cum
1842 4171 2136 4248 Domino,
2192 4175 2249 4229 et
2292 4166 2372 4224 sic
2402 4152 2521 4218 facit

447 4255 616 4313 illum
650 4262 1016 4332 spiritualem
1035 4307 1052 4337 ,
1107 4266 1244 4326 ideo
1281 4283 1415 4324 cum
1452 4267 1744 4329 Dominus
1778 4271 1885 4330 illa
1920 4271 2095 4345 dixit,
2154 4261 2411 4330 clamavit
2439 4252 2515 4310 di·
