2700 4792
447 377 681 434 CAPUT
719 375 1058 432 TERTIUM.
1783 377 1965 436 VERS
1988 397 2003 431 ε
2048 389 2115 440 17
2124 421 2139 438 .
2296 389 2404 440 893

293 556 486 617 usque
541 534 631 596 ad
669 532 1064 596 Chaldaeam
1073 553 1102 607 ‚·
1145 541 1483 616 propterea
1518 536 1801 600 revelata
1848 543 1945 600 est
1980 537 2249 599 nuditas
2294 543 2409 598 tua

281 658 403 723 per
437 637 852 698 scortationes
909 641 1098 708 tuam
1151 635 1294 696 ideo
1344 634 1725 717 lapidabunt
1764 643 1825 699 te
1866 635 2111 718 lapide,
2166 643 2226 698 et
2264 637 2405 699 dis-

290 739 586 800 secabunt
625 741 684 797 te
723 735 998 816 stadiis,
1051 740 1114 797 et
1150 735 1483 798 accendent
1526 737 1751 800 domos
1792 745 1943 803 tuas
1982 740 2177 818 ἐμπαί(
2224 740 2405 800 XVI:
2447 737 2607 801 [260]

299 843 334 900 6
373 857 518 914 seq:
573 841 772 914 agitur
804 837 890 896 ibi
925 837 1000 895 de
1035 836 1488 915 Hierosolyma,
1542 857 1655 916 per
1690 858 1869 917 quam
1904 839 2253 916 intelligitur
2288 841 2407 900 Ec·-

297 941 486 1001 clesia
533 938 734 1015 quoad
780 939 1136 1013 doctrinam3
1193 944 1254 998 et
1296 956 1412 1014 per
1440 925 1566 998 ‘illa
1612 941 1801 1000 verba
1862 947 1925 999 et
1975 958 2089 1018 per
2136 940 2315 1016 plura
2348 943 2411 999 in

301 1041 514 1102 eedem
551 1037 764 1114 Capite
803 1037 1160 1096 describitur
1195 1039 1389 1114 qualis
1425 1040 1625 1100 fuerat
1658 1042 1717 1098 in
1751 1043 2062 1118 principie,
2120 1047 2181 1100 et
2216 1041 2409 1116 qualis

297 1143 460 1200 faeta
501 1145 596 1198 est
630 1155 764 1196 cum
801 1139 1042 1198 deflexit
1077 1156 1114 1196 a
1145 1138 1302 1198 bono
1341 1147 1401 1199 et
1436 1158 1473 1199 a
1498 1158 1641 1200 vero
1658 1161 1675 1217 3
1714 1141 1907 1217 qualis
1942 1143 2277 1216 instaurata
2300 1141 2413 1200 fuit

299 1259 336 1299 a
369 1241 649 1310 Domino,
703 1241 788 1296 ita
823 1237 1020 1316 qualis
1055 1241 1118 1298 in
1151 1241 1463 1318 principie,
1516 1241 1878 1301 describitur
1908 1259 2020 1318 per
2053 1241 2233 1315 haec,
2274 1259 2408 1300 cum

294 1341 622 1420 praeterivi
654 1345 896 1415 praeter
932 1345 992 1398 te
1031 1345 1092 1399 et
1127 1340 1251 1398 vidi
1285 1347 1380 1410 te,
1434 1344 1645 1417 operui
1678 1342 2005 1401 nuditatem
2044 1346 2235 1415 tuam,
2285 1341 2409 1399 lavi

290 1448 352 1501 te
391 1447 452 1500 et
480 1442 702 1498 vestivi
747 1445 838 1514 te,
895 1441 1134 1515 operire
1189 1441 1521 1502 nuditatem
1570 1443 1865 1518 significat
1920 1457 2197 1500 amovere
2250 1441 2409 1500 mala

291 1540 618 1601 voluntatis
671 1546 732 1598 et
781 1539 938 1598 salsa
981 1539 1354 1615 intellecturi,
1420 1542 1627 1602 lavare
1676 1542 1971 1619 significat
2015 1541 2332 1618 purificare
2370 1557 2408 1624 a

287 1641 484 1714 malis„
525 1647 586 1698 et
612 1642 840 1700 vestire
869 1640 1166 1717 significat
1199 1645 1363 1702 veris
1390 1645 1725 1719 instruere3
1782 1643 1977 1719 qualis
2017 1629 2215 1701 autern
2250 1642 2411 1700 facta

293 1748 387 1806 est
421 1757 560 1800 cum
596 1740 838 1800 deflexit
884 1758 920 1798 a
953 1740 1110 1799 bono
1157 1749 1219 1800 et
1253 1760 1429 1818 vero,
1497 1744 1856 1803 describitur
1902 1761 2013 1820 per
2062 1744 2401 1820 sequentia3

297 1842 458 1918 qnod
492 1839 718 1900 confisa
752 1843 832 1898 sit
862 1840 1288 1916 pulchritudini
1314 1859 1484 1918 suae,
1520 1845 1813 1920 significat
1844 1844 2297 1920 intelligentiam
2336 1859 2412 1903 ex

287 1943 530 2020 proprio
569 1941 730 2017 quod
757 1957 832 2000 ea
865 1940 1164 2002 delectata
1197 1945 1377 2004 fuerit
1389 1963 1405 2018 3
1440 1961 1555 2020 per
1581 1945 1741 2021 quod
1776 1951 2046 2004 scortata
2084 1948 2181 2014 sit,
2218 1945 2406 2020 signi--

286 2044 428 2102 ficat
491 2041 654 2117 quod
712 2043 800 2099 sic
848 2041 1128 2101 imbuerit
1185 2044 1512 2121 salsitates3
1578 2062 1689 2120 per
1749 2048 2012 2105 scortari
2072 2063 2204 2104 cum
2270 2044 2409 2102 filiis

287 2145 558 2220 Aegypti
629 2147 691 2200 et
737 2159 871 2200 eum
920 2141 1056 2200 filiis
1103 2143 1422 2219 Aschnris,
1492 2145 1899 2221 elgnificantur
1960 2144 2405 2204 falsificationes

287 2243 678 2306 confirmatae
714 2259 828 2318 per
852 2243 1178 2302 scientifica
1215 2251 1274 2302 et
1307 2244 1444 2304 inde
1479 2244 1825 2320 rationalia3
1862 2261 1975 2320 per
2008 2244 2409 2320 multiplicare

287 2345 718 2403 scortationem
751 2358 946 2419 usque
981 2344 1062 2400 ad
1091 2343 1490 2415 Chaldaeam,
1527 2344 1895 2421 significatur
1928 2359 2121 2420 usque
2157 2344 2234 2402 ad
2260 2361 2407 2420 pro-

286 2444 724 2520 phanationem
759 2444 886 2500 veri
896 2463 914 2517 3
968 2443 1106 2503 inde
1141 2450 1335 2522 patet,
1392 2445 1534 2522 quid
1568 2444 1887 2522 significat,
1942 2442 2269 2520 propterea
2304 2461 2405 2503 re·-

291 2539 510 2600 velata
543 2549 632 2600 est
661 2543 898 2602 nuditas
934 2549 1038 2601 tua
1070 2563 1182 2620 per
1215 2547 1609 2605 scortationes
1634 2553 1789 2620 tuae,
1833 2543 1992 2621 quod
2022 2560 2243 2618 nempe
2283 2545 2406 2602 Ec-

290 2642 491 2702 clesia
520 2659 630 2719 per
659 2644 816 2702 falsa
851 2650 911 2702 et
943 2662 1054 2720 per
1087 2645 1533 2706 falsificationes
1561 2646 1875 2724 deprivata
1918 2646 1995 2704 sit
2030 2644 2188 2700 omni
2220 2641 2404 2700 intel-

285 2744 458 2804 lectu
485 2747 612 2802 veri
621 2764 640 2819 3
675 2761 786 2820 per
812 2743 1164 2820 lapidabunt
1198 2752 1258 2805 te
1294 2746 1497 2824 lapide
1524 2746 1891 2824 significatur
1926 2743 2085 2821 quod
2118 2743 2407 2800 moritura

288 2846 372 2902 sit
422 2861 535 2920 per
587 2844 743 2902 salsa
760 2864 776 2918 3
830 2861 942 2920 per
989 2844 1373 2906 dissecabunt
1428 2853 1487 2906 te
1536 2846 1749 2924 gladiis
1770 2891 1799 2928 ,U
1846 2844 2211 2922 significatur
2247 2842 2407 2919 quod

284 2959 544 3021 prorsus
597 2947 883 3003 moritura
941 2963 1052 3022 per
1093 2947 1543 3007 falsificationes
1594 2948 1723 3025 veri
1733 2967 1751 3022 3
1807 2953 1866 3006 et
1913 2961 2023 3022 per
2078 2944 2408 3004 accendent

286 3045 500 3103 domos
536 3051 674 3103 tuas
709 3047 864 3122 igne,
921 3046 1287 3122 significatur
1321 3048 1483 3123 quod
1515 3053 1642 3106 tota
1666 3050 1937 3124 peritura
1972 3049 2051 3106 sit
2086 3063 2197 3123 per
2236 3061 2404 3103 amo-

284 3161 390 3203 res
423 3145 752 3204 infernales
765 3164 782 3220 3
839 3145 1048 3205 domus
1111 3153 1249 3205 sunt
1309 3149 1509 3205 omnia
1569 3165 1723 3224 quae
1762 3148 1921 3225 apud
1959 3148 2292 3221 hominem,
2340 3152 2413 3204 et

287 3246 463 3320 ignis
496 3252 590 3304 est
625 3262 792 3304 amor
823 3247 1164 3306 infernalis:
1221 3265 1295 3306 ex
1330 3247 1423 3306 his
1459 3255 1660 3324 patet,
1714 3249 1858 3325 quid
1892 3248 2063 3308 Coeli
2102 3254 2163 3306 et
2196 3247 2413 3306 Eccle-

291 3346 424 3404 siae
454 3348 790 3404 continetur
815 3348 876 3405 in
902 3347 1022 3405 illis
1051 3346 1269 3420 verbis,
1307 3355 1369 3407 et
1406 3349 1564 3424 quod
1600 3347 1749 3408 illud
1784 3349 1978 3408 solnm
2013 3356 2307 3426 appareat
2336 3365 2409 3406 ex

288 3461 480 3504 sensu
514 3445 830 3522 spirituali.
899 3445 1073 3522 Quod
1119 3447 1326 3507 lavare
1364 3449 1659 3525 significet
1692 3450 2009 3526 purificare
2064 3467 2102 3506 a
2136 3446 2307 3505 malis
2346 3452 2406 3504 et

286 3544 489 3619 falsis,
545 3546 824 3605 videatur
873 3565 944 3604 n:
1006 3549 1214 3606 3147.
1263 3551 1539 3608 10237.
1599 3551 1856 3607 10240.
1914 3548 2149 3606 10243
2182 3566 2195 3602 z
2252 3543 2411 3618 quod

283 3648 516 3704 vestire
577 3645 874 3722 significet
933 3647 1226 3706 instruere
1272 3651 1471 3724 veris,
1544 3666 1611 3706 n:
1672 3650 1878 3706 1073.
1938 3647 2149 3704 2576.
2198 3645 2408 3702 5248.

297 3744 512 3804 5319.
573 3747 782 3806 5954.
837 3749 1050 3806 9212.
1097 3751 1310 3808 9216.
1358 3750 1567 3808 9952.
1616 3747 1889 3806 105363
1945 3744 2104 3820 quod
2140 3742 2409 3820 pulchri-

285 3844 438 3902 tudo
497 3846 792 3922 significet
839 3846 1325 3930 intelligentiam,
1362 3867 1459 3906 n:
1505 3848 1717 3905 3080.
1767 3847 1981 3904 4985.
2040 3843 2259 3910 5199,
2313 3841 2409 3898 hic

285 3945 744 4023 intelligentiam
781 3965 855 4007 ex
889 3949 1164 4026 proprio:
1206 3947 1367 4026 quod
1402 3947 1672 4016 scortari,
1709 3945 1979 4004 imbuere
2014 3941 2187 4013 falsa,
2222 3957 2407 4017 supra

284 4061 354 4102 n:
418 4047 548 4106 141
577 4067 592 4106 ε
657 4048 817 4124 quod
858 4049 1176 4126 Aegyptus
1227 4047 1619 4108 scientificum
1684 4052 1745 4105 et
1796 4044 2035 4104 Aschur
2094 4040 2407 4116 rationale,

285 4145 569 4206 videatur
630 4165 769 4208 mox
832 4166 1058 4226 supra:
1133 4149 1295 4225 quod
1331 4147 1639 4208 Chaldaea
1690 4146 2227 4224 prophanationem
2264 4144 2411 4217 veri,

286 4262 354 4306 11:
404 4249 618 4308 1182.
664 4251 875 4310 1283.
924 4251 1137 4310 1295.
1182 4251 1393 4308 1304.
1445 4250 1651 4309 1306.
1696 4249 1904 4308 1307.
1947 4239 2157 4306 1308.
2208 4246 2415 4303 1321.
