2700 4792
419 393 494 448 90
753 381 1242 438 APOCALYPSIS
1287 381 1719 442 EXPLICATA.
1802 383 1849 452 ς.
1894 393 2137 444 80—83.
2666 439 2675 510 Α

418 543 768 617 Recreatio,
835 557 990 618 quae
1035 541 1106 600 fit
1153 559 1265 618 per
1311 543 1919 602 accommodationem
1970 543 2047 600 ad
2098 548 2531 621 receptionem,

423 648 680 720 apparet
725 645 788 700 in
847 640 1068 700 mundo
1129 642 1456 718 spirituali,
1540 659 1675 701 cum
1736 645 1969 702 sistitur
2018 643 2305 714 visibilia,
2374 649 2537 706 sicut

421 742 642 817 nubes3
714 742 820 800 tali
875 741 1232 802 obvelantur
1285 743 1370 801 ibi
1430 759 1636 804 omnes
1698 742 2063 818 Societates,
2146 744 2413 805 densiori
2468 755 2533 805 et

420 845 676 904 tenuiori
711 842 1034 902 secuudum
1072 845 1511 917 receptionem:
1564 843 1723 919 quod
1760 845 1939 902 etiam
1976 844 2193 920 Angeli
2230 846 2527 906 obvelen-

419 951 514 1002 tur
551 945 714 1002 tenui
749 942 1254 1018 correspondente
1291 943 1482 1013 nube,
1535 961 1609 1002 ne
1647 943 1963 1002 laedantur
1998 944 2075 1002 ab
2112 946 2335 1004 influxu
2376 964 2524 1023 pro-

417 1045 571 1121 piori
626 1044 829 1102 Divini
879 1043 1156 1112 Domini,
1209 1043 1488 1102 videatur
1550 1061 1621 1102 n:
1686 1045 1899 1102 6849.
2008 1043 2165 1120 Quid
2224 1046 2419 1106 nubes
2464 1050 2525 1104 in

418 1145 717 1221 spirituali
750 1144 1001 1212 mund0‚
1057 1151 1116 1202 et
1153 1142 1291 1201 inde
1321 1145 1381 1202 in
1418 1144 1717 1219 spirituali
1756 1159 1966 1218 sensu,
2022 1144 2301 1203 videatur
2338 1163 2525 1224 supra

400 1263 488 1303 ·n:
549 1246 660 1305 36.

576 1347 686 1404 81.
753 1345 882 1420 Ego
932 1361 1064 1402 sum
1111 1343 1348 1402 Primus
1398 1349 1459 1402 et
1512 1343 1799 1417 Ultimae,
1856 1343 2015 1419 quod
2064 1345 2359 1420 significet
2404 1346 2520 1424 Qui

417 1447 614 1506 omnia
647 1447 804 1521 regit
839 1463 914 1504 ex
951 1444 1156 1520 primis
1191 1461 1302 1520 per
1347 1443 1585 1518 ultima,
1642 1451 1703 1502 et
1748 1447 1835 1502 sic
1882 1445 2077 1503 omnia
2115 1443 2311 1521 Coeli,
2372 1465 2515 1506 con-

417 1553 538 1605 stat
573 1563 648 1604 ex
686 1545 806 1603 illis
845 1562 1000 1621 quae
1037 1561 1225 1620 supra
1261 1563 1330 1604 n:
1390 1548 1503 1619 41,
1544 1545 1845 1620 explicata
1882 1552 2041 1604 sunt.

575 1648 683 1704 82.
759 1646 836 1702 Et
871 1644 992 1720 Qui
1026 1645 1288 1714 Vivens,
1341 1645 1503 1720 quod
1548 1647 1627 1703 sit
1670 1644 1787 1719 Qui
1834 1645 1910 1704 ab
1946 1651 2193 1704 aeterno
2208 1690 2226 1720 ,
2284 1653 2515 1706 constat

419 1765 490 1806 ex
532 1763 629 1816 ee,
672 1745 831 1822 quod
865 1745 974 1802 Ille
1014 1743 1178 1803 solus
1218 1747 1429 1804 vivens
1470 1747 1548 1804 sit
1586 1747 1687 1820 qui
1724 1744 1802 1803 ab
1828 1753 2073 1804 aeterno
2112 1752 2221 1820 est,
2263 1753 2324 1806 et
2359 1747 2515 1824 quod

338 1848 347 1857 “
416 1845 665 1920 reliqui,
722 1847 824 1922 qui
859 1862 976 1903 non
1013 1845 1088 1902 ab
1125 1853 1398 1917 aetern0,
1450 1845 1525 1904 ab
1561 1845 1703 1920 Ipso
1742 1848 1928 1904 creati
1960 1848 2107 1920 sint,
2148 1854 2209 1904 et
2246 1849 2335 1906 sic
2372 1849 2512 1908 facti

415 1946 774 2020 recipientes
807 1947 970 2004 vitae
1007 1945 1082 2002 ab
1116 1945 1294 2022 Ipso;
1350 1963 1535 2023 quare
1572 1943 1751 2004 Solus
1788 1944 1909 2022 Qui
1942 1945 2019 2004 ab
2062 1953 2307 2005 aeterno
2332 1947 2513 2006 habet

415 2049 599 2104 vitam
637 2048 696 2104 in
738 2045 848 2118 Se,
904 2052 963 2103 et
997 2045 1194 2106 nullus
1237 2055 1484 2124 praeter
1517 2047 1746 2121 Ipsum.
1826 2046 2002 2122 Quod
2051 2047 2343 2106 Dominus
2392 2055 2509 2106 tam

417 2146 616 2225 quoad
650 2147 932 2217 Divinum
987 2163 1166 2221 quam
1215 2148 1417 2223 quoad
1449 2147 1791 2206 Humanum
1836 2148 2019 2205 vitam
2063 2147 2286 2206 habeat
2318 2151 2379 2206 in
2416 2147 2507 2218 Se,

253 2257 378 2320 [⁷0]
416 2253 650 2308 constat
710 2244 872 2323 apud
922 2245 1258 2306 Johannem
1323 2246 1455 2321 „In
1495 2245 1818 2325 principio
1868 2251 2006 2308 erat
2081 2245 2387 2322 Verbum,
2454 2253 2510 2307 et

426 2347 692 2411 Verbum
725 2350 863 2407 erat
898 2345 1073 2425 apud
1106 2347 1357 2422 Deum,
1404 2351 1465 2406 et
1496 2346 1689 2408 Deus
1728 2351 1866 2407 erat
1916 2345 2210 2423 Verbum,
2256 2347 2328 2408 in
2358 2347 2508 2428 Ipso

426 2447 578 2511 Vita
612 2453 750 2507 erat
763 2490 780 2518 ‚
841 2453 901 2506 et
949 2445 1102 2508 Vita
1135 2451 1274 2508 erat
1307 2447 1465 2508 Lux
1508 2446 1867 2508 hominum:
1926 2452 1987 2507 et
2046 2445 2313 2510 Verbum
2346 2446 2509 2508 Coa-0

397 2550 656 2629 sactum
689 2555 812 2624 eat,
850 2554 909 2608 et
944 2547 1257 2608 habitavit
1291 2549 1363 2608 in
1393 2547 1617 2608 nobi8“
1657 2548 1721 2606 1:
1768 2551 1826 2606 1.
1870 2552 1933 2608 2.
1978 2551 2039 2608 3.
2070 2551 2131 2627 4.
2178 2551 2301 2624 14,·
2354 2548 2507 2626 quod

405 2651 700 2713 Dominus
737 2651 814 2708 sit
853 2648 969 2724 Qui
1002 2649 1351 2725 intelligitur
1384 2667 1497 2726 per
1523 2648 1821 2723 Verbum,
1866 2655 2065 2725 patet,
2104 2666 2244 2708 nam
2280 2650 2501 2722 dicitur,

408 2751 675 2813 Verbum
715 2749 868 2810 Caro
905 2751 1124 2809 factum
1169 2757 1286 2824 est,
1341 2756 1403 2807 et
1436 2749 1731 2808 habitavit
1762 2751 1823 2807 in
1859 2749 2048 2808 nobis.
2129 2749 2311 2825 Apud
2345 2750 2505 2808 Eun-

410 2851 573 2922 dem,
628 2849 1230 2926 „Quemadmodum
1263 2849 1469 2911 Pater
1501 2847 1683 2910 habet
1716 2847 1918 2910 vitam
1952 2849 2023 2908 in
2055 2847 2139 2910 Se
2179 2849 2363 2928 Ipso,
2416 2850 2507 2910 ita

409 2949 588 3010 dedit
620 2947 800 3011 Filio
836 2951 1037 3011 m‘tam
1069 2951 1288 3012 habere
1321 2951 1394 3010 in
1433 2948 1515 3010 Se
1547 2948 1748 3030 Ipeo“
1799 2950 1882 3009 V:
1927 2953 2037 3009 26.
2128 2950 2313 3026 Apud
2348 2951 2507 3009 Eun-

409 3051 544 3110 dem
582 3049 822 3126 „Jeeue
857 3051 1062 3125 dixit,
1099 3051 1250 3130 Eyo
1279 3069 1425 3111 eum
1457 3049 1830 3112 mam-ectio
1864 3055 1925 3110 et
1974 3048 2171 3112 Vita“
2223 3050 2351 3110 XI:
2398 3051 2499 3110 25.

405 3147 484 3229 Et
518 3151 683 3228 apud
713 3153 982 3218 Eundem
1020 3149 1262 3225 „Jeme
1301 3150 1505 3227 dixit,
1564 3147 1717 3229 Eyo
1752 3167 1898 3210 aum
1934 3149 2072 3225 via,
2123 3151 2394 3226 veritas,
2448 3153 2504 3210 et

291 3265 312 3286 ·
421 3249 618 3312 Vita“
677 3251 866 3311 XIV:
927 3253 987 3310 6.
1084 3249 1359 3309 Creditur
1408 3254 1467 3311 in
1516 3233 1765 3321 mundo,
1840 3251 2000 3327 quod
2056 3251 2237 3310 homo
2288 3251 2503 3312 habeat

404 3353 585 3411 vitam
622 3352 736 3411 sibi
775 3354 1045 3420 insitam,
1094 3357 1154 3408 et
1194 3347 1288 3410 sic'
1321 3352 1479 3426 quod
1526 3369 1643 3410 non
1680 3353 1957 3410 continue
1990 3351 2203 3410 influat
2252 3351 2328 3410 ab
2364 3352 2499 3428 Ipso

405 3451 524 3528 Qui
581 3451 759 3514 Solus
813 3451 998 3509 habet
1046 3450 1246 3510 Vitam
1291 3454 1353 3510 in
1414 3453 1494 3512 Se
1547 3451 1721 3528 Ipse,
1792 3458 1855 3512 et
1890 3451 2010 3528 Qui
2056 3454 2145 3510 sic
2195 3451 2375 3512 Solus
2414 3456 2501 3512 est

401 3551 577 3629 Vita3
633 3551 744 3611 sed
779 3550 937 3626 quod
972 3551 1122 3612 haec
1168 3551 1315 3612 fides
1358 3554 1437 3611 sit
1470 3553 1619 3612 fides
1654 3551 1820 3624 falsi,
1872 3552 2147 3612 videatur
2194 3553 2255 3612 in
2308 3552 2499 3628 Opere

401 3649 477 3712 de
510 3651 718 3715 Conco
753 3669 832 3710 Εἰ·
867 3651 1161 3725 Inmiti-10,
1199 3671 1268 3712 n:
1323 3655 1383 3710 9.

561 3753 672 3810 83.
711 3750 788 3810 Et
811 3751 1004 3810 factus
1039 3769 1169 3812 sum
1201 3759 1491 3828 mortuae,
1526 3753 1685 3829 quod
1715 3753 2009 3830 significet
2037 3752 2197 3828 quod
2221 3753 2495 3829 rejectuS,
2558 3820 2565 3828 ¹

401 3857 678 3912 constare
711 3857 915 3928 potest
950 3871 1027 3911 ex
1053 3871 1144 3924 eo,
1171 3853 1332 3930 quod
1356 3853 1648 3913 Dominus
1679 3854 1912 3913 dicatur
1938 3860 2227 3928 mortuus,
2268 3853 2499 3929 quando

398 3967 518 4011 non
552 3951 807 4029 amplius
847 3961 938 4012 est
972 3953 1122 4014 fides
1154 3960 1214 4012 et
1248 3971 1416 4012 amor
1450 3956 1510 4012 in
1536 3953 1780 4030 Ipsum3
1834 3954 2125 4013 Dominus
2166 3955 2323 4012 enim
2357 3955 2499 4012 vivit

400 4051 562 4129 apud
597 4053 762 4124 illos,
794 4058 918 4132 ‘qui
953 4057 1013 4112 in
1051 4070 1254 4113 amore
1292 4063 1353 4112 et
1387 4053 1503 4114 fide
1541 4061 1681 4113 sunt
1715 4057 1775 4113 In
1810 4054 2051 4131 Ipsum,
2108 4053 2217 4112 sed
2254 4071 2372 4112 non
2405 4056 2493 4111 vi-

393 4155 480 4212 vit
505 4155 669 4232 apud
700 4156 836 4215 illos
875 4157 978 4232 qui
1013 4173 1130 4213 nou
1163 4156 1224 4213 in
1258 4172 1461 4213 amore
1500 4161 1559 4214 ct
1590 4155 1709 4215 fide
1746 4162 1885 4214 sunt
1896 4175 1913 4230 3
1954 4154 2115 4231 apud
2148 4154 2261 4212 hos
2290 4155 2495 4213 dicitur

395 4251 684 4316 Dominus
719 4261 988 4315 mortuus
1028 4257 1170 4331 quia
1202 4255 1497 4331 rejectum
1552 4255 1667 4314 hoc
1716 4258 1777 4314 in
1826 4271 2009 4314 sensu
2046 4255 2278 4314 interno
2315 4252 2487 4312 intel-
