2700 4792
299 365 538 422 CAPUT
577 365 980 421 schNDUM.
1670 363 1889 420 Vsus=
1934 373 2026 426 22.
2158 323 2291 430 ’225

179 546 360 588 omne
393 521 594 586 cubile
629 541 819 602 super
847 538 970 602 quo
1011 523 1192 584 cubat
1215 523 1419 602 fluam
1452 525 1716 605 affectus
1754 523 2157 588 immundum
2190 545 2292 586 ea-

179 633 272 687 eet
285 647 316 699 ,·
365 631 430 686 et
471 621 642 704 quod
693 624 798 684 vir
841 622 955 702 qui
1001 624 1284 703 tetiym‘t
1328 623 1529 686 cubile
1570 625 1709 708 ejus
1720 671 1736 701 ‚
1794 623 2039 686 lavaret
2094 631 2295 686 vestes

175 746 338 789 suas
387 731 452 785 et
492 721 772 784 ablueret
805 740 872 782 se
899 723 1135 802 11911821(ί
1183 724 1387 784 Levitz
1414 725 1569 786 XV:
1612 731 1675 786 4.
1714 729 1745 786 5
1764 748 1781 802 3
1834 727 2000 786 fluxu
2040 725 2293 786 affectus

178 827 484 904 significat
515 825 652 883 illos
681 826 870 906 quiin
903 825 1164 884 naturali
1191 842 1395 885 amore
1422 834 1563 886 sunt
1592 833 1874 904 separato
1902 845 1939 885 a
1965 825 2295 901 spirituali3

175 929 394 987 lavare
427 931 634 985 vestes
671 930 732 984 et
766 941 834 983 se
869 924 1116 984 abluere
1153 927 1326 1002 aquis
1362 926 1658 1002 significat
1685 927 2159 1003 purificationem
2183 943 2297 1002 per

177 1045 330 1088 vera
368 1026 538 1101 fidei,
585 1024 860 1084 videatur
893 1024 1220 1083 Dona-mm
1253 1025 1310 1085 N
1313 1043 1468 1084 ovas:
1512 1027 1999 1086 Hmnosommz
2049 1044 2117 1084 n:
2154 1027 2291 1084 202

181 1129 264 1187 ad
295 1129 461 1186 209.
531 1124 704 1200 Quia·
723 1124 918 1184 Jacob
955 1127 1016 1184 in
1047 1124 1249 1184 Verbo
1286 1127 1581 1202 significat
1604 1127 1941 1186 Ecclesiam
1968 1132 2293 1200 externam,

178 1246 342 1310 quae
373 1225 537 1303 apud
568 1224 706 1284 illos
743 1232 836 1284 est
865 1226 970 1301 qui
1003 1226 1064 1281 in
1097 1225 1322 1284 lumine
1358 1227 1619 1285 naturali
1654 1233 1822 1302 sunt,
1858 1232 1925 1289 ‚et
1953 1227 2139 1288 vitam
2161 1242 2294 1284 mo-

178 1329 374 1388 ralem
421 1328 630 1385 vivunt
675 1342 750 1384 ex
798 1324 1139 1412 obedientia
1181 1325 1350 1398 fidei,
1402 1329 1644 1386 tametsi
1689 1344 1808 1385 non
1864 1343 1939 1386 ex
1985 1325 2297 1386 affectione

177 1433 452 1497 interna,
504 1425 640 1484 ideo
688 1443 826 1484 cum
871 1437 1068 1484 sermo
1107 1433 1200 1484 est
1239 1427 1314 1485 de
1356 1426 1623 1502 Jacobo‚
1680 1433 1935 1504 apparet
1979 1428 2040 1484 in
2073 1422 2297 1484 Mundo

179 1527 490 1606 spirituali
523 1543 782 1602 superne
819 1526 898 1584 ad
937 1524 1213 1586 dextrum
1249 1529 1405 1586 sicut
1430 1529 1522 1587 vir
1562 1527 1789 1586 cubans
1824 1530 1887 1585 in
1922 1526 2109 1601 lect03
2158 1523 2297 1586 inde

181 1638 312 1703 est,
351 1626 513 1705 quod
546 1629 608 1684 in
635 1627 839 1686 Verbo
871 1626 944 1685 de
971 1625 1074 1684 illo
1104 1628 1391 1686 moriente
1420 1629 1653 1687 dicatur
1689 1624 1899 1701 „C‘um
1924 1621 2301 1688 absolvisset
2345 1615 2351 1620 ’

180 1729 467 1791 Jacobae
487 1725 850 1807 praecipere
861 1701 1227 1807 flliie⁴eui8,
1256 1724 1512 1806 oolleyit
1526 1726 1723 1808 pedes
1748 1745 1899 1787 suos
1926 1744 2119 1806 cuper
2143 1720 2299 1786 lecto

184 1849 326 1900 cuv,
361 1833 424 1888 et
457 1826 862 1907 exspiravit“
903 1826 1136 1887 Genes:
1168 1827 1409 1888 XLIX:
1444 1830 1565 1903 333
1612 1827 1854 1904 collegit
1886 1825 2077 1904 pedes
2114 1843 2299 1903 super

181 1932 346 1992 lecto
390 1929 632 2004 dieitur,
685 1931 830 2006 quia
867 1929 1046 1986 etiam
1081 1943 1194 2004 per
1225 1928 1417 2004 pedes
1454 1928 1820 2004 significatur
1854 1927 2159 1997 naturale,
2206 1928 2300 1985 vi-

181 2031 404 2091 deatur
429 2048 488 2088 n.
523 2031 738 2088 2182.
775 2031 983 2088 3147.
1021 2030 1233 2087 3761.
1271 2013 1483 2090 3986.
1511 2031 1724 2088 4280.
1750 2030 1940 2088 4938
1974 2027 2052 2086 ad
2080 2028 2296 2087 4952.

345 2135 376 2190 1
397 2132 507 2190 64.
579 2130 658 2188 Et
699 2127 1084 2188 maechantes
1137 2145 1274 2188 cum
1315 2128 1423 2188 illa
1464 2132 1526 2187 in
1571 2130 1950 2188 afflictionem
2002 2143 2297 2204 magnam,

183 2233 348 2310 quod
400 2230 696 2308 significet
742 2230 1102 2289 tentationes
1141 2247 1361 2306 graves
1408 2230 1527 2288 illis
1565 2232 1667 2306 qui
1711 2245 1777 2288 se
1814 2229 2095 2288 addicant
2128 2227 2299 2288 falsis

185 2351 416 2408 eorum,
458 2337 692 2391 constat
729 2347 803 2390 ex
839 2331 1270 2407 significatione
1307 2329 1629 2404 maechari,
1671 2329 1829 2406 quod
1865 2330 1943 2388 sit
1978 2327 2300 2388 falsificare

187 2452 372 2503 vera,
418 2433 492 2492 de
529 2449 650 2509 qua
686 2448 874 2508 supra
905 2449 976 2490 n:
1024 2434 1194 2506 1413
1239 2431 1382 2490 inde
1416 2429 1719 2489 maechari
1754 2447 1890 2488 cum
1924 2428 2165 2489 Isabele
2208 2435 2303 2488 cst

193 2534 480 2592 addicere
515 2547 580 2590 se
616 2532 786 2591 salsis
824 2549 1063 2602 eorum,
1113 2534 1214 2608 qui
1259 2550 1371 2609 per
1417 2531 1719 2591 Isabelem
1754 2529 2189 2605 significantur3
2241 2535 2303 2586 et

200 2651 281 2691 ex
331 2631 750 2708 significatione
800 2633 1170 2701 afflictionis,
1223 2632 1384 2708 quod
1420 2635 1499 2691 sit
1541 2631 1841 2692 infestatio
1876 2629 2005 2687 veri
2040 2646 2077 2688 a
2108 2628 2301 2702 falsis,

193 2734 274 2792 de
303 2729 428 2810 qua
451 2734 628 2791 etiam
654 2750 840 2810 supra
873 2751 942 2790 n:
977 2735 1016 2790 4
1033 2738 1090 2805 7,
1130 2733 1226 2791 hic
1253 2735 1522 2803 tentatio,
1550 2733 1691 2808 quia
1718 2730 1967 2789 tentatio
1994 2745 2113 2788 non
2139 2726 2307 2785 aliud

189 2841 286 2894 est
341 2851 522 2910 quam
573 2833 874 2892 infestatio
928 2835 1057 2892 veri
1110 2851 1148 2890 a
1197 2832 1367 2892 falsis
1423 2833 1587 2910 apud
1637 2832 1964 2905 hominem,
2030 2829 2305 2888 videatur

189 2933 520 2993 Dect-anu
561 2933 776 2993 Noun.
822 2934 1344 3007 Ηιιιιοεοιϊω,
1400 2951 1468 2992 n:
1530 2935 1688 2992 188.
1736 2935 1894 2992 196.
1943 2933 2074 2990 197
2098 2951 2115 3006 3
2162 2928 2303 2989 iude

191 3051 303 3111 per
347 3033 650 3110 conjicere
696 3033 1084 3093 maechantes
1132 3051 1266 3092 cum
1317 3034 1425 3092 illa
1470 3036 1532 3091 in
1580 3034 1958 3093 afflictionem
2005 3047 2303 3108 magnam,

190 3133 564 3210 signfficatur
616 3133 776 3210 quod
822 3133 960 3193 illos
1010 3136 1114 3211 qui
1155 3150 1224 3193 88
1272 3135 1553 3195 addicant
1597 3134 1767 3194 falsis
1816 3151 2021 3193 eorum
2070 3135 2133 3191 in
2164 3138 2303 3191 ten-

190 3237 450 3294 tationes
489 3251 725 3311 graves.
796 3235 1012 3312 Agitur
1046 3234 1144 3293 hic
1175 3234 1250 3294 de
1284 3235 1425 3308 illis,
1461 3236 1626 3314 apud
1650 3251 1799 3311 quos
1836 3233 2163 3310 spiritualis
2192 3249 2307 3291 seu

189 3336 464 3393 internus
499 3335 678 3394 homo
714 3351 834 3393 non
865 3338 950 3394 ita
985 3335 1230 3394 clausus
1269 3341 1394 3406 est,
1442 3353 1516 3395 ex
1554 3335 1821 3414 eoquod
1869 3337 1929 3394 in
1974 3333 2177 3411 aliqua
2210 3331 2306 3390 af·-

187 3433 450 3494 sectionc
488 3437 617 3495 veri
649 3435 948 3511 spirituali
983 3437 1134 3504 siut,
1187 3442 1250 3496 et
1295 3453 1489 3513 nsque
1536 3438 1843 3513 patiuntur
1877 3451 1945 3494 se
1980 3432 2191 3492 seduci
2225 3428 2303 3486 ab

181 3534 310 3592 illis
347 3537 454 3610 qui
494 3537 556 3594 in
589 3535 880 3595 Doctrina
927 3534 1218 3594 falsorum
1255 3544 1423 3611 sunt,
1476 3537 1755 3596 videatur
1789 3549 1977 3610 supra
2017 3548 2085 3588 n:
2134 3531 2303 3603 1623

183 3634 250 3693 hi
277 3635 424 3710 quia
458 3637 756 3711 recipiunt
788 3637 946 3695 falsa
979 3638 1040 3696 ln
1075 3639 1365 3696 memoria
1398 3636 1688 3696 naturalis
1725 3635 1821 3693 sui
1853 3631 2129 3702 hominis,
2168 3643 2305 3687 cum

185 3735 410 3811 quibus
449 3737 780 3811 spiritualis
815 3739 1084 3796 internus
1119 3737 1296 3797 homo
1331 3755 1450 3796 non
1486 3733 1849 3796 concordare
1883 3735 2116 3808 potest,
2165 3743 2305 3785 nam

183 3835 282 3894 hic
318 3850 442 3893 non
478 3837 692 3912 recipit
732 3840 852 3897 nisi
885 3854 1062 3908 vera,
1109 3837 1246 3898 ideo
1283 3839 1473 3897 oritur
1505 3851 1707 3912 pugna
1740 3835 1897 3890 inter
1928 3826 2307 3908 spiritualem

185 3941 248 3994 et
285 3935 625 3994 naturalem
663 3936 993 4012 hominem,
1039 3938 1192 3998 haec
1226 3955 1431 4015 pugna
1468 3941 1561 3996 est
1596 3934 1875 4007 tentatio,
1926 3946 2080 4008 quae
2114 3928 2303 4006 signi-

181 4033 404 4094 ficatur
429 4053 543 4112 per
569 4037 951 4098 afflictionem
977 4057 1272 4116 magnam.
1329 4036 1508 4114 Quod
1534 4036 1785 4095 tentatio
1814 4036 1893 4093 sit
1917 4049 2123 4110 pugna
2146 4033 2307 4090 inter

183 4135 570 4210 spiritualem
606 4143 668 4196 et
693 4139 1030 4198 naturalem
1064 4140 1385 4208 hominem,
1421 4136 1695 4195 videatur
1730 4137 1792 4195 111
1819 4136 2145 4196 ΒοσωιιιΝΑ
2170 4130 2304 4192 No-

183 4252 304 4294 vu:
340 4235 859 4312 Hmaosommn,
910 4257 992 4299 n:·
1031 4242 1187 4298 190.
1238 4241 1397 4298 194.
1442 4240 1601 4297 197.
1651 4239 1809 4296 199.

294 4353 732 4409 εποιιωιιοις.
777 4356 966 4409 Apoeal.
1000 4356 1112 4408 ,ιρι
1147 4357 1182 4394 1.
1908 4341 1933 4391 1
1958 4337 1991 4392 5
