2700 4792
337 377 580 434 CAPUT
619 377 1022 434 SECUNDUM.
1396 409 1401 414 ·
1678 381 1861 437 VERS
1878 403 1891 436 ε
1933 393 2026 448 27.
2184 397 2292 450 241

181 539 346 617 qnod
407 539 484 597 ab
531 538 814 614 Antiquis
872 536 1128 596 Saecula
1181 544 1399 597 vocata
1448 540 1566 598 sint
1616 556 1651 598 a
1700 539 1993 612 Metalli5‚
2080 560 2295 623 nempe

181 642 411 714 Aurea,
461 639 786 715 Argentea,
833 635 1072 714 Cuprea
1099 643 1158 695 et
1184 638 1425 708 Ferrea,
1463 639 1669 699 Aurea
1694 657 1770 699 ex
1802 641 2139 702 hominibus
2164 638 2293 704 An-

179 740 538 816 tiquissimis
578 740 680 814 qui
723 739 1004 796 vixerunt
1051 739 1110 794 in
1153 738 1308 796 bono
1347 740 1599 812 amoris3
1657 740 1961 816 Argentea
2002 760 2079 802 ex
2115 745 2291 804 Anti-

181 843 320 917 quis
368 846 512 916 post
553 839 689 896 illos
742 838 844 914 qui
894 839 1172 896 vixerunt
1215 840 1276 896 in
1312 837 1491 898 Veris
1540 856 1615 896 ex
1655 839 1760 898 illo
1807 841 1993 918 b0n03
2056 842 2295 920 Cupi-ea

181 958 254 999 ex
297 941 564 1016 posteris
609 939 822 996 horum
859 940 962 1014 qui
995 940 1056 995 in
1106 935 1260 997 bono
1297 943 1543 998 externo
1582 955 1691 998 seu
1726 942 2015 1018 naturali;
2070 941 2295 1004 Ferrea

181 1059 263 1099 ex
308 1041 520 1098 horum
569 1040 857 1116 posteriS,
917 1040 1018 1113 qui
1053 1045 1224 1096 erant
1273 1041 1335 1096 in
1382 1038 1511 1098 solo
1560 1054 1703 1098 vero
1755 1041 2016 1100 naturali
2062 1041 2291 1120 absque

182 1141 378 1215 b0n03
435 1157 648 1198 verum
693 1137 968 1196 naturale
1021 1146 1116 1196 est
1149 1156 1359 1196 verum
1400 1141 1687 1199 memoria
1726 1147 1787 1198 et
1825 1158 1943 1199 non
1977 1143 2132 1218 vita5
2183 1161 2292 1202 ve-

180 1259 318 1298 rum
354 1241 516 1298 vitae
554 1246 648 1299 est
683 1238 936 1296 bonum:
984 1237 1093 1297 sed
1127 1237 1304 1314 plura
1349 1239 1422 1298 de
1458 1239 1571 1298 hac
1611 1238 2155 1316 Coi-respondentia
2193 1244 2288 1305 vi-

179 1341 440 1399 deantur
498 1343 560 1398 in
613 1339 812 1414 Opere
857 1339 931 1397 de
985 1336 1185 1397 Coum
1232 1353 1310 1396 Ἐἰ·
1362 1339 1637 1410 ,ΙΝΕ-ΕιιΝο
1688 1357 1761 1398 n:
1825 1343 1961 1400 104
2018 1347 2081 1400 et
2129 1344 2288 1402 115.

181 1440 536 1502 Successivi
578 1445 770 1498 status
803 1437 1116 1497 Ecclesiae
1163 1455 1354 1515 usque
1392 1439 1468 1496 ad
1520 1439 1843 1498 adventum
1878 1440 2148 1518 Domini,
2196 1443 2291 1502 in-

179 1541 414 1600 tellecti
449 1546 591 1598 sunt
615 1557 725 1616 per
753 1539 1003 1612 Aurum,
1053 1539 1414 1615 Argentum,
1462 1539 1587 1598 Aes
1624 1546 1686 1598 et
1719 1540 1997 1616 Ferrum,
2046 1558 2121 1600 ex
2151 1545 2287 1618 qui-

178 1643 296 1700 bus
337 1645 470 1699 erat
509 1638 724 1700 Statua
770 1639 1306 1698 Nebuchadnezari
1342 1642 1403 1697 in
1444 1643 1673 1700 somnio
1718 1642 1879 1714 visa,
1935 1641 2009 1700 de
2048 1659 2171 1718 qua
2202 1645 2291 1702 ita

178 1741 346 1819 apud
381 1740 698 1800 Danielem
744 1783 784 1814 „
793 1736 1002 1818 Caput
1041 1739 1176 1822 ejus
1211 1744 1350 1799 erat
1384 1737 1640 1801 Aurum
1674 1741 1901 1802 bonum
1917 1785 1935 1814 ,
1968 1746 2195 1822 pectus
2227 1746 2290 1802 et

177 1839 442 1904 brachia
477 1841 834 1920 Arqemum
846 1883 862 1914 ,
925 1844 1134 1900 venter
1163 1844 1226 1898 et
1261 1839 1519 1920 femora
1553 1841 1685 1902 Aea
1698 1886 1718 1920 ,
1774 1859 1965 1902 crura
1996 1841 2288 1916 Ferrum,

167 1941 369 2022 pedes·
411 1959 492 2001 ex
533 1946 726 2020 parte
757 1937 1029 2000 Fam-um
1079 1957 1158 2000 ex
1198 1945 1391 2018 parte
1421 1939 1691 2020 Aryilla
1706 1965 1726 2001 .·
1782 1947 1843 2000 et
1890 1942 2148 2004 eoeciaua
2194 1947 2290 2004 eat

177 2041 355 2122 lapis
390 2059 474 2100 ex
497 2047 706 2120 petra,
755 2047 814 2102 et
829 2039 1152 2120 percussit
1183 2044 1474 2102 statuam
1508 2061 1698 2121 super
1723 2038 1919 2120 pedes
1952 2042 2090 2124 ejus
2105 2087 2122 2117 ,
2176 2043 2289 2122 qui

161 2145 426 2223 smum
459 2146 520 2200 et
553 2138 830 2220 aryilla,
877 2145 937 2200 et
971 2140 1266 2201 contrivit
1299 2159 1422 2200 eoa.
1495 2141 1687 2216 Quod
1720 2141 1953 2201 vidisti
1973 2141 2171 2222 pedes
2204 2161 2287 2204 ex

163 2247 364 2324 parte
401 2239 648 2320 aryilla
672 2238 877 2323 fiyulz’
891 2285 907 2316 ,
969 2247 1030 2300 et
1067 2259 1147 2301 ex
1181 2246 1372 2319 parte
1402 2242 1684 2320 serrum,
1746 2240 2075 2322 atynificat
2119 2239 2289 2322 quod

175 2345 482 2423 Reynum
523 2341 810 2402 divisum
842 2341 992 2416 mc,
1043 2359 1124 2402 ecc
1148 2345 1340 2420 pwrte
1373 2341 1675 2420 Reynwm
1708 2341 1831 2402 erit
1864 2340 2174 2416 validum,
2226 2347 2288 2402 et

173 2463 257 2504 ex
286 2448 480 2522 parte
519 2442 642 2502 erit
663 2427 958 2522 fractum
977 2463 998 2502 .·
1056 2440 1223 2520 quod
1261 2440 1492 2500 vidisti
1523 2439 1779 2521 ferrum
1818 2441 2100 2503 mixtum
2144 2461 2286 2502 cum

175 2539 434 2621 aryilla
463 2539 606 2617 luti,
653 2541 1130 2603 commiscebant
1168 2560 1236 2600 ae
1259 2559 1382 2620 per
1424 2560 1630 2602 acmen
1669 2540 1970 2616 hominia,
2024 2541 2138 2602 aed
2158 2560 2287 2601 non

176 2641 588 2704 cohaerebunt
625 2661 823 2703 unum
867 2660 1009 2702 cum
1041 2639 1270 2710 altero,
1315 2640 1845 2720 quemadmodum
1868 2641 2125 2722 ferrum
2160 2658 2287 2702 non
2324 2627 2483 2695 [163]

171 2741 614 2804 commiscetur
669 2761 812 2803 cum
863 2739 1155 2822 av·9z'lla“
1229 2743 1321 2802 II:
1381 2744 1491 2800 32.
1536 2745 1647 2803 33.
1692 2744 1804 2801 34.
1846 2745 1959 2800 41.
2000 2744 2113 2801 42.
2156 2743 2281 2816 433

171 2861 288 2921 per
316 2841 516 2920 Caput
542 2843 700 2919 quod
737 2849 864 2902 crat
909 2861 1117 2901 aurum
1147 2842 1385 2917 bonum,
1433 2843 1782 2920 intelligitur
1814 2843 2049 2902 Primus
2088 2845 2285 2900 status

171 2943 516 3018 Ecclesiae,
563 2942 800 3019 quando
847 2946 907 3002 in
941 2943 1096 3002 bono
1145 2945 1362 3001 amoris
1398 2946 1457 3000 in
1498 2942 1819 3002 Dominum
1855 2943 2121 3020 fuerunt3
2173 2957 2287 3018 per

172 3045 400 3102 Pectus
449 3051 512 3102 et
545 3043 824 3114 Brachia,
864 3061 1018 3121 quae
1056 3048 1226 3102 erant
1270 3050 1609 3120 argentum,
1664 3042 2013 3120 intelligitur
2047 3041 2283 3106 Secun-

174 3143 288 3202 dus
325 3149 523 3202 status-
555 3143 901 3218 Ecclesiae,
959 3143 1198 3220 quando
1231 3146 1294 3202 in
1327 3143 1506 3202 Veris
1550 3161 1623 3202 ex
1661 3144 1765 3203 illo
1813 3144 1971 3203 bono
2007 3143 2281 3218 fuerunt3

169 3259 300 3319 perv
316 3242 608 3302 Ventrem
645 3250 706 3303 et
730 3244 1014 3316 Femora,
1059 3261 1214 3319 quae
1257 3261 1332 3302 cx
1368 3261 1533 3318 aere,
1581 3261 1843 3321 sequens
1874 3243 2114 3304 Tertius
2150 3249 2280 3303 sta-

173 3351 282 3402 tus
314 3342 654 3420 Ecclesiae,
710 3345 946 3420 quando
981 3363 1100 3404 non
1137 3345 1393 3420 amplius
1436 3347 1500 3402 in
1536 3343 1693 3404 bono
1738 3345 2037 3423 spirituali
2072 3343 2183 3403 sed
2218 3343 2283 3400 in

172 3442 338 3502 bono
369 3444 626 3503 naturali
651 3451 853 3514 erant,
895 3463 1034 3504 nam
1068 3461 1174 3504 aes
1210 3444 1504 3522 significat
1535 3445 1598 3504 id
1630 3446 1852 3505 bonum
1867 3464 1886 3520 ;⁴
1937 3461 2051 3521 per
2084 3458 2279 3516 crura,

172 3559 332 3620 quae
383 3550 553 3602 erant
610 3563 685 3605 ex
735 3545 922 3620 ferro,
989 3544 1338 3621 intelligitur
1384 3545 1649 3622 Quartus
1704 3553 1897 3605 status
1946 3540 2277 3615 Ecclesiae,

171 3643 412 3718 quando
437 3661 580 3703 non
615 3645 838 3708 bnnum
883 3646 1156 3704 naturale
1192 3644 1479 3723 amplius,
1535 3645 1647 3706 sed
1680 3645 1855 3704 modo
1884 3657 2123 3715 verum3
2169 3655 2281 3715 per
2326 3627 2332 3632 ⁷

167 3743 363 3819 pedes
399 3751 629 3820 autem,
679 3747 780 3822 qui
817 3763 891 3805 ex
923 3746 1084 3806 ferro
1125 3752 1186 3805 et
1219 3762 1296 3805 ex
1331 3746 1579 3822 argilla,
1631 3743 1985 3818 intelligitur
2017 3737 2281 3801 Ultimus

167 3849 367 3901 status
398 3843 726 3922 Ecclesiae,
777 3846 1013 3923 quaudo
1051 3846 1278 3906 Verum
1315 3851 1377 3906 et
1410 3845 1656 3919 falsum,
1711 3843 1938 3903 Verum
1974 3840 2035 3896 in
2072 3836 2279 3898 Verbo

167 3949 229 4001 et
267 3942 493 4002 falsum
539 3947 604 4003 in
645 3947 967 4022 Doctrina3
1015 3964 1152 4007 cum
1187 3963 1338 4006 vera
1373 3944 1563 4005 Verbi
1606 3942 2030 4016 falsificantur,
2094 3944 2157 4000 et
2204 3955 2281 3998 ex

103 4119 120 4138 .
163 4042 502 4104 falsificatis
548 4045 616 4104 fit
661 4046 981 4117 Doctrina,
1041 4053 1181 4108 tunc
1233 4051 1427 4105 status
1476 4043 1789 4104 Ecclesiae
1840 4050 1935 4104 est
1992 4059 2069 4104 ex
2107 4045 2280 4119 parte

159 4143 392 4202 ferrum
431 4162 507 4204 ex
553 4153 728 4222 parte
766 4147 1005 4226 argilla,
1063 4154 1124 4207 et
1165 4149 1253 4206 sic
1277 4146 1555 4223 Regnum
1594 4162 1669 4206 ex
1702 4152 1874 4224 parte
1919 4143 2185 4210 validum
2219 4147 2282 4201 et

163 4260 238 4300 ex
289 4252 470 4321 parte
519 4245 773 4308 fractnn
787 4267 805 4324 3
864 4248 1140 4325 Regnum
1189 4247 1274 4307 ibi
1330 4253 1425 4306 est
1471 4246 1777 4322 Ecclesia,
1853 4261 2039 4328 quare
2099 4245 2281 4302 ctiam

264 4361 706 4417 Swedenstorffi
747 4365 937 4418 Apocal.
969 4365 1080 4418 cxpl.
1115 4365 1149 4403 1.
1878 4347 1961 4402 16
