2700 4792
312 404 555 459 CAPUT
607 405 1014 476 SECUNDUM,
1630 407 1841 464 vnn&
1904 420 1991 473 13.
2162 425 2270 477 170

169 563 236 622 de
271 579 391 639 qua
431 579 621 640 supra
671 581 739 623 n:
787 565 947 622 120.
1035 563 1240 622 Multis
1289 565 1353 622 in
1398 565 1544 625 locis
1582 569 1642 626 in
1680 566 1883 628 Verbo
1928 587 2267 633 memoran-

169 671 258 722 tur
289 663 526 738 throni,
591 669 652 722 et
698 681 808 741 per
861 663 998 723 illos
1044 666 1106 722 in
1155 679 1342 723 sensu
1376 667 1673 741 spirituali
1708 670 2075 744 significatur
2100 672 2270 749 J'udi-

171 767 314 824 cium
351 783 425 824 ex
461 765 702 824 Divinis
739 764 952 842 Veris,
1007 771 1068 824 et
1100 767 1161 822 in
1197 781 1479 841 supremo
1525 781 1709 827 sensu
1754 770 2029 846 Regnum
2068 771 2264 849 Spiri-

165 866 318 924 tuale
351 865 618 938 Domini,
651 865 752 923 ubi
778 863 1066 926 Divinum
1093 865 1319 923 Verum
1348 865 1487 941 plus
1514 885 1693 943 quam
1720 869 2002 929 Divinum
2028 871 2263 931 Bonum

157 967 398 1025 ‘Domini
451 967 774 1041 recipitur,
825 966 1104 1025 videatur
1149 983 1219 1023 n:
1277 968 1491 1024 2129.
1539 968 1743 1028 531-3.
1794 971 2003 1029 5315.
2052 973 2263 1032 6397.

176 1068 387 1133 8625;
445 1066 562 1125 sed
615 1068 758 1142 quia
810 1066 1058 1125 thronus
1106 1058 1449 1124 nominatur
1497 1066 1591 1126 hic
1636 1071 1696 1126 in
1748 1072 2026 1146 opposito
2064 1087 2267 1144 sensu,

173 1167 604 1243 supersedetur
649 1183 807 1226 nunc
845 1184 878 1226 e
913 1166 1063 1226 locis
1103 1183 1135 1226 e
1173 1165 1377 1226 Verbo
1417 1167 1477 1225 id
1514 1169 1865 1245 ostendere3
1922 1171 2269 1231 ostendetur

167 1269 223 1324 in
254 1267 674 1351 sequentibus.

319 1369 487 1428 135.
544 1367 622 1426 Et
653 1373 826 1426 tenes
860 1367 1092 1427 Nomen
1121 1386 1348 1442 meum,
1390 1368 1550 1444 quod
1576 1369 1870 1447 significet
1905 1373 2267 1447 agnitionem

171 1455 368 1526 Divini
405 1471 472 1528 in
511 1467 788 1527 Humano
825 1469 1098 1543 Domini,
1157 1486 1228 1527 ac
1282 1471 1479 1528 omnia
1518 1473 1735 1530 amoris
1788 1478 1847 1531 et
1892 1471 2033 1531 fidei
2065 1474 2127 1530 ln
2161 1471 2267 1550 Ip-

173 1586 320 1644 sum,
377 1575 620 1628 constat
671 1587 747 1628 cx
787 1569 908 1629 illis
957 1587 1111 1646 quae
1164 1585 1351 1645 supra
1397 1569 1473 1627 de
1524 1571 1955 1648 significatione
1998 1572 2268 1634 Nominis

171 1669 466 1745 Jehovae,
548 1669 823 1740 Domini,
891 1675 952 1730 et
997 1669 1153 1728 Jesu
1203 1669 1423 1729 Christi
1474 1687 1549 1729 n:
1621 1674 1756 1730 102
1810 1679 2057 1748 ostensa
2106 1680 2265 1733 sunt.

177 1769 340 1845 Quod
373 1789 493 1848 per
527 1769 760 1830 Nomen
785 1769 1026 1830 Domini
1059 1772 1122 1829 in
1147 1769 1350 1828 Verbo
1380 1772 1659 1846 primario
1696 1773 2063 1850 intelligatur
2094 1775 2269 1850 agni-

171 1874 246 1929 tio
285 1871 498 1931 Divini
532 1874 592 1930 in
627 1871 906 1930 Humano
941 1871 1174 1948 Ipsius,
1213 1877 1308 1930 est
1344 1873 1487 1947 quia
1519 1873 1657 1931 inde
1692 1880 1830 1932 sunt
1864 1875 2065 1932 omnia
2098 1891 2267 1934 amo·

173 1974 246 2029 ris
282 1979 342 2031 et
377 1972 548 2047 fidei,
615 1989 732 2030 non
773 1974 927 2030 enim
977 1971 1214 2030 aliunde
1267 1972 1603 2049 procedunt
1652 1973 1875 2032 Divina
1917 1974 2075 2033 bona
2110 1991 2265 2050 quae

171 2076 381 2131 amoris
421 2079 485 2132 et
521 2072 744 2133 Divina
784 2087 932 2130 vera
965 2067 1123 2148 quae
1169 2079 1310 2130 sunt
1356 2072 1497 2131 fidei
1536 2091 1713 2149 quam
1750 2092 1787 2132 a
1820 2072 1949 2133 solo
1985 2074 2263 2150 Domino,

175 2179 232 2230 et
275 2190 348 2232 ea
400 2191 520 2232 non
565 2173 814 2232 influere
861 2178 1118 2248 possunt
1165 2173 1328 2248 apud
1379 2173 1705 2248 hominem,
1771 2177 1885 2233 nisi
1926 2177 2147 2252 cogitet
2188 2175 2265 2235 de

173 2273 384 2332 Divino
418 2275 660 2333 Domini
685 2291 822 2332 culn
857 2273 1034 2331 simul
1062 2271 1137 2331 de
1166 2274 1441 2333 Humano
1469 2273 1699 2350 Ipsius,
1739 2275 2025 2335 Divinum
2058 2274 2264 2352 Ipsius

177 2391 282 2432 nec
321 2381 415 2434 est
447 2381 792 2452 separatum
829 2373 904 2431 ab
932 2373 1241 2443 Humano,
1291 2374 1402 2432 sed
1436 2381 1531 2432 est
1563 2375 1623 2431 in
1657 2373 1951 2446 Humano,
1992 2375 2266 2434 videatur

178 2490 368 2549 supra.
423 2493 492 2533 n:
537 2477 644 2534 10.
689 2476 800 2534 26.
845 2475 958 2532 49.
1011 2462 1116 2532 52ss
1170 2479 1276 2533 77.
1322 2477 1433 2533 97.
1483 2475 1639 2533 113.
1686 2476 1856 2532 114:
1912 2490 2265 2534 asseverare

183 2589 433 2650 possum
469 2591 541 2632 ex
565 2578 717 2634 omni
746 2576 1120 2650 experientia
1154 2575 1228 2634 de
1271 2573 1582 2650 Spirituali
1607 2573 1857 2650 Mundo,
1897 2573 2057 2650 quod
2090 2590 2266 2635 nemo

185 2675 264 2730 sit
295 2673 359 2731 in
391 2677 546 2733 veris
579 2674 712 2734 fidei
747 2681 807 2734 et
833 2678 892 2733 in
917 2675 1089 2733 bonis
1120 2677 1369 2744 amoris,
1406 2675 1521 2733 nisi
1558 2676 1659 2752 qui
1697 2675 1921 2751 cogitat
1946 2673 2019 2732 de
2047 2672 2267 2732 Divino

178 2773 419 2834 Domini
451 2775 624 2833 simul
660 2792 792 2835 cum
829 2775 921 2834 de·
951 2775 1228 2834 Humano
1264 2776 1499 2852 Ipsius,
1551 2781 1617 2833 ut
1666 2780 1727 2833 et
1763 2774 1923 2852 quo-d
1968 2790 2141 2832 nemo
2189 2774 2269 2831 sit

177 2875 501 2951 spiritualis
529 2892 642 2935 seu
679 2875 981 2952 Angelus,
1032 2878 1150 2934 nisi
1183 2878 1245 2933 in
1279 2876 1384 2934 illa
1420 2878 1778 2952 cogitatione
1820 2881 1879 2934 et
1915 2881 2055 2933 tune
2092 2875 2263 2952 agni-

177 2977 329 3036 tione
364 2977 544 3036 fuerit
584 2979 645 3034 in
686 2976 904 3036 mundo
921 2996 937 3051 3
991 2976 1170 3034 homo
1218 2976 1398 3036 debet
1434 2977 1712 3054 conjungi
1745 2975 1965 3039 Divino
2004 2991 2113 3034 suo
2148 2974 2267 3034 fide

180 3083 236 3134 et
277 3094 507 3152 amore,
565 3082 633 3136 ut
669 3078 863 3152 possit
913 3075 1170 3148 salvari,
1231 3083 1291 3136 et
1355 3078 1543 3148 omnis
1598 3077 1934 3154 conjunctio
1990 3083 2083 3136 est
2130 3093 2267 3136 cum

177 3175 458 3252 Domino,
523 3183 585 3236 et
626 3178 909 3254 >conjungi
963 3176 1160 3235 solum
1205 3177 1486 3236 Humano
1539 3175 1740 3253 Ipsius
1804 3183 1864 3236 et
1913 3193 2033 3235 non
2088 3175 2268 3236 simul

181 3275 418 3352 Divino,
481 3294 602 3337 non
646 3283 738 3336 est
792 3278 1160 3354 conjunctio,
1214 3295 1351 3336 nam
1386 3277 1673 3336 Divinum
1706 3279 1927 3350 salvat,
1977 3294 2096 3336 non
2127 3277 2265 3336 Hu-

179 3392 410 3436 manum
450 3377 682 3454 absque
722 3376 974 3436 Divino:
1015 3377 1178 3453 quod
1201 3377 1545 3436 Humanum
1574 3378 1815 3437 Domini
1850 3381 1928 3438 sit
1961 3377 2264 3450 Divinum,

179 3476 450 3538 videatur
496 3477 827 3538 Doewnnu
885 3477 1100 3537 Noun
1162 3478 1645 3540 Hmaosomrmn
1683 3497 1753 3556 nt
1823 3479 1965 3536 280
1997 3475 2075 3534 ad
2106 3475 2268 3534 310.

328 3580 490 3637 136.
544 3579 622 3636 Et
655 3596 775 3638 non
801 3579 1038 3654 negasti
1075 3577 1283 3650 fidem,
1339 3578 1500 3655 quod
1534 3579 1829 3655 significet
1870 3575 2264 3635 constantiam
2303 3580 2469 3646 [124]

175 3677 230 3734 in
259 3679 458 3752 vel-ie,
513 3685 747 3740 constat
792 3695 867 3738 ex
903 3679 1336 3756 significatione
1384 3697 1501 3738 non
1536 3695 1791 3754 negare,
1847 3692 1985 3736 cum
2020 3672 2093 3731 de
2128 3671 2267 3748 fido,

175 3779 327 3852 quod
373 3780 454 3849 sit
486 3787 769 3839 constans
813 3795 982 3855 esse,
1019 3797 1159 3838 nam
1195 3783 1298 3856 qui
1335 3784 1617 3839 constans
1654 3783 1775 3850 est,
1812 3790 1931 3832 non
1956 3776 2169 3848 negat3
2206 3777 2270 3831 et

175 3895 244 3936 ex
283 3879 718 3956 significatione
759 3879 928 3954 fidei,
985 3873 1144 3956 quod
1189 3883 1309 3940 sint
1361 3895 1536 3951 vera,
1596 3877 1875 3952 quoniam
1918 3889 2127 3934 verum
2176 3875 2269 3932 est

173 3977 304 4038 fidei
341 3987 402 4039 et
436 3979 586 4039 fides
630 3986 726 4040 est
758 3982 904 4040 veri.
987 3977 1138 4040 Sunt
1173 3981 1290 4040 duo
1341 3994 1494 4056 quae
1534 3977 1761 4037 faciunt
1794 3975 1979 4034 vitam
2012 3973 2269 4034 hominis

173 4080 571 4154 spiritualem,
628 4097 796 4140 amor
837 4087 898 4141 et
937 4079 1123 4152 fideS,
1177 4097 1350 4139 omne
1385 4077 1610 4138 bonum
1653 4093 1720 4136 se
1764 4076 1949 4136 refert
1986 4075 2065 4136 ad
2100 4092 2269 4136 amo-

173 4195 290 4238 rem
338 4187 400 4238 et
436 4197 608 4240 omne
647 4199 860 4241 verum
912 4181 998 4240 ad‘
1028 4181 1237 4250 fidem;
1294 4179 1403 4238 sed
1452 4195 1661 4238 verum
1708 4183 1938 4238 tantum
1988 4184 2082 4238 est
2133 4175 2273 4236 fidei

173 4280 326 4353 apud
372 4281 701 4356 hominem,
758 4287 1044 4359 quantum
1101 4281 1283 4341 trahit
1345 4284 1427 4338 ex'
1476 4277 1633 4339 bono
1680 4281 1931 4368 amoris,
1995 4278 2273 4353 quoniam

1705 4376 1733 4434 l
1752 4381 1789 4436 2
1819 4373 1855 4410 '⁸‘
