2700 4792
325 349 577 406 CAPUT
619 348 986 417 QUARTUM.
1692 353 1901 410 VERS:
1947 367 2037 418 11.
2194 371 2303 420 507

141 518 412 586 matur,
451 516 514 572 et
547 508 684 572 dein
709 509 1104 573 introducitur
1137 513 1198 572 in
1225 509 1477 574 coelum
1494 557 1511 588 ‚
1550 519 1615 574 et
1644 513 1729 574 ibi
1754 514 2055 576 detinetur
2090 533 2127 576 a
2151 518 2306 578 malo

147 620 218 674 et
257 612 440 674 salso
477 627 550 672 ac
583 618 824 674 tenetur
855 613 918 672 in
943 611 1100 672 bono
1127 617 1188 672 et
1216 629 1381 686 vero,
1416 613 1531 676 hoc
1556 630 1731 674 nemo
1756 621 1962 692 potest
1982 618 2101 676 nisi
2128 615 2307 678 Solus

141 715 514 776 Dominus:
569 715 674 790 qui
706 711 824 772 sibi
854 718 1216 790 potestatem
1249 712 1414 772 illam
1440 713 1757 790 vindicant,
1794 714 1882 774 iili
1912 733 2163 794 prorsus
2188 735 2309 778 non

145 817 386 878 sciunt
437 801 595 890 quid'
614 812 872 872 salvatio
889 855 908 884 ,
958 829 1098 872 nam
1143 829 1262 872 non
1309 814 1509 898 sciunt
1560 814 1701 892 quid
1746 815 2089 876 reformatio
2109 861 2129 888 ,
2192 835 2308 879 nec

145 913 316 993 qnid
377 911 628 974 coelum
679 911 840 990 apud
872 909 1200 989 hominem3
1252 913 1556 974 vindicare
1604 913 1718 974 sibi
1762 921 2125 992 potestatem
2169 918 2303 978 Do-

143 1015 350 1088 mini,
409 1019 506 1073 est
537 1017 898 1091 potestatem
949 1028 1136 1090 super
1167 1011 1379 1092 Ipsum
1414 1013 1768 1087 Dominum,
1824 1032 1981 1092 quae
2036 1024 2303 1094 potestas

145 1119 434 1176 vocatur
456 1117 748 1192 potestas
775 1112 1184 1188 tenebrarum,
1221 1113 1379 1174 Luc:
1407 1113 1613 1176 xxn:
1650 1115 1762 1174 53.
1808 1113 1981 1190 Quod
2009 1122 2304 1193 potestas,

145 1232 312 1274 cum
353 1212 430 1272 de
456 1212 744 1284 Domino«,
778 1212 1189 1290 principaliter
1221 1221 1461 1292 spectet
1491 1215 1885 1275 salvationem
1900 1259 1917 1288 ‚
1956 1223 2193 1276 constat
2226 1235 2302 1276 ex

12 1375 14 1378 ,
145 1315 262 1376 his
305 1313 496 1388 locis3
549 1312 712 1390 apud
737 1312 1076 1374 Johannem
1114 1311 1359 1389 „Jews
1384 1313 1580 1388 dimit,
1617 1311 1819 1376 Pater
1854 1313 2097 1378 dedisti
2120 1314 2302 1377 Filio

10 1418 12 1440 ⁶
136 1417 550 1494 potestatem
581 1411 790 1474 omnis
824 1412 1067 1496 carnia,
1121 1417 1195 1476 ut
1237 1431 1449 1476 omnes
1460 1459 1477 1490 ,
1520 1433 1675 1495 quos
1714 1415 1957 1478 dedisti
1989 1415 2151 1496 Ipsi,
2195 1416 2303 1479 det

10 1507 12 1536 ¹
151 1510 322 1576 illis
355 1512 559 1574 vitam
595 1518 961 1576 aetermm“
1011 1513 1217 1575 XVII:
1261 1518 1341 1574 2:
1398 1515 1561 1592 apud
1609 1515 1878 1576 Eundem
1926 1515 2302 1596 „Quotquot

149 1618 536 1693 receperunt
569 1612 748 1675 dedit
784 1613 874 1675 iio
901 1617 1284 1694 potestatem
1317 1619 1393 1675 ut
1420 1611 1564 1694 filii
1596 1614 1738 1677 Dei
1773 1622 1979 1677 essent
1992 1661 2011 1685 ,
2048 1616 2301 1678 creden-

155 1713 352 1776 tibus
383 1712 455 1774 in
491 1712 740 1776 Nomen
774 1713 1048 1794 Ipsam
1101 1715 1167 1776 1:
1213 1718 1330 1774 12:
1386 1715 1550 1794 apud
1582 1716 1855 1776 Eundem
1911 1715 2117 1797 „Ego
2152 1735 2299 1779 sum

169 1812 394 1886 Vitis,
443 1833 554 1874 voe
595 1812 903 1894 palmites
917 1835 945 1885 ;
1009 1833 1270 1877 manens
1322 1814 1392 1876 in
1440 1813 1549 1876 Me
1586 1822 1647 1880 et
1682 1815 1833 1896 Eyo
1872 1816 1943 1876 in
1984 1814 2129 1889 illo,
2198 1815 2303 1878 hio

147 1915 304 1993 sert
341 1913 638 1994 fructum
685 1912 960 1978 multum
971 1935 1000 1987 ,·
1051 1916 1205 1995 quia
1258 1915 1397 1976 eine
1436 1913 1545 1976 Me
1596 1935 1722 1978 non
1760 1917 2035 1996 potestis
2092 1917 2300 1989 facere

157 2014 552 2094 quioquam“
589 2015 730 2076 XV:
769 2018 840 2075 5:
895 2015 1060 2092 apud
1096 2015 1365 2076 Marcum
1401 2013 1917 2096 „Obstupueram
1956 2036 2147 2098 super
2183 2017 2297 2078 do·-

165 2115 390 2176 0tm‘via
413 2113 656 2195 Ipsius,
695 2121 834 2178 erat
871 2115 1038 2176 enim
1080 2113 1303 2177 docem
1332 2110 1484 2174 illos
1518 2120 1593 2176 ut
1608 2121 1991 2195 potestatem
2014 2115 2291 2178 habens“

167 2214 238 2274 1:
285 2218 370 2276 22
396 2237 412 2274 :
463 2223 526 2274 et
559 2216 722 2293 apud
755 2216 982 2276 Lucam
1018 2259 1058 2291 ,‚
1069 2211 1230 2276 Oum
1243 2218 1561 2294 potestate
1592 2219 1652 2274 et
1664 2214 1959 2296 potentia
1976 2217 2297 2297 praecipit

174 2311 530 2378 immundis
581 2315 948 2396 spiritibus,
1009 2320 1070 2375 et
1107 2315 1381 2376 eoeeunt“
1439 2312 1547 2372 IV:
1592 2315 1715 2388 363
1768 2323 2011 2391 praeter
2064 2317 2195 2376 aliis
2235 2320 2297 2376 in

169 2411 342 2474 locis.
421 2416 531 2476 Est
565 2433 801 2494 quoque
837 2416 1102 2476 Domino
1162 2420 1435 2493 potestas
1498 2431 1681 2492 super
1738 2418 1961 2486 omnia,
2020 2419 2159 2492 quia
2202 2424 2297 2475 est

169 2511 354 2575 Solus
388 2516 589 2592 Deus,
645 2517 757 2578 sed
789 2516 1047 2578 salvatio
1100 2516 1346 2576 humani
1384 2513 1639 2575 Generis
1686 2520 1780 2574 est
1812 2515 2141 2592 principale
2175 2533 2291 2592 po-

166 2618 442 2692 testatis,
479 2619 623 2695 quia
653 2623 901 2695 propter
933 2617 1102 2676 illam
1133 2616 1305 2677 Coeli
1341 2621 1405 2676 et
1428 2613 1637 2674 Mundi
1670 2616 1857 2676 creati
1882 2622 2049 2684 sunt,
2082 2631 2156 2674 ao
2189 2615 2295 2677 iila

163 2721 264 2776 est
299 2720 567 2796 receptio
591 2717 802 2781 Divini
835 2717 1238 2794 procedentis.
1297 2715 1475 2793 Quod
1508 2732 1619 2792 per
1642 2715 1877 2792 Dignus
1912 2731 1981 2776 es
2016 2714 2291 2790 Domine,

163 2815 536 2894 significetur
573 2820 848 2878 meritum
885 2825 947 2876 et
971 2819 1210 2894 justitia
1263 2833 1419 2895 quae
1470 2817 1689 2876 Divino
1724 2815 1998 2875 Humano
2031 2815 2294 2887 Domini,

161 2922 262 2976 est
301 2919 444 2994 quia
477 2917 692 2998 diguus
721 2935 788 2978 es
813 2918 1110 2996 significat
1137 2917 1296 2995 quod
1323 2918 1567 2991 meruit3
1603 2915 1883 2977 Meritum
1910 2916 2150 2976 Dbmini
2178 2924 2292 2991 est,

161 3017 358 3094 quod,
415 3035 548 3078 cnm
583 3020 645 3078 in
679 3018 902 3078 Mundo
938 3019 1080 3094 fuit,
1133 3017 1551 3095 subjugaverit
1588 3015 1857 3092 Inferna,
1906 3023 1968 3078 et
2002 3005 2201 3078 omnia
2232 3019 2293 3076 in

162 3116 370 3178 Coelis
404 3121 467 3178 in
501 3119 770 3179 ordinem
803 3119 1138 3195 redegerit,
1197 3125 1260 3178 et
1293 3118 1455 3195 quod
1490 3117 1918 3193 glorificaverit
1950 3117 2292 3178 Humanum

157 3235 357 3292 suum,
397 3225 458 3278 et
487 3219 604 3280 hoc
641 3237 716 3280 ex
741 3222 988 3297 propria
1011 3221 1315 3296 potentia3
1374 3235 1485 3294 per
1518 3216 1631 3276 hoc
1666 3218 1925 3280 salvavit
1961 3237 2035 3280 ex
2070 3235 2291 3298 genere

151 3319 426 3380 humano
485 3337 692 3382 omnes
755 3323 860 3398 qui
913 3319 1166 3380 eredunt
1221 3322 1286 3378 in
1319 3318 1557 3395 Ipsum,
1614 3317 1727 3378 hoc
1776 3325 1903 3392 est,
1958 3320 2058 3397 qui
2094 3327 2295 3380 amant

155 3421 366 3479 facere
403 3428 732 3498 praecepta
757 3421 992 3496 Ipsius,
1028 3419 1179 3481 Joh:
1216 3418 1275 3479 1:
1321 3421 1428 3476 12.
1469 3419 1577 3477 13.
1630 3418 1762 3478 Hoc
1794 3417 2073 3478 Meritum
2116 3423 2292 3480 etiam

156 3523 224 3580 in
260 3517 466 3580 Verbo
517 3527 766 3579 vocatur
799 3519 1050 3578 Justitia
1065 3563 1082 3593 ‚
1139 3535 1210 3578 ac
1253 3517 1547 3578 Dominus
1597 3516 1797 3594 quoad
1829 3517 2115 3578 Divinum
2150 3518 2288 3575 Hu-

156 3635 403 3682 manum
441 3637 514 3680 ex
548 3618 650 3678 illo
684 3623 929 3678 vocatur
955 3617 1234 3678 Jehovah
1261 3617 1533 3692 Justitiffi
1569 3615 1808 3676 Jerem:
1848 3614 2091 3676 XXIII:
2131 3617 2187 3674 5.
2228 3620 2287 3676 6.

159 3720 315 3796 Cap:
343 3719 647 3780 XXXIIIx
687 3723 714 3778 1
735 3720 791 3778 5.
831 3722 858 3776 1
881 3720 938 3776 6.
977 3717 1072 3778 De
1099 3716 1218 3777 hoc
1242 3717 1456 3776 Merito
1486 3733 1597 3776 seu
1627 3715 1701 3775 de
1726 3715 1841 3774 hac
1869 3715 2127 3775 Justitia
2151 3715 2285 3774 Do-

157 3821 302 3880 mini
319 3820 635 3880 videantur
665 3819 844 3899 plura
865 3821 928 3878 in
944 3818 1270 3878 Domuum
1289 3817 1503 3876 Noun
1522 3815 2008 3874 Hmaosomma
2038 3833 2095 3872 n:
2123 3819 2159 3874 2
2176 3818 2210 3872 9
2224 3817 2284 3874 3.

160 3920 337 3980 294:
377 3927 437 3980 et
475 3923 540 3982 in
568 3920 808 4001 [eadem
837 3919 944 3998 ex]
979 3918 1254 3980 Anoams
1283 3915 1699 3978 connasci-mus
1734 3933 1802 3973 n:
1844 3916 1983 3974 300
2014 3913 2091 3974 ad
2122 3916 2283 3975 306.

318 4021 478 4080 294.
536 4021 694 4100 Quia
747 4022 842 4082 Tu
890 4020 1108 4080 creasti
1153 4020 1383 4088 omnia,
1437 4015 1597 4094 quod
1644 4015 1943 4094 significet
1992 4014 2155 4092 quod
2204 4014 2281 4072 ab

156 4120 302 4196 Ipso
339 4123 526 4190 omnis
565 4126 884 4186 existentia
921 4129 979 4182 et
1006 4121 1128 4180 vita
1151 4121 1246 4195 sit,
1285 4136 1357 4178 ac
1387 4115 1636 4178 Coelum
1668 4117 1787 4178 illis
1826 4120 1927 4194 qui
1962 4119 2287 4202 recipiunt,
2326 4133 2489 4200 [335]

162 4229 394 4282 constat
455 4242 528 4284 ex
575 4225 1002 4304 significatione
1064 4239 1270 4283 creare
1291 4267 1306 4298 ‚
1378 4219 1539 4300 quod
1586 4221 1663 4280 sit
1714 4217 1871 4296 quod
1921 4221 2117 4278 omnia
2168 4235 2285 4276 non
