2700 4792
365 352 604 411 (APUT
645 351 946 410 PRIMUM.
1798 355 1977 412 VERS
1996 378 2009 410 ι
2056 369 2109 420 1.
2286 370 2320 422 9

207 512 512 592 signifieat
537 513 816 572 ultimum
849 519 1092 590 tempus
1127 513 1468 589 Ecclesiae,
1527 533 1585 574 n:
1633 518 1661 573 1
1680 518 1763 574 01
1783 518 1906 594 343
1961 535 2033 577 ae
2068 520 2187 578 tria
2218 517 2319 578 vel

205 623 304 674 ter
337 613 682 691 significant
718 613 1082 690 completum
1117 614 1195 672 ad
1229 615 1437 684 finem,
1471 634 1539 674 ιιι
1590 618 1804 676 2788.
1845 618 2059 677 4495.
2106 619 2316 678 5159.

211 717 432 776 9198.
492 716 764 791 101275
821 715 979 791 quod
1021 714 1154 773 finis
1204 715 1517 776 Ecclesiae
1570 719 1673 789 sit,
1736 718 1972 794 quando
2006 735 2127 778 non
2168 718 2319 779 fides

210 818 360 892 quia
393 831 516 874 non
551 815 846 890 char-itae,
897 815 1176 874 videatur
1209 817 1271 874 in
1308 814 1619 892 Opuseulo
1658 817 1731 876 de
1766 801 2011 878 Ummo
2047 817 2315 894 Jumcw,

205 934 284 976 ιιι
343 917 430 975 33
464 915 544 973 ad
575 918 661 976 39
705 931 833 992 seq:
925 915 1198 974 Tertium
1247 915 1584 991 Arcanum,
1651 916 1814 993 quod
1859 919 2051 978 videri
2093 925 2317 996 potest,

208 1023 344 1086 est,
407 1015 550 1091 quid
599 1016 754 1075 haec
801 1017 1116 1091 sequentia
1164 1015 1239 1074 de
1293 1016 1477 1074 Petro
1527 1023 1587 1076 et
1633 1017 1909 1077 ,Iohanne
1954 1020 2319 1096 significant3

211 1114 464 1192 „Jews
503 1113 682 1178 dixit
719 1113 810 1176 ad
843 1112 1142 1186 Petrum,
1179 1113 1405 1176 Simon
1443 1114 1643 1186 Jona‚
1694 1113 1929 1197 diliyis
1968 1117 2106 1191 Me,
2160 1117 2323 1180 dicit

206 1216 304 1288 ei,
348 1215 544 1276 etiam
565 1215 884 1288 Domine,
929 1213 1044 1276 *Pa
1065 1214 1198 1275 eei-s·
1223 1213 1391 1293 quod
1424 1235 1628 1276 amem
1659 1215 1775 1292 Te,
1816 1215 1977 1278 dicit
2010 1217 2098 1294 ei,
2126 1237 2323 1298 pasce

205 1334 417 1396 ayne-9
461 1334 669 1375 meos:
721 1315 882 1376 dicit
933 1314 994 1375 ei
1031 1314 1330 1391 secunde,
1387 1315 1611 1377 Simon
1652 1315 1855 1388 Jona,
1918 1316 2153 1398 diliyz‘e
2186 1317 2317 1398 Me,

209 1417 315 1476 ait
355 1411 494 1489 illi,
549 1414 742 1476 etiam
764 1415 1084 1490 Domine,
1141 1415 1244 1477 Tu
1271 1415 1402 1476 soie
1427 1415 1594 1496 quod
1628 1437 1832 1478 amem
1862 1417 1979 1495 Te,
2036 1417 2197 1480 dicit
2240 1420 2317 1494 ei,

199 1534 406 1596 pasce
443 1533 584 1576 oves
609 1534 780 1576 meas
797 1538 818 1576 .·
873 1515 1035 1577 dicit
1073 1516 1134 1576 ei
1172 1515 1389 1589 tertia,
1441 1511 1665 1578 Simon
1700 1517 1903 1591 Jona,
1958 1538 2143 1580 amas
2193 1517 2319 1592 Me,

209 1615 634 1678 contristatus
659 1622 754 1678 eet
786 1614 1060 1693 Petrae,
1097 1617 1252 1696 quia
1277 1615 1457 1680 dimit
1492 1617 1553 1676 ei
1592 1619 1778 1680 tertio
1794 1665 1809 1695 ,
1858 1639 2043 1680 amas
2068 1617 2208 1696 Me,
2264 1625 2324 1680 et

211 1716 376 1778 dicit
423 1717 512 1787 ei,
581 1716 900 1788 Domine,
971 1715 1074 1779 Tu
1123 1717 1338 1777 omnia
1392 1719 1549 1793 seis,
1624 1718 1727 1780 Tu
1778 1720 2102 1800 eoquo-seis
2153 1719 2323 1800 quod

211 1835 418 1880 amem
461 1816 580 1894 Te,
649 1823 708 1877 et
757 1817 920 1878 dicit
969 1817 1058 1894 ei,
1118 1837 1316 1897 pasce
1371 1837 1512 1878 ove-9
1570 1839 1761 1880 meas.
1840 1820 2078 1897 Amen,
2142 1840 2325 1882 amen

209 1917 354 1980 dieo
391 1918 539 1988 tibi,
591 1937 736 1980 eum
762 1938 932 1980 essee
942 1919 1202 2002 junior,
1255 1918 1553 1999 einyebae
1592 1920 1895 2000 teipsum,
1950 1928 2008 1982 et
2032 1919 2323 1984 ambula-

209 2020 328 2079 bas
365 2037 484 2098 quo
521 2016 767 2080 volebas
783 2039 810 2092 ;
866 2019 1116 2100 quando
1151 2025 1365 2082 autem
1398 2021 1683 2105 senueris·
1694 2066 1712 2097 ,
1762 2021 2059 2084 emendes
2094 2041 2325 2084 manus

207 2125 397 2191 tuae,
445 2124 506 2178 et
542 2117 718 2182 alius
757 2125 817 2180 te
853 2122 1062 2202 einyet
1099 2127 1160 2180 et
1199 2119 1383 2182 ducet
1420 2141 1541 2201 quo
1567 2140 1692 2182 non
1719 2121 1838 2182 vie.
1901 2122 1999 2184 Et
2024 2123 2137 2184 hoe
2170 2124 2325 2203 effa-

206 2225 320 2280 tus
347 2218 512 2280 dicit
547 2219 608 2279 ei
619 2265 636 2296 ,
687 2239 935 2299 sequere
969 2219 1080 2280 Me
1088 2241 1116 2292 ;
1171 2239 1505 2283 conversus
1544 2220 1783 2284 Petrus
1825 2223 1998 2284 videt
2035 2223 2323 2304 discipu-

211 2317 384 2394 lum,
430 2339 610 2399 quem
637 2318 949 2400 diliyebat
974 2320 1198 2394 Jesu-s,
1253 2327 1637 2402 sequentem,
1691 2327 1750 2382 et
1792 2323 1984 2396 dicit,
2024 2324 2326 2399 Domine,

207 2418 320 2481 hic
355 2418 513 2498 quid
527 2441 554 2492 ,·
599 2420 761 2481 dicit
789 2422 847 2480 ei
873 2421 1097 2497 Jeeus,
1143 2422 1206 2482 εἰ
1231 2442 1375 2484 eum
1401 2421 1539 2483 volo
1574 2443 1824 2485 manere
1850 2425 2043 2486 donee
2066 2425 2333 2494 veniam,

210 2517 378 2599 quid
413 2517 502 2577 ad
545 2523 632 2594 te,
683 2525 756 2580 tu,
793 2540 1038 2600 sequere
1070 2520 1226 2581 Me“
1290 2523 1511 2583 Johan:
1550 2523 1726 2584 XXI:
1773 2529 1803 2584 1
1826 2531 1857 2585 5
1892 2526 1970 2584 ad
2000 2528 2126 2584 24:
2189 2525 2333 2600 quid

209 2621 375 2678 haec
411 2620 780 2696 significant,
831 2639 1007 2680 nemo
1044 2625 1196 2682 scire
1231 2629 1466 2700 potest,
1514 2626 1633 2682 nisi
1666 2626 1820 2682 sciat
1855 2641 2097 2683 sensum
2132 2626 2322 2683 inter-

205 2737 386 2796 num,
445 2727 507 2778 et
556 2722 718 2798 quod
753 2722 970 2782 Petrus
1021 2724 1312 2800 significet
1355 2723 1562 2793 fidem,
1624 2740 1694 2782 ac
1745 2723 2057 2783 Johannes
2104 2723 2324 2783 bonum
2362 2743 2449 2807 [9]

219 2819 566 2897 charitatis,
633 2825 718 2881 ita
753 2823 971 2882 Petrus
1021 2824 1158 2883 illos
1197 2827 1259 2882 in
1311 2824 1589 2884 Eeclesia
1640 2825 1741 2900 qui
1774 2827 1847 2883 *in
1881 2825 1997 2885 fide
2034 2831 2201 2900 sunt,
2266 2833 2328 2886 et

217 2919 534 2981 «Iohannes
571 2922 708 3004 111οβ
746 2927 847 3001 qui
881 2926 942 2982 in
977 2925 1132 2984 bono
1177 2925 1517 3000 charitatis3
1566 2926 1726 3001 quod
1762 2925 1947 2986 Jesus
1983 2933 2077 2986 ter
2113 2927 2327 2986 dixerit

214 3021 296 3078 ad
344 3021 628 3098 Petrum,
693 3042 858 3085 amas
907 3025 1037 3100 Me,
1092 3032 1153 3084 et
1204 3025 1421 3084 Petrus
1474 3033 1568 3084 ter'
1628 3027 1873 3098 dixerit,
1926 3028 2085 3104 quod
2131 3046 2326 3087 amem

212 3121 347 3194 Te,
397 3128 458 3178 et
491 3124 653 3198 quod
688 3125 872 3186 Jesus
901 3131 1044 3184 tune
1082 3125 1323 3200 dixerit,
1362 3143 1547 3202 pasce
1586 3145 1771 3203 agnos
1808 3146 2003 3203 meos,
2044 3135 2106 3188 et
2138 3145 2325 3205 pasce

208 3237 365 3280 oves
405 3239 601 3299 meaS,
652 3225 948 3302 signifieat
989 3226 1148 3300 quod
1182 3225 1270 3283 illi
1307 3227 1411 3302 qui
1432 3229 1509 3284 ·in
1543 3226 1661 3286 fide
1697 3235 1837 3286 sunt
1872 3245 1947 3287 ex
1991 3245 2191 3288 amore
2225 3232 2320 3286 in-

216 3326 457 3381 struere
495 3324 754 3384 debeant
789 3326 925 3384 illos
977 3329 1078 3402 qui
1124 3329 1186 3384 in
1222 3326 1379 3384 bono
1426 3329 1643 3386 amoris
1692 3329 1753 3385 in
1800 3329 2122 3386 Dominum
2170 3331 2324 3387 etin

210 3421 372 3480 bono
411 3423 718 3484 charitatis
758 3444 902 3502 erga
935 3428 1277 3502 proximum
1312 3433 1483 3502 sunt3
1546 3426 1637 3485 illi
1673 3431 1827 3486 enim
1866 3431 1968 3504 qui
1999 3431 2061 3486 in
2094 3429 2211 3487 fide
2252 3444 2324 3486 ex

209 3539 418 3582 amore
455 3532 623 3599 sunt,
691 3509 872 3585 etiam
918 3528 980 3584 in
1031 3528 1191 3586 veris
1240 3534 1413 3597 sunt,
1480 3535 1539 3586 et
1588 3528 1679 3586 illi
1727 3531 1829 3605 qui
1874 3528 2013 3586 inde
2054 3531 2116 3585 in
2163 3531 2321 3585 veris

206 3628 381 3695 sunt,
433 3627 734 3685 instruunt
769 3628 842 3686 de
878 3628 1068 3698 bone,
1137 3634 1196 3686 et
1253 3628 1480 3688 ducunt
1524 3629 1603 3686 ad
1647 3629 1899 3702 bonum,
1962 3645 2099 3684 nam
2150 3643 2323 3685 omne

208 3722 435 3781 bonum
471 3728 818 3801 spirituale,
884 3727 1045 3811 quod
1092 3727 1342 3801 homini,
1402 3735 1785 3804 comparatur
1823 3735 1884 3786 et
1934 3726 2324 3803 implantatur

205 3839 320 3898 per
355 3841 534 3901 vera3
591 3827 747 3901 quod
787 3831 927 3904 agni
963 3827 1297 3902 significent
1330 3827 1468 3886 illos
1513 3831 1613 3905 qui
1646 3830 1803 3886 in·in
1838 3826 1994 3884 bono
2030 3829 2318 3886 innoeen-

205 3925 329 3980 tiae
367 3930 428 3982 et
463 3929 680 3984 amoris
716 3929 778 3984 in
811 3928 1134 3987 Dominum
1173 3935 1341 3997 sunt,
1392 3928 1669 3987 videatur
1708 3946 1778 3986 n:
1817 3928 2027 3986 3994.
2064 3931 2319 3988 10132.

209 4023 370 4096 quod
419 4041 564 4084 oves
613 4027 748 4086 illos
807 4031 909 4103 qui
959 4031 1021 4086 in
1069 4027 1224 4087 bono
1277 4027 1585 4086 eharitatis
1638 4045 1781 4104 erga
1827 4031 2193 4106 proximum,
2260 4049 2355 4102 ιιι,

214 4125 429 4182 4169.
457 4128 682 4202 48095
723 4134 782 4187 et
809 4130 970 4206 quod
999 4145 1256 4206 pascere
1285 4131 1365 4187 sit
1393 4129 1709 4202 instruere,
1750 4147 1821 4186 n:
1860 4131 2069 4188 5201.
2110 4133 2318 4188 6078.

208 4221 444 4285 Deinde
483 4226 840 4288 describitur
877 4249 910 4288 a
961 4230 1248 4302 Domino,
1313 4227 1507 4304 qualis
1545 4227 1692 4287 fides
1748 4211 1945 4290 sundra
1998 4238 2087 4290 est
2123 4231 2316 4307 primo
