2700 4792
321 435 330 444 ¹
439 372 549 425 222
834 359 1323 415 APOCALYPSIS
1366 357 1801 417 sxlecA'rA.
1884 359 1931 427 ς.
1978 368 2105 420 163.
2632 349 2663 534 ἕ

439 521 604 598 apud
657 520 957 580 hominem
1003 537 1120 578 non
1157 521 1389 596 regitur
1431 537 1543 596 per
1594 518 1883 578 mundum
1930 517 2331 595 spiritualem,
2388 527 2521 580 tunc

441 621 742 684 vinculum
793 627 1036 697 ruptum
1077 625 1172 680 est
1211 637 1350 678 cum
1386 619 1601 693 Coelo,
1662 637 1782 696 quo
1824 624 2003 695 rupto
2046 619 2223 677 homo
2258 619 2521 679 mundum

437 724 582 782 facit
617 738 788 780 omne
830 737 902 779 ac
941 719 1186 779 Coelum
1215 723 1391 797 parvi
1418 725 1523 779 aut
1556 719 1743 794 nihili,
1794 725 1921 778 tum
1958 736 2029 780 se
2058 736 2232 778 omne
2260 725 2318 778 et
2337 720 2525 779 Deum

438 824 614 899 parvi
651 827 756 881 aut
796 820 1000 880 nihili:
1065 837 1200 880 cum
1249 821 1548 880 Externus
1596 837 1709 880 seu
1747 819 2039 879 naturalis
2090 819 2267 879 homo
2316 821 2375 878 in
2422 821 2524 879 tali

439 929 604 982 statu
635 929 748 996 est,
799 927 938 980 tuuc
975 923 1037 980 in
1075 921 1245 980 falsis
1275 927 1371 980 est
1403 937 1485 998 ex
1519 921 1693 980 malis
1730 919 2199 980 scaturientibus
2228 937 2303 979 ex
2338 937 2525 980 amore

439 1026 538 1082 sui
593 1029 654 1082 et
699 1021 932 1081 mundi:
987 1021 1126 1080 inde
1167 1027 1290 1096 est,
1356 1021 1519 1096 quod
1554 1023 1697 1098 quia
1730 1037 1844 1097 per
1886 1021 2138 1080 Lectum
2174 1021 2525 1096 significatur

439 1123 745 1182 Naturalis
781 1122 987 1194 hom0,
1042 1123 1218 1180 etiam
1257 1138 1370 1199 per
1414 1121 1584 1180 illum
1634 1119 2002 1196 significetur
2046 1120 2316 1180 doctrina
2350 1102 2521 1179 falso-

437 1242 588 1284 rum.
645 1219 824 1299 Quod
851 1239 964 1298 per
999 1221 1655 1308 Lectum-significetur
1680 1220 1989 1280 Naturalis
2024 1220 2235 1296 homo,
2274 1227 2367 1280 est
2400 1225 2525 1296 quia

440 1324 782 1384 substratus
833 1328 927 1382 est
975 1322 1309 1399 spirituali,
1370 1328 1432 1382 et
1468 1323 1557 1381 sic
1608 1324 1671 1380 in
1704 1320 1807 1380 illo
1857 1323 2041 1398 inque
2080 1320 2201 1380 illis
2257 1338 2407 1397 quae
2456 1321 2528 1380 ibi

441 1427 600 1484 sicut
634 1426 696 1482 in
729 1439 842 1482 suo
885 1422 1072 1482 Lecto
1108 1421 1308 1482 cubat.
1384 1421 1563 1498 Quod
1598 1422 1823 1482 Lectus
1862 1421 2160 1498 significet
2194 1421 2527 1482 Naturalem

437 1525 756 1598 hominem,
806 1529 866 1582 et
901 1539 1144 1600 quoque
1183 1522 1537 1582 doctrinalia
1584 1539 1741 1600 quae
1782 1521 1893 1597 ibi,
1934 1528 2210 1582 constare
2262 1528 2461 1599 potest
2496 1541 2528 1581 a

441 1626 590 1686 locis
650 1625 710 1682 in
760 1623 962 1682 Verbo
1029 1623 1132 1681 ubi
1189 1625 1559 1698 nominatur,
1640 1629 1709 1680 ut
1760 1624 1824 1682 in
1886 1621 2315 1700 sequentibus;
2382 1623 2528 1700 apud

331 1731 343 1746 ·
441 1727 630 1785 Amos
703 1722 934 1798 „Sicut
976 1723 1284 1803 eripuerit
1314 1727 1549 1802 pastor
1586 1699 1666 1784 ea*
1715 1740 1819 1783 ore
1854 1720 2053 1784 leonis
2091 1721 2219 1783 duo
2260 1741 2449 1785 crura
2478 1727 2528 1784 et

431 1821 830 1906 particulam
882 1824 1099 1898 auris,
1157 1824 1254 1884 sie
1289 1823 1641 1903 eripientur
1674 1821 1815 1904 filii
1858 1821 2143 1884 Israelis
2186 1823 2528 1884 habitantes

438 1925 510 1985 in
546 1923 854 1985 Samaria
889 1924 958 1984 in
1007 1921 1270 2003 Anyulo
1304 1923 1490 1985 Lecti
1533 1929 1594 1984 et
1627 1925 1699 1984 in
1744 1925 2147 1986 extremitate
2180 1922 2525 2004 spondae,“

441 2025 555 2084 III:
609 2027 726 2099 123
769 2024 892 2083 Leo
931 2025 1228 2101 significat
1263 2024 1619 2100 Ecclesiam,
1656 2025 1753 2084 hic
1792 2025 1928 2084 illos
1964 2026 2051 2085 ibi
2085 2025 2189 2102 qui
2226 2025 2529 2084 destruunt

439 2126 600 2185 bona
635 2131 698 2184 et
731 2141 904 2200 vera3
947 2142 1122 2184 crura
1149 2131 1212 2185 et
1241 2126 1544 2202 particula
1580 2129 1742 2184 auris
1780 2131 1921 2184 sunt
1951 2127 2111 2185 bona
2144 2142 2305 2202 quae
2340 2129 2401 2185 in
2426 2143 2524 2184 na-

443 2225 620 2284 turali
648 2225 905 2294 homine,
947 2232 1007 2284 et
1031 2226 1170 2286 inde
1208 2226 1435 2302 aliquid
1461 2227 1948 2303 apperceptionis
1986 2228 2117 2285 veri
2128 2246 2145 2302 3
2188 2226 2296 2286 filii
2334 2227 2525 2286 Israe‘·

439 2327 514 2386 lis
549 2325 888 2385 habitantes
935 2328 998 2384 in
1050 2325 1325 2387 Samaria
1375 2334 1515 2385 sunt
1569 2329 1671 2403 qui
1718 2344 1793 2386 ex
1832 2326 2109 2386 Ecclesia
2120 2346 2137 2402 ς
2196 2329 2259 2387 in
2305 2325 2526 2404 Angulo

439 2427 582 2486 lecti
619 2432 680 2484 et
719 2427 778 2484 in
823 2428 1200 2486 extremitate
1237 2427 1542 2504 spondae,
1608 2433 1749 2486 sunt
1784 2430 1889 2504 qui
1926 2430 1989 2486 in
2038 2445 2234 2504 pauco
2288 2425 2528 2486 naturali

439 2528 662 2587 lumine
707 2545 780 2585 cx
816 2527 1145 2603 spirituali,
1207 2534 1268 2586 et
1300 2528 1439 2587 inde
1476 2529 1537 2585 in
1573 2527 1871 2604 aliquibus
1910 2529 2089 2587 vcriS.
2158 2523 2345 2604 Apud
2378 2529 2527 2587 Eun-

437 2629 576 2687 dem
634 2673 678 2703 .„
703 2625 833 2689 Vae
865 2627 1108 2688 securis
1145 2627 1216 2688 in
1241 2627 1449 2688 Zione
1465 2671 1481 2703 ,
1532 2633 1592 2688 et
1637 2627 2089 2709 confidentibus
2124 2628 2196 2687 in
2228 2629 2528 2689 montibus

439 2726 794 2804 Samariae,
829 2728 918 2788 iis
943 2728 1054 2807 qui
1087 2729 1315 2789 cabant
1345 2747 1537 2807 super
1565 2725 1744 2788 lectis
1770 2728 1989 2803 eboris,
2028 2734 2089 2788 et
2116 2725 2529 2810 [extendentes

439 2830 534 2908 ee]
557 2847 748 2908 super
767 2828 1037 2908 spondis
1051 2828 1210 2900 suis,
1250 2827 1561 2908 eduntque
1584 2847 1787 2908 aynos
1820 2827 1901 2888 de
1916 2848 2123 2909 yreqe,
2160 2834 2222 2888 et
2248 2827 2485 2890 vitulos
2503 2846 2530 2885 e
2657 2844 2663 2855 ·

439 2928 646 2987 medio
663 2929 1005 3008 sayimrii,
1027 2930 1395 3009 eoecoyitant
1418 2929 1545 2990 sibi
1562 2928 1985 2990 instrumenta
1998 2935 2243 2998 cantus,
2262 2935 2322 2989 et
2330 2929 2529 2992 bibunt

439 3045 520 3087 ex
555 3028 812 3107 scyphis
847 3029 984 3090 vini
999 3076 1017 3106 ,
1073 3035 1133 3089 et
1155 3029 1485 3109 primitiis
1522 3027 1799 3091 oleorum
1834 3048 1901 3088 se
1934 3034 2210 3110 unyunt,
2252 3035 2315 3089 et
2354 3047 2526 3110 super

440 3126 862 3206 confractione
878 3129 1144 3209 Josephz·
1173 3150 1300 3190 non
1332 3129 1709 3209 afficiuntur
1739 3127 2001 3191 dolore“
2036 3129 2142 3190 VI:
2173 3135 2203 3188 1
2220 3174 2233 3188 .
2269 3134 2331 3190 4.
2366 3133 2423 3190 5.
2466 3132 2495 3188 6
2510 3147 2523 3202 ;

439 3226 805 3286 confidentes
841 3231 902 3286 in
937 3231 1236 3290 montibus
1275 3231 1614 3304 Samariae,
1673 3237 1813 3290 sunt
1841 3234 1943 3307 qui
1978 3231 2093 3290 sibi
2130 3230 2336 3305 fidunt,
2378 3237 2439 3290 et
2468 3244 2526 3288 ex

435 3329 683 3404 propria
707 3327 1103 3404 intelligentia
1139 3331 1441 3390 doctrinas
1472 3331 1828 3407 excludunt3
1880 3329 2154 3392 Samaria
2190 3337 2286 3390 cst
2320 3331 2523 3390 Eccle-
2655 3388 2664 3410 .

432 3431 529 3488 sia
562 3445 856 3506 perversa
891 3431 1250 3507 spiritualis3
1276 3432 1450 3492 ”lecti
1490 3432 1687 3505 eboris
1736 3437 1878 3490 sunt
1924 3431 2201 3490 fallaciae
2254 3445 2523 3491 sensuum
2661 3483 2663 3502 ,

432 3547 622 3607 super
651 3529 870 3606 quibus
911 3529 1192 3589 fundatur
1228 3533 1533 3608 doctrina3
1590 3532 1910 3592 extendere
1946 3548 2015 3590 se
2056 3548 2245 3607 super
2272 3531 2521 3610 spondis,

434 3636 534 3689 est
583 3629 722 3688 inde
769 3629 924 3688 falsa
974 3630 1325 3690 confirmare
1384 3639 1444 3691 et
1504 3633 1907 3708 multiplicare
1921 3651 1937 3706 3
2014 3631 2195 3691 edere
2244 3649 2425 3709 agnos
2458 3630 2521 3688 de
2652 3523 2666 3800 ⁴

432 3745 650 3805 grege,
703 3729 920 3789 vitulos
959 3748 992 3790 e
1029 3732 1224 3791 medio
1263 3735 1576 3807 Saginai-ii,
1628 3733 1835 3793 bibere
1874 3751 1948 3792 ex
1984 3733 2229 3809 scyphis
2266 3735 2421 3801 vini,
2470 3733 2521 3788 et

433 3845 662 3906 ungere
697 3846 765 3890 se
790 3833 1066 3906 primitiis
1105 3832 1393 3907 oleorum,
1426 3841 1521 3892 est
1552 3851 1700 3892 vera
1736 3839 1799 3892 et
1840 3833 2001 3892 bona
2026 3833 2217 3892 Verbi
2250 3851 2328 3892 ex
2352 3845 2517 3892 sensu

433 3930 570 4006 ejus
619 3928 828 3990 literae
879 3931 1122 4007 afferre,
1181 3933 1491 4009 applicare
1530 3939 1590 3991 et
1625 3933 1975 4009 falsificare3
2023 3951 2211 4009 super
2262 3931 2514 3994 confrac-

431 4032 592 4090 tione
621 4030 884 4108 Josephi
913 4049 1030 4090 non
1066 4031 1224 4091 affici
1260 4033 1484 4108 dolore,
1544 4040 1639 4093 est
1674 4034 1845 4094 nihili
1884 4034 2085 4093 facere
2122 4033 2283 4111 quod
2316 4029 2510 4092 Eccle-

433 4132 526 4189 sia
559 4132 888 4207 spiritualis
945 4139 1186 4208 pereat,
1261 4141 1321 4192 ct
1360 4151 1507 4192 vera
1547 4135 1677 4209 ejus
1714 4135 2113 4212 infringantur
2126 4153 2143 4209 ;
2214 4132 2370 4211 quod
2412 4129 2511 4189 Jo-

231 4228 395 4292 [151]
435 4230 659 4306 sophus
695 4234 754 4290 in
791 4247 1072 4307 supremo
1101 4247 1285 4290 sensu
1329 4232 1625 4308 significet
1660 4234 1983 4294 Dominum
2012 4233 2210 4310 quoad
2244 4233 2511 4293 Divinum
