2700 4792
385 373 626 431 CAPUT
668 373 1074 435 SECUNDUM.
1249 436 1258 444 ,
1731 377 1939 443 VERS:
1984 387 2074 444 14.
2236 391 2343 447 189

209 535 438 596 videre
495 541 556 594 et
616 533 934 610 explorare
979 536 1042 592 in
1087 518 1401 596 Ecclesiae
1440 535 1615 596 istius
1670 537 2097 600 doctrinalibus
2117 584 2135 615 ,
2198 558 2341 600 nam

203 634 652 711 {hierosolyma
699 641 794 694 est
833 634 1141 710 Ecclesia,
1196 653 1267 696 ac
1326 636 1569 712 plateae
1609 644 1669 696 et
1702 639 1823 698 vici
1856 646 2001 698 sunt
2034 639 2339 701 doctrina·-

209 737 332 813 lia3
392 739 448 795 si
487 737 836 795 inveneritis
872 737 1064 794 virum
1085 780 1100 810 ,
1158 737 1212 795 si
1257 739 1337 796 sit
1383 737 1613 796 faciens
1656 738 1978 814 judicium,
2036 757 2335 816 quaerens

211 841 578 910 veritatem,
637 840 732 894 est
765 853 907 894 num
945 835 1174 912 aliquid
1204 836 1288 895 ibi
1325 853 1537 896 verum
1570 839 1677 913 sit3
1732 856 1867 899 cum
1902 843 2173 902 saturavi
2208 857 2333 918 eos,

211 939 478 998 scortati
513 943 684 1010 sunt,
743 943 836 994 est
883 935 1042 1012 quod
1079 952 1214 995 cum
1251 953 1399 996 vcra
1449 937 1569 996 illis
1622 939 1896 998 revelata
1940 946 2082 998 sunt
2124 939 2338 1000 falsifi-

217 1039 502 1098 caverint
528 1053 634 1112 ea3
671 1035 950 1095 Ecclesia
989 1035 1127 1096 talis
1167 1036 1368 1113 quoad
1403 1038 1731 1096 doctrinam
1760 1043 1853 1098 est
1888 1039 2097 1098 domus
2132 1057 2331 1100 mere-

215 1140 400 1198 tricis
436 1139 496 1195 in
527 1155 706 1212 quam
732 1138 1036 1196 turmatim
1071 1139 1338 1196 veniunt.
1418 1137 1599 1214 Apud
1632 1138 1903 1198 Eundem
1942 1136 2339 1213 „Adulteria

209 1244 358 1314 tua,
401 1237 692 1297 hinnitus
727 1235 841 1311 tui,
875 1234 1078 1297 scelus
1105 1237 1517 1298 scortationis
1554 1243 1703 1298 tuae
1740 1257 1933 1318 super
1967 1236 2233 1302 collibus
2266 1241 2337 1302 in

210 1357 389 1420 aqro
423 1335 568 1398 vidi
601 1335 1098 1398 abominationes
1135 1343 1286 1398 tuas
1297 1357 1326 1410 ,·
1383 1356 1497 1400 vae
1532 1337 1649 1398 tibi
1686 1336 2145 1420 ffierosolyma
2156 1386 2173 1418 ,
2210 1360 2335 1403 non

213 1437 687 1501 mundabo-iffi
725 1437 913 1498 XIII:
973 1442 1099 1514 273
1153 1439 1416 1498 hinnitus
1468 1447 1609 1498 sunt
1642 1439 2148 1516 prophanationes
2183 1444 2331 1520 veri,

216 1543 373 1617 quia
415 1555 610 1614 equus
648 1537 942 1615 significat
974 1537 1383 1600 intellectuale
1424 1539 1527 1598 ubi
1574 1557 1812 1616 verum3
1866 1540 2053 1600 colles
2092 1544 2153 1600 in
2188 1558 2332 1620 agro

213 1647 368 1717 sunt
405 1639 564 1698 bona
603 1641 734 1700 veri
767 1641 828 1696 in
862 1639 1162 1714 Ecclesia,
1205 1657 1361 1717 quae
1396 1657 1687 1718 perversa
1720 1647 1877 1700 sunt.
1943 1640 2126 1718 Apud
2160 1643 2330 1702 Eun-

213 1743 360 1802 dem
400 1738 532 1816 „In
563 1737 908 1818 Prophetis
944 1737 1437 1821 Ilierosolymae
1480 1739 1621 1800 vidi
1652 1741 2148 1822 obfimnationem
2182 1741 2331 1806 kor-

212 1839 524 1914 rendam,
591 1836 1018 1900 adulterando
1056 1843 1116 1899 et
1151 1841 1356 1902 eundo
1391 1840 1461 1901 in
1494 1841 1817 1902 mendacio
1830 1843 1867 1874 “
1903 1842 2154 1902 XXIII:
2202 1848 2230 1903 1
2248 1845 2328 1902 4:

213 1942 389 2022 apud
424 1941 694 2000 Eundem
735 1984 772 2014 „
783 1939 1092 2002 Fecerunt
1125 1939 1483 2002 stultitiam
1506 1942 1578 2003 in
1600 1940 1873 2018 Israele,
1926 1946 1985 2000 et
2018 1942 2333 2006 maechati

209 2047 376 2104 sunt
407 2060 549 2102 cum
585 2041 900 2105 uxoribus
934 2040 1250 2102 sociorum
1284 2061 1573 2118 suorum,
1631 2047 1693 2103 et
1728 2041 1973 2122 loquuta·
2006 2050 2158 2104 sunt
2191 2063 2330 2106 ver-

213 2144 370 2204 bum
402 2159 611 2202 meam
645 2141 718 2201 in
751 2140 1026 2202 Nomine
1058 2161 1190 2203 meo
1225 2143 1654 2204 Μεηιίιισίὑενιτ
1693 2143 1941 2204 XXIX:
1986 2147 2109 2220 233
2147 2145 2325 2206 adul-

215 2252 420 2305 terare
465 2250 526 2302 et
563 2242 868 2301 maechari
900 2242 996 2301 hic
1041 2243 1354 2304 manifeste
1403 2263 1529 2322 pro,
1550 2251 1899 2320 pervertere
1933 2263 2110 2319 vera,
2172 2262 2322 2322 pro-

215 2345 444 2422 phetae
479 2342 820 2420 significant
861 2343 996 2402 illos
1041 2347 1142 2420 qui
1179 2343 1396 2405 docent
1438 2363 1585 2404 vera
1629 2361 1705 2404 ex
1738 2343 1959 2419 Verb0,
1998 2361 2137 2404 nam
2172 2345 2322 2406 dici·
2362 2340 2526 2406 [130]

213 2456 320 2503 tur
359 2443 752 2502 adulterando
801 2450 861 2502 et
915 2445 1111 2504 eundo
1167 2447 1228 2503 in
1269 2444 1610 2517 mendaciO,
1678 2451 1739 2504 et
1788 2443 2021 2520 loquuti
2077 2446 2324 2505 verbum

221 2561 430 2602 meum
476 2543 865 2614 mendaciter,
937 2545 1309 2604 mendacium
1359 2548 1421 2604 in
1480 2545 1685 2606 Verbo
1744 2544 2041 2620 significat
2082 2544 2321 2604 falsum.

225 2642 416 2720 Apud
455 2643 660 2702 Mosen
706 2641 928 2718 „Filii
961 2645 1158 2706 vestri
1202 2651 1387 2708 eram
1407 2650 1741 2724 pascentes
1775 2644 1847 2704 in
1880 2643 2125 2706 deserto
2162 2662 2323 2724 qua-

217 2743 540 2824 drayz'nta
573 2743 760 2804 annis
773 2764 802 2815 ;
840 2749 900 2802 et
923 2745 1274 2823 portabunt
1309 2745 1724 2806 scortationes
1748 2761 1908 2806 suas
1940 2763 2136 2824 usque
2168 2743 2326 2805 dum

215 2849 674 2906 consumuntur
717 2863 982 2923 corpora
1023 2863 1238 2908 eorum
1286 2846 1357 2906 in
1396 2845 1639 2908 deserto
1651 2848 1689 2880 “
1736 2846 1929 2906 Num:
1970 2845 2151 2906 XIV:
2196 2845 2233 2905 3
2247 2847 2319 2922 33

219 2947 378 3022 quod
417 2944 526 3004 filii
558 2945 806 3005 Isra'e‘lis
842 2963 960 3004 non
1006 2949 1381 3024 portaverint
1424 2949 1850 3020 scortationcS,
1906 2953 1965 3006 et
2000 2947 2138 3006 ideo
2172 2963 2321 3006 con-

215 3049 396 3106 sumti
437 3045 660 3105 suerint
693 3048 752 3104 in
791 3046 1070 3118 deserto,
1115 3048 1225 3106 sed
1262 3051 1403 3124 quia
1436 3053 1799 3125 respuerunt
1834 3047 2121 3108 coelestia
2154 3065 2322 3121 vera,

211 3152 454 3206 constat
507 3163 584 3205 ex
642 3160 744 3221 eo,
811 3147 969 3222 quod
1007 3149 1122 3207 hoc
1160 3148 1382 3208 dictum
1426 3151 1505 3206 sit
1547 3148 1696 3218 illis,
1754 3150 1893 3224 quia
1926 3150 2147 3208 intrare
2201 3165 2321 3210 non

211 3247 538 3308 voluerunt
595 3248 673 3314 in,
708 3253 929 3306 terram
985 3247 1356 3324 Canaanem,
1420 3248 1531 3308 scd
1582 3249 1775 3308 redire
1831 3252 1893 3307 in
1942 3250 2315 3328 Aegyptum3

216 3363 328 3422 per
363 3353 584 3406 terram
628 3345 970 3406 Canaanem
1015 3348 1387 3426 significatur
1436 3348 1686 3408 Goelum
1744 3355 1805 3408 et
1855 3349 2133 3410 Ecclesia
2185 3367 2319 3408 cum

211 3446 346 3524 ejus
384 3450 582 3518 vei-ie,
643 3453 704 3504 et
750 3465 862 3524 per
907 3447 1249 3526 Aegyptum
1293 3449 1703 3525 significantur
1756 3449 1861 3508 illa
1907 3449 2223 3508 falsificata
2258 3455 2319 3507 et

203 3564 388 3607 versa
451 3550 514 3606 in
565 3548 816 3624 magica.
907 3548 1088 3626 Apud
1137 3549 1395 3608 Micham
1444 3547 1730 3624 „Omnia
1791 3545 2127 3626 sculptilia
2176 3545 2319 3628 ejus

203 3645 702 3717 contundentur,
772 3654 833 3708 et
867 3667 1078 3709 omnes
1113 3649 1423 3710 mercedes
1455 3647 1851 3712 meretriciae
1882 3647 2320 3706 comburentur

202 3748 394 3828 ἕρπω
449 3751 510 3806 et
543 3747 758 3808 omnia
791 3746 972 3809 idola
1009 3747 1146 3832 eius
1173 3768 1417 3828 ponam
1461 3750 1531 3810 in
1582 3747 1983 3820 vastitatem,
2037 3763 2189 3805 nam
2235 3763 2317 3806 ew

200 3846 486 3911 mercede
533 3849 884 3910 merem-icis
937 3849 1347 3930 conyreyavit
1364 3871 1393 3922 ;
1464 3849 1607 3909 ideo
1640 3864 1837 3926 usque
1870 3845 1940 3906 in
1975 3843 2318 3906 mercedem

197 3947 556 4010 meretricis
589 3951 1020 4010 revertentur“
1069 3949 1133 4009 1:
1191 3957 1263 4026 73
1319 3948 1629 4025 sculptilia
1674 3954 1735 4008 et
1769 3945 1931 4006 idola
1979 3945 2319 4025 significant

198 4049 360 4109 falsa
411 4066 568 4126 quae
631 4067 706 4108 ex
769 4053 1012 4127 propria
1071 4050 1467 4128 intelligentia
1478 4069 1495 4124 3
1564 4046 1876 4108 mercedes
1938 4050 2315 4109 meretriciae

199 4156 342 4209 sunt
379 4151 751 4226 cognitiones
786 4153 916 4210 veri
953 4158 1013 4233 et
1047 4151 1189 4210 boni
1224 4167 1376 4227 quas
1418 4148 1841 4226 applicuerunt
1877 4149 2047 4209 salsis
2086 4156 2146 4210 et
2178 4167 2314 4208 ma-

199 4247 272 4309 lis
325 4257 389 4310 et
443 4252 530 4309 sic
584 4257 1024 4327 perverterunt.
1133 4249 1314 4328 Apud
1374 4250 1719 4311 Hoscheam
1774 4248 2163 4332 „Loquutus
2220 4253 2318 4310 est
