2700 4792
391 333 626 394 CAPUT
669 334 1075 394 SECUNDUM.
1733 333 1943 390 VERS:
1990 346 2080 398 19.
2238 348 2347 402 215

233 495 620 574 cogitationis
672 511 782 555 seu
831 497 1050 554 amoris
1115 499 1175 554 et
1230 494 1371 555 fidei
1431 494 1657 554 faciunt
1712 502 2016 554 externam
2083 499 2350 572 speciem

234 600 517 674 spirituS,
557 599 642 653 ita
681 595 1182 671 pulchritudinem
1220 594 1429 670 faciei,
1476 597 1741 672 corporis
1773 603 1832 654 et
1866 595 2144 672 loquelae
2184 598 2349 674 ejus;

231 714 424 758 causa
463 704 589 771 est,
645 698 786 773 quia
840 697 997 754 sicut
1028 697 1308 754 interiora
1361 695 1643 755 desinunt
1689 698 1751 753 in
1797 695 1954 755 facta
1995 713 2105 754 seu
2142 714 2346 774 opera,

231 805 300 858 ut
331 800 396 854 in
447 813 576 856 sua·
601 803 890 870 extrema,
947 799 1034 854 ita
1079 799 1140 854 in
1187 796 1435 854 formam
1490 798 1758 871 corporis
1812 803 2121 882 externam
2136 817 2151 872 ;
2207 816 2345 857 nam

233 904 442 957 notum
488 903 610 969 est,
667 895 825 973 quod
861 913 1033 956 omne
1071 897 1396 955 voluntatis
1424 897 1677 954 hominis
1714 897 1949 956 desinat
1983 899 2043 955 in
2072 901 2340 973 corporis
2385 907 2545 968 [140]

233 1004 544 1072 extrema;
600 1013 744 1072 pars
779 997 896 1071 ibi,
957 999 1018 1054 in
1072 1013 1250 1071 quam
1298 1015 1417 1056 non
1466 997 1683 1056 desinit
1717 997 2025 1072 voluntas»,
2092 1014 2208 1055 non
2256 1004 2349 1056 est

235 1115 383 1176 pars
429 1099 734 1175 corporis,
788 1103 856 1156 ut
888 1102 1058 1174 patet
1111 1097 1186 1156 ab
1235 1097 1466 1158 actibus
1522 1099 1697 1156 etiam
1751 1099 2003 1154 minimis
2060 1099 2348 1173 eorporiS,

235 1201 341 1275 qui
381 1214 590 1257 omnes
627 1197 816 1256 fluunt
867 1216 942 1257 ex
977 1203 1126 1255 nutu
1162 1197 1523 1272 voluntatis,
1591 1205 1651 1255 et
1699 1200 1992 1255 sistuntur
2027 1200 2087 1256 in
2128 1215 2343 1274 corpo-

229 1301 313 1358 ris
371 1300 684 1372 extremis,
749 1299 1022 1357 videatur
1055 1300 1116 1355 in
1155 1296 1357 1373 Opere
1407 1297 1481 1356 de
1523 1296 1722 1356 Col-:Lo
1778 1316 1855 1356 nr
1892 1297 2206 1373 Imaum,
2274 1317 2342 1357 n:

240 1401 354 1459 59.
415 1400 544 1458 60:
599 1405 660 1457 et
702 1401 764 1458 in
809 1398 1120 1474 Opusculo
1177 1397 1251 1457 de
1303 1397 1547 1458 Umrmo
1596 1398 1871 1472 JUchw,
1939 1416 2009 1456 n:
2062 1400 2171 1458 30.
2218 1401 2341 1458 31:

234 1500 398 1558 idem
435 1505 712 1558 constare
761 1505 964 1575 potest
1016 1514 1090 1557 ex
1141 1516 1243 1572 ee,
1297 1498 1456 1574 quod
1497 1500 1741 1574 spiritus
1768 1498 2021 1556 hominis
2059 1501 2137 1556 sit
2162 1515 2342 1575 pror-

227 1617 340 1660 sus
371 1601 530 1658 sicut
577 1600 708 1678 ejus
759 1599 1070 1673 voluntaS,
1133 1616 1252 1656 non
1301 1601 1459 1658 sicut
1498 1600 1627 1676 ejus
1662 1599 1977 1670 voluntas,
2038 1615 2193 1674 quae
2228 1617 2347 1660 non

230 1700 364 1760 abit
413 1701 477 1758 in
525 1710 725 1758 actum
775 1700 1010 1776 quando
1062 1705 1292 1776 potest,
1356 1717 1431 1758 ea
1481 1699 1758 1758 voluntas
1815 1704 1907 1759 est
1957 1701 2128 1756 modo
2177 1701 2344 1778 cogi-

230 1802 418 1870 tatio,
472 1801 534 1857 in
593 1817 714 1875 qua
784 1805 1044 1876 apparet
1111 1802 1269 1858 sicut
1337 1799 1525 1872 velle,
1592 1799 1701 1859 sed
1762 1809 1855 1860 est
1916 1802 2071 1859 sicut
2128 1800 2345 1858 volun-

227 1909 328 1960 tas
387 1899 669 1972 actualis,
723 1918 878 1977 quae
927 1917 1046 1958 non
1097 1901 1300 1976 potius
1354 1899 1655 1959 desiderat
1698 1918 1877 1976 quam
1932 1919 2141 1976 agere,
2193 1901 2344 1960 haec

228 2001 513 2059 voluntas
563 2007 659 2059 est
701 2000 910 2060 eadem
979 2018 1112 2060 cum
1175 2000 1306 2076 ejus
1368 2018 1595 2075 amore,
1660 2001 1987 2060 secundum
2041 2002 2194 2062 hanc
2256 2007 2347 2060 est

229 2107 398 2160 totus
464 2103 744 2178 spirituS,
807 2109 866 2160 et
907 2101 1038 2179 ejus
1087 2103 1278 2161 forma
1325 2101 1615 2175 humana,
1684 2102 1843 2177 quod
1896 2081 2173 2161 voluntas
2236 2118 2348 2161 seu

231 2219 404 2262 amor
447 2203 524 2259 sit
555 2205 688 2280 ipse
723 2205 1008 2278 spiritus,
1061 2202 1338 2262 videatur
1384 2219 1569 2278 supra
1616 2219 1686 2259 n:
1736 2203 1905 2279 1053
1960 2210 2021 2262 et
2060 2205 2119 2260 in
2147 2201 2345 2278 Opere

232 2305 310 2363 de
368 2299 575 2362 Coeno
624 2322 701 2362 nr
774 2303 1080 2378 IuennNo,
1140 2321 1216 2362 n:
1273 2305 1449 2378 4793
1514 2301 1671 2360 unde
1722 2309 1813 2362 est
1866 2303 2024 2379 quod
2070 2305 2245 2362 toties
2287 2304 2345 2360 in

232 2404 442 2465 Verbo
483 2405 748 2478 dicatur,
797 2403 957 2481 quod
996 2403 1172 2462 homo
1214 2402 1435 2465 debeat
1470 2403 1668 2461 facere
1706 2409 2053 2479 praecepta,
2092 2409 2150 2461 et
2188 2402 2347 2480 quod

239 2509 302 2566 ei
340 2505 699 2564 retribuetur
757 2504 1089 2564 secundum
1129 2505 1318 2573 sacta,
1379 2503 1493 2563 hoc
1538 2508 1659 2577 est,
1714 2502 2044 2561 secundum
2083 2520 2346 2560 amorem

240 2610 308 2668 in
335 2607 538 2675 factis,
585 2621 698 2663 non
738 2612 941 2665 autem
972 2604 1300 2664 secundum
1338 2620 1601 2663 amorem
1640 2602 1867 2677 absque
1904 2602 2109 2676 factiS,
2162 2603 2215 2660 si
2250 2602 2345 2660 fa-

235 2723 382 2767 cere
423 2712 642 2782 pot-cst.
715 2706 984 2779 Dicitur,
1040 2707 1181 2763 novi
1217 2722 1406 2781 opera
1443 2710 1572 2773 tua,
1625 2710 1687 2762 et
1722 2703 1931 2761 ultima
1964 2702 2142 2778 plura
2180 2703 2345 2777 prio-

231 2808 438 2878 ribus,
491 2812 552 2864 et
597 2823 710 2882 per
759 2806 970 2865 ultima
1004 2801 1182 2882 plura
1216 2805 1517 2882 prioribus
1563 2802 1940 2880 intelligitur,
1998 2802 2158 2879 quod
2208 2802 2343 2878 ple-

231 2911 406 2968 niora
444 2909 566 2965 sint
595 2923 796 2966 amore
831 2913 973 2983 post
998 2907 1476 2983 conjunctionem
1510 2905 1735 2964 Interni
1770 2904 2023 2963 hominis
2063 2921 2195 2964 cum
2223 2905 2347 2964 Ex·—

229 3016 402 3068 terno
423 3053 439 3082 ,
508 3024 644 3065 nam
685 3013 970 3083 quantum
1007 3007 1291 3068 Internus
1337 3007 1715 3082 conjungitur
1760 3004 2054 3080 Externo,
2116 3011 2345 3064 tantum

228 3109 372 3186 plus
416 3108 648 3166 Interni
685 3113 780 3166 est
825 3110 886 3165 in
921 3109 1230 3182 Externis,
1271 3085 1708 3188 consequenter
1735 3108 1796 3164 in
1830 3106 2005 3165 factis
2042 3123 2151 3166 seu
2194 3123 2342 3185 ope-

229 3209 434 3283 ribus;
492 3215 744 3267 externa
787 3203 940 3266 enim
994 3224 1103 3267 seu
1145 3225 1329 3284 opera
1376 3224 1493 3265 non
1542 3212 1683 3265 sunt
1720 3207 1835 3264 nisi
1884 3223 2062 3282 quam
2099 3207 2346 3266 effeetus

232 3311 614 3382 interiorum,
668 3325 824 3383 quae
855 3313 995 3366 sunt
1029 3308 1353 3392 yoluntatis
1393 3313 1453 3365 et
1486 3307 1623 3366 inde
1652 3309 2063 3384 cogitationiS,
2112 3315 2171 3366 et
2199 3306 2343 3366 effe-

237 3415 372 3468 ctus
410 3407 652 3468 trahunt
692 3425 864 3467 omne
903 3425 1079 3466 suum
1110 3407 1184 3466 ab
1219 3408 1497 3482 Internis,
1538 3424 1575 3464 a
1614 3408 1829 3484 quibus
1872 3410 2152 3480 existunt,
2192 3407 2349 3464 sieut

227 3515 430 3570 motus
493 3526 530 3566 a
581 3524 692 3566 suo
743 3516 992 3582 conatu,
1063 3515 1312 3567 conatus
1364 3511 1423 3566 in
1476 3507 1715 3568 homine
1782 3513 1874 3566 est
1926 3506 2233 3574 voluntaS,
2288 3510 2348 3562 et

227 3615 433 3668 motus
479 3608 620 3668 inde
661 3615 754 3668 est
798 3611 975 3668 aetio.
1064 3609 1157 3668 Ex
1196 3609 1314 3667 illis
1354 3625 1509 3685 quae
1544 3611 1607 3667 in
1640 3609 1754 3668 hoe
1800 3607 2005 3665 Versu
2048 3601 2349 3678 explieata

225 3715 408 3784 sunt,
467 3715 745 3769 constare
782 3715 1014 3786 potest,
1071 3723 1188 3785 quo
1227 3709 1433 3768 ordine
1476 3707 1831 3768 describitur
1869 3704 2203 3780 conjunctio
2238 3702 2342 3760 In-

228 3811 390 3872 terni
427 3827 562 3870 cum
609 3810 874 3872 Externo
924 3810 1084 3885 apud
1135 3809 1435 3868 hominem
1471 3808 1811 3879 Ecclesiae,
1881 3820 2097 3878 nempe
2146 3801 2343 3860 Inter-

227 3929 376 3970 num
404 3927 517 3988 per
544 3911 686 3968 novi
715 3915 1032 3987 operatua
1073 3915 1132 3967 et
1168 3909 1522 3970 charitatem
1541 3927 1557 3983 3
1609 3907 1831 3983 bonum
1873 3904 2099 3963 Interni
2135 3908 2194 3963 et
2232 3919 2345 3962 ve-

226 4029 366 4072 rum
413 4010 545 4087 ejus
604 4025 715 4085 per
765 4012 1160 4069 ministerium
1215 4017 1275 4070 et
1308 4008 1517 4077 fidem;
1578 4006 1913 4082 conjunctio
1952 4003 2178 4064 Interni
2214 4020 2351 4064 cum

225 4111 496 4172 Externo
524 4128 636 4187 per
662 4111 1074 4187 tolerantiam,
1135 4117 1194 4170 et
1229 4111 1493 4168 Externa
1527 4107 1665 4166 inde
1702 4123 1814 4184 per
1840 4107 1981 4168 novi
2010 4123 2197 4184 opera
2222 4111 2350 4176 tua,

227 4218 294 4278 et
328 4212 546 4272 ultima
581 4211 762 4290 plura
796 4211 1126 4289 prioribus:
1185 4210 1295 4270 sed
1343 4207 1503 4286 quod
1548 4208 1653 4268 illa
1686 4207 2065 4266 involvantur
2099 4208 2172 4266 iis
2210 4222 2350 4265 ver-
