2700 4792
447 340 519 394 03
586 364 591 367 .
759 389 764 395 ,
888 324 1377 381 APOCALYPSIS
1421 321 1853 378 ExPucATA.
1936 323 1983 391 §.
2028 332 2122 384 64.

449 491 620 551 Sicut
654 487 945 564 pleraque
982 488 1042 543 in
1078 481 1282 542 Verbo
1314 485 1489 542 etiam
1526 499 1773 543 sensum
1810 487 2151 560 oppositum
2188 485 2435 558 habent,
2469 490 2559 545 ita

447 606 687 672 quoque
723 585 1072 663 significatio
1097 581 1239 665 filii
1273 581 1584 659 hominis,
1634 587 1738 659 qui
1772 587 1832 642 in
1868 601 1939 644 eo
1977 602 2161 644 sensu
2208 594 2304 645 est
2337 586 2563 646 salsum

449 693 793 769 oppositum
831 703 1002 744 v-ero:
1058 692 1123 743 ut
1159 683 1320 760 apud
1360 684 1600 742 Esaiam
1653 682 1890 759 „Quid
1940 690 2010 745 ιιι
2044 685 2213 762 quod
2255 686 2446 746 times
2478 687 2564 748 ab

448 789 724 863 homine,
789 786 1087 859 moritur,
1168 789 1228 843 et
1256 803 1330 844 aa
1380 780 1529 864 filio
1593 783 1899 859 homi-nis,
1973 800 2238 863 ,qv-amen
2304 786 2557 848 datur“

445 888 563 950 LI:
623 892 742 963 123
800 895 858 947 et
908 887 1069 963 apud
1117 885 1421 945 Davidem
1477 875 1624 960 „Ne
1672 884 1967 965 confidite
2018 868 2122 944 in*
2127 885 2561 966 principibus,

446 989 518 1050 in
565 987 715 1070 filio
777 986 1084 1055 hominis,
1168 985 1273 1044 eui
1341 1002 1468 1044 non
1518 982 1747 1045 salu8‘'‘
1802 986 2033 1044 Psalm:
2127 985 2414 1046 CXLVI:
2475 989 2559 1062 33

444 1093 748 1168 principes
815 1095 954 1146 sunt
1021 1087 1303 1162 primaria
1371 1102 1545 1159 vera,
1612 1092 1691 1144 “n:
1769 1088 1981 1145 2089.
2040 1087 2261 1161 5044,
2333 1089 2421 1145 ita
2496 1089 2561 1145 in

449 1191 724 1267 opposito
777 1180 960 1248 Sensu
1011 1186 1295 1263 primaria
1337 1185 1526 1255 falsa,
1599 1192 1657 1244 et
1702 1185 1858 1243 filius
1912 1185 2165 1245 hominis
2216 1194 2309 1246 est
2354 1191 2559 1263 ipsum

447 1290 682 1351 falsum.
1197 1294 1199 1296 ’

606 1394 715 1450 64.
794 1390 1075 1450 Indutum
1138 1388 1339 1457 talari,
1404 1386 1562 1462 quod
1624 1387 1917 1464 significet
1976 1388 2263 1446 Divinum
2320 1388 2556 1448 Verum

445 1491 779 1571 procedens
816 1492 892 1549 ab
942 1490 1114 1566 Ipso,
1173 1493 1408 1547 constat
1453 1504 1526 1545 ex
1561 1487 1993 1563 significatione
2030 1489 2324 1562 vestium,
2392 1490 2556 1564 quod

447 1597 565 1652 sint
591 1609 738 1650 vera
774 1609 928 1667 quae
963 1592 1292 1649 investiunt
1335 1588 1571 1661 bonum,
1612 1589 1685 1647 de
1722 1606 1844 1671 qua
1892 1577 1954 1676 [n
1970 1577 2010 1675 τ]
2058 1590 2267 1648 1073.
2331 1590 2550 1649 2576.

394 1755 395 1758 Ἴ
457 1693 668 1751 5248.
729 1692 971 1749 5319.·
1015 1691 1217 1749 5954.
1264 1691 1491 1747 9212.
1552 1690 1763 1747 9216.
1822 1689 2031 1747 9952.
2099 1690 2370 1764 105363
2455 1691 2552 1749 hic

446 1791 622 1849 modo
659 1790 864 1849 talaris
902 1793 1269 1863 nominatur,
1327 1790 1432 1864 qui
1466 1794 1558 1846 est
1591 1788 1999 1848 indumentum
2043 1805 2390 1861 commune,
2441 1808 2553 1866 per

451 1891 609 1967 quod
657 1890 828 1962 ideo,
883 1893 1025 1966 quia
1074 1890 1146 1948 de
1194 1888 1483 1961 Domine,
1557 1887 1927 1966 significatur
1978 1891 2039 1946 in
2091 1906 2318 1964 genere
2376 1907 2548 1950 omne

447 1992 730 2050 Divinum
759 1990 1018 2049 Verum.
1049 1994 1063 2007 ’”
1089 1990 1244 2065 Quia
1276 1990 1373 2048 hic
1410 1989 1765 2049 describitur
1799 1990 2093 2048 Dominus
2136 1990 2336 2072 quoad
2371 1991 2548 2049 Divi-

447 2110 588 2149 num
617 2092 988 2164 Humanum,
1030 2091 1189 2166 quod
1226 2091 1323 2150 hic
1358 2096 1450 2147 est
1484 2089 1669 2148 Filius
1700 2090 1954 2149 hominis
1986 2107 2285 2166 apparens
2319 2093 2384 2148 in
2418 2109 2548 2150 me-

449 2192 544 2250 dio
582 2191 1105 2264 candelabrorum,
1174 2198 1233 2249 et
1275 2175 1489 2249 dicitur
1540 2192 1700 2266 quod
1733 2191 1975 2249 indutus
2013 2191 2212 2265 talari,
2266 2198 2327 2250 et
2363 2208 2545 2267 prae-

449 2295 676 2351 cinctus
714 2293 788 2351 ad
826 2292 1117 2349 mamillas
1154 2308 1309 2350 zona
1344 2308 1559 2365 aurea,
1614 2298 1674 2350 et
1723 2291 1861 2350 dein
1898 2291 2055 2367 quod
2110 2291 2297 2350 facies
2345 2291 2546 2368 Ipsius

444 2388 679 2452 fulserit
712 2396 866 2452 sicut
915 2391 1017 2451 Sol
1064 2395 1291 2450 in“sua
1333 2394 1630 2466 potentia,
1690 2392 1867 2452 velim
1907 2391 2369 2467 explicationem
2404 2391 2544 2449 dare

443 2511 628 2568 super
677 2494 782 2552 illa
823 2510 986 2568 ,quae
1042 2492 1203 2568 apud
1248 2491 1671 2567 Evangelistas
1721 2498 2125 2550 memorantur
2169 2490 2243 2552 de
2291 2474 2550 2551 Domino

445 2582 581 2652 cum
639 2594 1122 2666 transformatus,
1189 2593 1292 2650 ubi
1347 2592 1549 2668 aliqua
1612 2592 1864 2667 similia5
1922 2601 1982 2650 et
2035 2592 2170 2650 dein
2211 2609 2395 2668 super
2446 2592 2550 2650 illa

444 2694 606 2776 quod
652 2694 868 2752 milites
907 2695 1215 2754 diviserint
1251 2694 1606 2751 vestimenta
1654 2693 1882 2768 IpsiuS,
1937 2700 2013 2751 ¹et
2047 2709 2233 2768 super
2285 2695 2547 2752 tunicam

434 2795 692 2870 jecerint
721 2803 957 2852 sortem.
1041 2795 1134 2854 De
1170 2795 1429 2853 Domino
1466 2794 1889 2852 transformato
1925 2796 2010 2851 ita
2045 2793 2263 2868 legitur
2300 2791 2544 2868 „Jesus

443 2893 755 2953 assumsit
797 2893 1094 2964 Petrum,
1142 2893 1447 2954 Jacobum
1503 2898 1563 2952 et
1608 2892 1959 2954 Johannem
2008 2893 2078 2952 in
2134 2899 2405 2954 montem
2438 2889 2543 2953 al-

443 2999 581 3054 tum
632 2992 844 3070 valde,
909 3001 968 3054 et
1010 2993 1538 3072 &am-formatus,
1565 2998 1661 3053 est
1719 2992 1930 3054 coram
1981 2991 2151 3068 illis,
2229 2999 2287 3052 et
2336 2987 2547 3072 fulsit

440 3094 672 3156 Facies
698 3094 920 3175 Ipsius
948 3101 1020 3155 ut
1055 3092 1196 3168 Sol,
1235 3099 1294 3152 et
1334 3092 1719 3179 Vestimenta
1745 3093 1971 3174 Ipsius
1995 3095 2186 3174 saeta
2220 3098 2372 3155 sunt
2398 3111 2546 3154 own-

442 3194 605 3255 dida
656 3202 728 3256 ut
775 3194 933 3255 Lux
952 3217 971 3255 .·
1027 3200 1086 3254 et
1133 3212 1262 3253 eece
1305 3201 1739 3275 apparuerunt
1789 3193 1935 3254 illie
1974 3193 2190 3254 Moses
2238 3199 2299 3254 et
2344 3191 2546 3254 Elias

439 3315 580 3356 eam
614 3295 766 3374 Ipso
803 3293 1251 3374 colloquentes:
1289 3300 1347 3352 et
1372 3310 1501 3355 eece
1524 3297 1715 3365 nubes
1753 3293 1971 3356 lueida
1997 3293 2388 3355 inumbravit
2421 3313 2539 3368 eos,

438 3401 497 3456 et
532 3415 660 3457 ecee
698 3415 820 3473 vox
868 3414 900 3453 e
942 3396 1098 3455 nube
1141 3395 1355 3456 dicens
1373 3441 1388 3468 ‚
1441 3395 1579 3456 Hic
1612 3401 1707 3455 est
1754 3394 1981 3456 Filius
2030 3414 2207 3456 meus
2254 3392 2543 3463 dilectus,

437 3498 509 3558 in
549 3496 691 3572 Quo
728 3495 1076 3573 acquiesco,
1136 3494 1363 3576 Ipsum
1397 3495 1662 3557 audite“
1717 3495 1943 3555 Matth:
2004 3495 2217 3555 XVII:
2284 3497 2311 3552 1
2360 3494 2439 3553 ad
2484 3497 2541 3554 5.

435 3597 639 3657 Marc:
690 3596 815 3655 IX:
872 3599 906 3652 2
945 3596 1020 3654 ad
1052 3598 1110 3654 8.
1178 3597 1339 3656 Luc:
1394 3597 1523 3656 IX:
1578 3599 1664 3656 28
1704 3596 1780 3655 ad
1824 3598 1943 3657 36:
2025 3595 2199 3672 Quod
2244 3595 2539 3654 Dominus

437 3697 792 3757 assumserit
836 3696 1106 3773 Petrum,
1162 3697 1464 3756 Jacobum
1518 3703 1578 3755 et
1627 3697 1996 3771 Johannem,
2064 3703 2193 3754 erat
2247 3696 2389 3771 quia
2436 3711 2544 3770 per

432 3798 570 3858 illos
607 3798 1185 3871 repraesentabatur*
1204 3797 1481 3856 Ecclesia
1514 3798 1713 3880 quoad
1747 3797 1974 3867 Fidem,
2029 3795 2431 3867 Char-itatem,
2483 3799 2539 3854 et

439 3895 646 3973 Opera
675 3895 1007 3975 charitatis3
1054 3898 1211 3976 quod
1246 3899 1306 3954 in
1335 3904 1596 3957 montem
1632 3897 1850 3972 altum,
1906 3905 2035 3956 era't
2064 3898 2199 3973 quia
2232 3913 2343 3972 per
2368 3912 2535 3953 mon-

434 4003 557 4056 tem
597 3997 960 4075 significatur
1009 4000 1272 4073 coelum3
1330 3999 1489 4075 quod
1521 3998 1758 4057 fulserit
1792 3995 2007 4056 Facies
2047 3997 2249 4073 Ipsius
2306 4002 2373 4054 ut
2418 3993 2536 4067 Sol,

437 4105 566 4156 erat
601 4101 740 4176 quia
773 4100 959 4159 facies
996 4100 1291 4176 significat
1318 4101 1622 4167 interiora,
1668 4111 1823 4174 quae
1856 4100 1996 4174 quia
2032 4099 2291 4166 Divina,
2347 4095 2535 4154 fulse-

434 4206 570 4259 runt
610 4206 674 4260 ut
710 4199 844 4279 Sol,
912 4200 1017 4262 Sol
1058 4203 1212 4260 enim
1251 4206 1344 4258 est
1379 4199 1631 4257 Divinus
1687 4197 1908 4273 A1n0r3
1973 4197 2131 4274 quod
2180 4198 2537 4256 vestimenta
