2700 4792
320 330 568 388 CAPUT
607 329 1012 386 SECUNDUM.
1690 331 1869 388 VERS
1894 354 1907 386 =
1954 343 2045 396 14.
2206 345 2313 398 187

185 499 328 552 tum
393 497 490 550 est
549 497 616 549 ut
670 489 886 567 Capita
943 489 1158 567 populi
1211 491 1724 568 suspenderentur
1781 493 2055 554 Jehovae
2114 509 2315 560 coram

183 593 366 668 sole,
429 598 493 652 et
525 591 664 652 ideo
698 590 1034 650 Pinchasus
1069 591 1228 650 filius
1265 592 1571 652 Eleazaris
1608 594 1923 654 transfodit
1962 597 2023 653 in
2058 594 2317 672 lupinari

185 696 402 753 virum
465 709 544 752 ex
594 691 822 752 Isi-acle
872 699 934 750 et
981 691 1298 750 foeminam
1346 691 1785 769 Midianitiden,
1855 701 2101 772 propter
2155 695 2316 772 quod

189 795 396 854 etiam
429 793 784 853 benedictus
827 799 919 850 cst
933 812 950 867 3
1006 798 1067 850 et
1104 792 1238 850 ideo
1290 809 1527 868 quoque
1575 795 1757 852 occisi
1796 801 1937 854 sunt
1970 813 2047 854 ex
2086 795 2315 856 Isi-acle

193 894 277 953 ad
324 895 546 971 viginti
595 899 852 970 quatuor
897 892 1114 967 millia,
1177 892 1455 951 videatur
1498 892 1657 952 Num
1678 915 1693 951 ε
1718 893 1957 954 XXV:
2015 897 2044 953 1
2092 896 2169 953 ad
2203 894 2315 954 fin:

190 995 374 1054 tales
413 1011 648 1071 poenae
698 999 758 1052 et
791 993 948 1053 tales
995 992 1214 1071 plagae
1275 1009 1656 1069 nequaquam
1710 994 1783 1052 ob
1834 995 2024 1054 solam
2076 1011 2313 1054 comes-

195 1097 514 1154 sationem
549 1111 626 1154 ex
670 1093 1047 1170 idolothytis,
1110 1101 1170 1154 et
1213 1094 1636 1152 scortationem
1672 1111 1805 1152 cum
1848 1095 2121 1154 foeminis
2160 1095 2313 1154 alius

193 1198 408 1275 gentis
444 1197 789 1272 potuissent
831 1212 906 1254 cx
942 1195 1220 1254 mandato
1255 1193 1416 1267 fieri,
1474 1195 1590 1251 nisi
1624 1191 2019 1254 involvissent
2056 1196 2316 1254 nefanda

189 1303 421 1358 contra
477 1292 727 1356 Coelum
777 1301 838 1354 et
894 1295 1258 1376 Ecclesiam,
1316 1310 1472 1369 quae
1522 1312 1640 1354 non
1695 1303 1932 1355 exstant
1983 1299 2043 1354 in
2096 1294 2316 1355 literali

191 1413 396 1456 sensu
443 1393 664 1469 Verbi,
733 1395 840 1454 sed
893 1396 1088 1454 solum
1135 1399 1195 1456 in
1248 1394 1377 1471 ejus
1438 1410 1619 1454 sensu
1676 1397 2004 1472 spirituali3
2057 1397 2315 1456 nefanda

191 1497 310 1556 illa
359 1513 516 1573 quae
571 1495 1065 1571 involvebantur,
1144 1501 1346 1569 erant,
1416 1495 1575 1570 quod
1630 1497 2079 1573 prophanarent
2140 1497 2316 1556 simul

193 1597 368 1658 bona
433 1603 494 1654 et
538 1614 687 1655 vera
733 1596 1048 1677 Ecclesiae
1063 1617 1078 1672 3
1135 1595 1295 1672 quod
1351 1603 1511 1664 erat,
1564 1602 1630 1654 ut
1678 1613 1862 1673 supra
1916 1598 2137 1657 dictum
2204 1605 2313 1672 est,

196 1699 622 1776 appropriatio
669 1697 812 1758 maii
867 1704 926 1756 et
975 1697 1130 1756 falsi.
1222 1695 1400 1772 Quod
1460 1696 1756 1756 adulteria
1808 1703 1867 1756 ct
1922 1701 2315 1758 scortationes

198 1799 356 1858 talia
397 1797 741 1872 involvant,
809 1805 1047 1856 constat
1084 1815 1158 1856 ex
1197 1797 1469 1874 plurimis
1512 1797 1661 1858 locis
1700 1799 1761 1854 in
1796 1797 2035 1874 Verbo,
2074 1799 2178 1858 ubi
2212 1797 2319 1856 illa

195 1904 648 1972 memorantur,
689 1915 764 1956 ex
801 1898 1020 1973 quibus
1061 1899 1377 1958 manifeste
1412 1904 1613 1974 patet,
1662 1898 1820 1974 quod
1845 1917 1956 1975 per
1996 1899 2101 1958 illa
2126 1899 2313 1976 signi-

201 2000 466 2060 ficentur
501 1998 972 2058 adulteratione-S
1015 1997 1156 2057 boni
1197 2004 1259 2058 et
1303 1997 1752 2060 falsificationes
1798 2001 1957 2068 veri;
2013 2008 2080 2059 ut
2122 2003 2183 2059 in
2218 2001 2315 2060 his

200 2099 639 2178 sequentibus:
707 2099 870 2175 apud
939 2099 1320 2158 Ezechielem
1385 2096 1893 2180 „Hierosolyma
1958 2103 2201 2182 confisa
2253 2119 2319 2158 es

185 2197 712 2282 pulchritudini,
763 2204 823 2259 et
869 2205 1150 2260 scortata
1204 2217 1271 2258 es
1329 2201 1403 2259 ob
1438 2199 1699 2280 samam
1764 2205 1970 2275 tuam,
2038 2200 2195 2262 adeo
2246 2205 2319 2260 ut

201 2299 513 2382 effudevis
585 2299 1017 2362 Scortationes
1089 2306 1240 2361 tuas
1311 2318 1503 2380 super
1564 2319 1803 2360 omnem
1862 2306 2319 2363 transeuntem.

201 2401 512 2464 Scor-tata
544 2421 610 2460 es
658 2419 801 2462 cum
823 2398 999 2482 filiis
1033 2400 1320 2482 Aeyypti
1356 2400 1585 2460 vicinis
1633 2400 1766 2460 tui-s·
1809 2401 2069 2478 maym's
2115 2419 2318 2470 carne,

209 2519 292 2563 ac
360 2497 813 2586 multiplicasti
877 2500 1338 2564 Soortationem
1399 2506 1619 2562 tuam:
1702 2499 2001 2561 Scor-tata
2054 2518 2120 2558 es
2180 2520 2323 2560 cum

201 2597 390 2683 filiis
421 2599 762 2672 Aschuris,
809 2621 952 2662 cum
987 2603 1260 2663 satietas
1297 2600 1415 2661 tibi
1447 2596 1632 2662 nulla
1649 2645 1668 2674 ,.
1705 2618 1847 2660 cum
1878 2599 2107 2677 quibus
2146 2617 2319 2660 scor-

205 2706 360 2762 tata
395 2719 479 2760 es.
555 2699 1018 2783 Multiplicasti
1061 2701 1523 2764 Scortationem
1571 2706 1751 2762 tuam
1804 2717 1999 2778 usque
2044 2697 2135 2759 ad
2190 2705 2317 2760 ter-

199 2821 355 2864 ram
396 2801 852 2882 neyotiationis
899 2800 1326 2866 Chaldaeum:
1398 2799 1641 2863 Miclier
1684 2799 1984 2864 adultera
2030 2800 2144 2861 aab
2180 2800 2318 2860 viro

201 2921 326 2964 auo
361 2902 600 2983 accipit
635 2901 896 2964 alienos.
983 2905 1213 2966 Omnes
1246 2903 1679 2966 meretricibus
1714 2902 1856 2963 suis
1894 2901 2053 2962 dant
2086 2919 2317 2961 merce-

201 3001 388 3082 dem,
445 3008 518 3064 tu
555 3023 698 3065 vero
721 3003 983 3080 ,dedisti
1016 3003 1325 3064 mercedes
1372 3003 1658 3066 omnibus
1707 3001 1983 3064 amasiis
2038 3002 2172 3064 tuis
2190 3048 2205 3077 ,
2260 3007 2321 3060 et

199 3103 635 3165 remuneranti
667 3123 790 3174 eos,
829 3109 903 3166 ut
937 3095 1193 3168 veniant
1227 3103 1316 3164 ad
1355 3109 1415 3162 te
1450 3104 1522 3164 in
1556 3104 1829 3165 circuitu
1864 3103 1935 3164 in
1961 3101 2315 3165 Scortatio-

199 3202 394 3267 nibus
430 3202 582 3265 tuis,
637 3203 882 3300 ‘Quare
915 3204 1232 3268 Meretrix
1267 3203 1432 3265 audi
1466 3204 1716 3266 verbum
1750 3203 2070 3264 Jeltovae«
2130 3203 2314 3262 XVI:

215 3305 331 3362 15.
373 3308 485 3366 26.
548 3308 661 3366 28.
711 3308 820 3366 29.
869 3307 979 3366 32.
1031 3307 1142 3366 33.
1186 3306 1296 3366 35.
1335 3321 1479 3381 seq:
1532 3307 1665 3381 quis
1702 3322 1817 3364 non
1852 3305 2058 3364 videre
2094 3310 2314 3382 potest,

207 3403 371 3480 quod
419 3404 518 3464 hic
572 3423 684 3482 per
731 3409 1125 3465 scortationes
1179 3422 1300 3464 non
1345 3405 1757 3482 intelligantur
1811 3407 2203 3464 scortationes
2256 3405 2319 3459 in

201 3520 398 3564 sensu
433 3509 733 3564 communi
766 3506 1053 3583 naturali,
1109 3509 1304 3583 agitur
1342 3508 1495 3565 enim
1542 3505 1616 3565 de
1658 3505 1965 3578 Ecclesia,
2036 3502 2139 3558 ubi
2183 3518 2314 3557 om·-

200 3606 306 3662 nia
340 3621 490 3664 vera
525 3604 713 3664 Verbi
750 3606 1066 3666 falsificata
1103 3613 1268 3682 sunt,
1341 3606 1496 3664 haec
1546 3611 1685 3664 sunt
1734 3621 1885 3679 quae
1934 3619 2045 3678 per
2078 3605 2312 3658 scorta-

203 3706 406 3763 tiones
441 3705 883 3782 intelliguntur,
945 3725 1084 3766 nam
1127 3709 1521 3774 scortationes
1558 3707 1621 3762 in
1654 3701 1951 3778 spirituali
1984 3715 2167 3758 sensu
2202 3715 2311 3758 seu
2352 3715 2519 3780 [129]

201 3807 611 3864 scortationes
650 3806 994 3882 spirituales
1041 3824 1160 3865 non
1224 3806 1388 3864 aliud
1434 3809 1577 3863 sunt
1628 3818 1807 3878 quam
1867 3798 2313 3858 falsificationes

197 3906 334 3964 veri
349 3923 368 3980 3
424 3904 848 3983 Hierosolyma
884 3899 968 3966 ibi
1003 3913 1098 3967 est
1131 3907 1437 3975 Ecclesia,
1484 3901 1591 3962 filii
1626 3902 1888 3978 Aegypti
1910 3917 2061 3959 -cum
2098 3898 2314 3977 quibus

198 4011 476 4064 scortata
529 4011 624 4065 est
687 4013 828 4066 sunt
879 4007 1212 4067 scientifica
1271 4012 1340 4078 ct¹
1394 4004 1761 4080 cognitiones
1826 4003 2014 4060 omnis
2076 4002 2314 4078 generis

195 4106 446 4166 sinistre
485 4104 793 4182 applicata
825 4108 903 4166 ad
953 4106 1419 4168 confirmandum
1458 4103 1643 4180 falsa3
1697 4101 1803 4162 filii
1838 4100 2131 4162 Aschuris
2178 4108 2319 4160 sunt

181 4193 692 4268 ‘ratiocinationes
733 4223 804 4268 ex
839 4207 990 4291 illis5
1022 4215 1188 4268 terra
1227 4205 1647 4283 negotiationis
1692 4203 2001 4265 Chaldaea
2038 4209 2131 4264 est
2166 4219 2315 4279 pro-
