2700 4792
335 346 564 405 CAPUT
603 347 946 406 TERTIUM.-
1708 348 1921 406 VERS:
1966 359 2020 412 1.
2176 354 2298 416 267⁶

199 515 436 590 septena,
490 514 551 568 et
601 504 816 570 oculos
862 512 1123 587 septem,
1186 475 1300 586 qu}
1345 512 1496 568 eunt
1546 513 1779 587 septem
1812 505 2103 588 Spiritus
2148 509 2289 572 Dei

195 609 400 670 emissi
429 608 502 669 in
533 627 778 668 omnem
811 610 1093 677 tevi-am“
1143 608 1219 667 V:
1265 609 1300 666 6
1320 627 1336 683 3
1388 608 1553 684 quod
1590 606 1853 686 Spiritus
1888 609 1973 667 ibi
2016 629 2135 670 non
2168 613 2288 671 sint

199 711 467 788 Spiritus,
517 716 690 788 patet
730 727 805 768 ex
843 725 932 783 eo,
973 708 1134 784 quod
1161 708 1505 786 Lampades
1543 716 1603 769 et
1630 708 1804 770 Oculi
1830 709 1989 786 Agni
2014 711 2289 772 dicantur

200 812 438 888 Spiritus
456 829 473 886 3
521 809 862 886 Lampades
903 809 1239 886 significant
1261 808 1483 866 Divina
1509 808 1701 884 Vera,
1748 815 1807 866 et
1835 808 2009 869 Oculi
2041 813 2283 872 intelle-

195 919 340 972 ctum
372 913 533 985 veri,
585 917 644 969 et
683 927 816 970 cum
851 910 926 968 de
960 908 1218 968 Domino
1253 909 1538 967 Divinam
1572 909 1776 987 Ipsius
1820 909 2187 986 Sapientiam
2226 919 2287 972 ct

189 1011 655 1088 Intelligentiam,
695 1009 968 1070 videatur
993 1026 1182 1086 supra
1203 1028 1274 1067 n:
1323 1013 1353 1068 1
1374 1012 1407 1068 5
1422 1013 1483 1068 2.

340 1114 494 1170 184.
567 1112 645 1170 Et
691 1116 926 1188 septem
969 1109 1180 1170 stellas
1193 1154 1212 1184 ,
1263 1108 1423 1185 quod
1470 1110 1769 1187 significet
1818 1129 1855 1169 a
1896 1111 2029 1186 Quo
2078 1129 2285 1174 omnes

191 1213 543 1288 cognitiones
601 1213 730 1270 veri
777 1217 848 1288 'et
896 1211 1066 1285 boni,
1125 1215 1361 1269 constat
1430 1227 1503 1268 ex
1544 1210 1972 1288 significatione
2036 1219 2286 1288 septem,

191 1312 340 1388 quod
378 1313 497 1370 sint
538 1312 784 1389 plenum
823 1317 883 1370 et
919 1313 1144 1381 omnia,
1197 1309 1272 1369 de
1309 1327 1430 1386 qua.
1464 1327 1651 1387 supra
1697 1329 1762 1370 n:
1813 1315 1921 1372 20.
1980 1315 2103 1388 243
2156 1321 2217 1371 et
2250 1331 2289 1372 a

191 1413 612 1489 significatione
661 1412 1006 1486 stellarum,
1057 1410 1216 1486 quod
1261 1413 1383 1469 sint
1430 1413 1796 1488 cognitiones
1842 1415 1969 1472 veri
2018 1419 2078 1471 et
2125 1413 2283 1487 boni,

187 1513 258 1572 de
294 1529 410 1590 qua
447 1514 627 1572 etiam
670 1529 856 1588 supra
893 1531 962 1571 n:
999 1516 1109 1571 72.
1176 1511 1354 1587 Quod
1390 1510 1621 1570 dicatur
1657 1512 1733 1570 ad
1766 1513 2063 1590 Angelum
2101 1513 2281 1591 hujus
2325 1528 2485 1590 [130]

183 1613 506 1687 Ecclesiae,
553 1611 737 1672 Haeo
771 1611 932 1672 dicit
966 1611 1196 1678 habene
1229 1615 1463 1690 septem
1490 1610 1764 1690 spiritus
1798 1613 1938 1673 Dei
1962 1618 2021 1671 et
2056 1618 2287 1692 septem

189 1709 436 1788 stellae,
505 1720 601 1772 est
643 1715 784 1789 quia
823 1713 898 1772 de
943 1713 1063 1771 illis
1109 1715 1266 1771 intra
1301 1711 1637 1770 Ecclesiam
1686 1715 1908 1789 agitur,
1964 1716 2066 1790 qni
2101 1717 2283 1772 vitam

189 1813 469 1873 moralem
507 1821 694 1890 agunt
735 1813 844 1872 sed
879 1831 999 1874 non
1035 1811 1439 1890 spiritualem,
1489 1814 1629 1888 quia
1661 1816 1835 1889 parvi
1872 1814 2139 1890 pendunt
2176 1831 2282 1873 co-

188 1917 499 1989 gnitiones:
519 1913 951 1990 spiritualium,
1009 1921 1070 1972 et
1107 1913 1246 1972 inde
1285 1913 1736 1989 intelligentiam
1800 1920 1861 1972 et
1897 1917 2283 1992 sapientiam,

184 2031 290 2089 per
311 2020 552 2092 septem
580 2015 738 2074 enim
765 2016 1010 2090 spiritus
1038 2013 1449 2090 significantur
1474 2015 1669 2072 omnia
1696 2033 1843 2073 vera
1872 2013 2041 2074 Coeli
2078 2023 2136 2074 et
2162 2015 2282 2074 Ec-

187 2113 428 2188 clesiae,
479 2120 542 2173 et
589 2131 716 2198 per·
741 2121 976 2201 septem
1029 2113 1236 2173 stellas
1285 2114 1651 2188 cognitiones
1691 2117 1818 2175 veri
1861 2120 1922 2172 et
1951 2115 2123 2186 boni,
2175 2132 2287 2190 per

183 2231 330 2290 quae
373 2214 494 2273 duo
549 2215 738 2272 omnis
773 2213 1168 2290 intelligentia
1215 2218 1278 2272 et
1313 2214 1639 2288 sapientia3
1698 2213 1778 2272 ad
1825 2214 2120 2291 Angelum
2172 2231 2282 2273 cu-

174 2314 370 2390 jusvis
409 2313 721 2374 Ecclesiae
772 2316 1173 2390 praemittitur
1213 2312 1287 2371 de
1327 2312 1583 2371 Domino
1630 2312 1889 2390 aliquid,
1940 2314 2098 2390 quod
2136 2332 2281 2389 rem,

178 2412 250 2472 de
271 2432 412 2491 -qua
445 2416 654 2491 agitur,
709 2415 950 2489 indicat,
991 2413 1266 2474 videatur
1301 2429 1487 2488 supra
1522 2432 1589 2472 n:
1641 2416 1715 2470 11
1738 2415 1797 2472 3.

341 2515 497 2572 185.
547 2515 704 2574 Novi
739 2521 846 2573 tua
872 2531 1076 2592 opera,
1115 2513 1274 2591 quod
1311 2513 1606 2588 significet
1632 2513 1735 2571 illa
1762 2531 1919 2588 quae
1948 2530 2154 2572 conam
2186 2516 2282 2570 vi-

177 2620 286 2673 tae
333 2619 496 2688 sunt,
559 2620 792 2673 constat
839 2632 913 2673 ex
972 2614 1401 2692 significatione
1465 2629 1741 2688 opernm,
1814 2611 1975 2688 quod
2020 2613 2141 2669 sint
2182 2612 2287 2670 illa

175 2731 332 2790 qnae
370 2714 526 2774 vitae
561 2715 818 2774 hominis
862 2720 1030 2789 sunt,
1087 2722 1210 2774 tam
1244 2713 1405 2772 bona
1446 2730 1623 2789 quam
1658 2713 1817 2773 mala
1829 2732 1846 2788 3
1906 2727 2093 2772 causa
2128 2713 2287 2788 quod

97 2847 104 2852 ·
173 2831 358 2890 opera
401 2815 736 2892 significent
779 2815 885 2873 illa
921 2832 1075 2891 quae
1113 2816 1274 2872 vitae
1322 2821 1487 2890 sunt,
1552 2819 1643 2872 est.
1685 2815 1825 2890 quia
1864 2817 2003 2872 sunt
2038 2811 2285 2871 effectus

172 2915 330 2974 vitae
351 2959 368 2990 ,
413 2931 556 2973 nam
600 2932 640 2973 a
671 2917 796 2974 vita
840 2916 1108 2992 cujusvis
1143 2914 1481 2990 procedunt
1493 2934 1509 2989 3
1574 2915 1625 2972 si
1664 2916 1789 2973 vita
1823 2914 1981 2972 bona
2017 2917 2111 2971 est
2146 2919 2286 2970 sunt

171 3031 356 3090 opera
391 3015 586 3090 bona,
645 3017 700 3074 si
733 3022 934 3074 autem
967 3017 1094 3073 vita
1142 3014 1301 3072 mala
1354 3021 1448 3072 est
1484 3020 1623 3072 sunt
1672 3032 1859 3091 opera
1897 3012 2085 3080 mala;
2137 3016 2281 3087 vita,

171 3133 321 3189 quae
357 3118 420 3174 in
455 3115 758 3192 operibuS‚
795 3123 890 3174 est
924 3117 1175 3174 intentio
1213 3131 1369 3189 quae
1412 3120 1505 3190 est
1540 3115 1866 3174 voluntatis
1904 3121 1965 3174 et
1998 3114 2136 3172 inde
2176 3129 2283 3172 co·-

171 3217 496 3290 gitationis,
545 3221 606 3274 et
637 3216 792 3275 haec
817 3218 942 3274 vita
979 3222 1071 3274 est
1100 3217 1224 3274 vita
1259 3216 1501 3290 spiritus
1534 3213 1822 3288 hominiS,
1862 3231 1999 3273 nam
2036 3217 2283 3291 spiritus

170 3316 236 3370 in
274 3313 512 3374 homine
557 3316 812 3374 intendit
857 3322 918 3374 et
961 3317 1212 3392 cogitat,
1283 3313 1513 3390 absque
1561 3313 1676 3376 hac
1728 3317 1852 3373 vita
1900 3318 1961 3373 in
1999 3314 2284 3392 operibus

168 3412 372 3472 forent
423 3431 604 3491 opera
645 3415 839 3474 solum
886 3422 1082 3474 motus
1133 3412 1342 3492 quales
1380 3422 1521 3473 sunt
1554 3421 1954 3489 automatum3
2010 3413 2147 3471 inde
2192 3419 2284 3471 est

171 3513 332 3588 quod
367 3517 676 3591 sapientes
710 3533 830 3575 non
865 3522 1141 3591 spectent
1179 3513 1254 3572 ad
1291 3531 1495 3590 opera,
1550 3516 1659 3574 sed
1697 3515 1773 3573 ad
1806 3514 1969 3571 illam
2006 3514 2189 3569 vitam
2222 3512 2283 3568 in

165 3614 450 3688 operibus
467 3659 485 3690 ,
531 3633 750 3693 nempe
787 3615 865 3674 ad
909 3618 1328 3692 intentionem3
1393 3614 1508 3674 hoc
1551 3616 1843 3692 imprimis
1892 3612 2118 3670 faciunt
2152 3604 2279 3669 An-

163 3711 278 3788 geli
319 3717 424 3790 qui
459 3714 626 3790 apud
659 3715 958 3776 hominem
980 3760 996 3790 ,
1041 3716 1130 3775 illi
1166 3733 1282 3774 non
1327 3714 1534 3773 vident
1570 3729 1755 3790 opera
1792 3712 1952 3788 ejuS,
2002 3708 2111 3768 sed
2146 3726 2278 3768 mo-

163 3812 236 3873 do
269 3817 638 3874 intentiones
677 3819 892 3876 mentis
931 3817 1082 3894 ejuS,
1139 3822 1200 3875 et
1233 3816 1372 3874 inde
1410 3811 1769 3874 concludunt
1805 3811 1883 3868 ad
1934 3808 2110 3884 quale
2148 3815 2279 3866 sta-

162 3921 254 3972 tus
291 3915 589 3992 hominis3
649 3933 726 3975 ex
777 3917 996 3993 quibus
1047 3921 1322 3976 constare
1373 3919 1575 3990 potest
1622 3911 1779 3988 quod
1828 3927 1943 3987 per
1994 3925 2181 3986 opera
2216 3909 2279 3968 in

161 4027 347 4074 sensu
401 4016 703 4092 spirituali
755 4016 1124 4093 intelligatur
1175 4017 1329 4090 vita,
1406 4019 1467 4072 et
1512 4014 1653 4087 quia
1700 4013 1827 4070 vita
1878 4009 2135 4070 hominis
2189 4015 2283 4069 est

163 4117 347 4190 varia,
394 4121 456 4173 et
490 4116 716 4191 pendet
749 4117 1162 4194 principaliter
1198 4113 1272 4176 ab
1314 4115 1445 4190 ejus
1488 4129 1719 4184 amore,
1763 4113 1899 4172 ideo
1944 4129 2109 4170 amor
2150 4111 2281 4187 ejus

163 4227 265 4290 per
316 4231 508 4292 opera
567 4217 982 4293 principaliter
1025 4215 1424 4294 significatur,
1498 4218 1563 4270 ut
1616 4229 1805 4292 supra
1848 4231 1915 4270 n:
1966 4214 2074 4286 98,
2122 4215 2150 4268 1
2174 4214 2283 4270 16.
