2700 4792
319 383 596 441 CAPUT
633 381 970 438 mmmm.
1257 347 1266 362 ’
1351 471 1362 478 .
2206 395 2319 450 435

52 565 55 581 >
159 551 388 604 rantur
445 542 734 614 Numeri,
799 548 862 600 et
923 555 1096 600 nemo
1161 545 1368 618 potest
1430 541 1591 602 scire
1634 538 1893 602 Sensum
1942 545 2321 622 spiritualem

155 662 370 704 rerum
415 644 598 714 inibi,
633 643 748 700 nisi
773 644 1002 702 sciatur
1027 640 1170 719 quid
1197 641 1417 719 singuli
1440 640 1688 702 Numeri
1712 643 2068 721 significant,
2106 663 2317 712 omnes

157 748 322 804 enim
361 743 644 804 Numeri
677 745 736 802 in
770 742 994 815 Verbo,
1049 743 1207 802 sicut
1241 744 1443 802 omnia
1482 741 1766 818 Nomina,
1820 745 2159 822 significant
2218 765 2319 810 res

155 844 584 921 spiritualem
623 851 684 902 et
709 845 852 920 quia
875 843 1178 902 Numerus
1213 847 1447 919 septem
1482 843 1638 902 inter
1662 843 1927 922 reliquos
1960 861 2149 923 saepe
2184 865 2317 909 me-

155 953 496 1022 moratur,
555 943 690 1004 ideo
737 944 918 1003 velim
953 942 1050 1002 hic
1087 943 1437 1018 ostendere,
1494 943 1654 1018 quod
1690 942 1937 1022 Septem
1982 946 2321 1023 significent

155 1061 388 1106 omnes
437 1047 770 1119 et·omnia,
807 1051 934 1103 tum
969 1043 1213 1121 plenum
1251 1050 1313 1102 et
1349 1047 1567 1118 totum,
1608 1046 1891 1122 quicquid
1934 1047 2090 1106 enim
2126 1051 2316 1126 signi·-
2356 1047 2516 1112 [287]

38 1196 39 1208 ,
159 1145 308 1206 fleat
361 1161 594 1205 omnes
647 1151 708 1205 et
755 1147 978 1218 omnia,
1031 1143 1092 1202 id
1139 1147 1320 1202 etiam
1372 1143 1668 1220 significat
1727 1145 1973 1222 plenum
2010 1154 2070 1208 et
2106 1155 2311 1224 totum,

157 1263 302 1304 nam
361 1246 634 1324 plenum
692 1254 754 1304 et
803 1251 990 1304 totum
1041 1245 1429 1321 praedicatur
1482 1244 1557 1304 de
1604 1244 2011 1323 Magnitudine
2059 1253 2175 1327 rei,
2244 1269 2317 1312 ac

162 1363 392 1406 omnes
439 1352 504 1407 et
539 1347 736 1406 omnia
769 1346 844 1405 de
873 1344 1272 1404 Multitudine.
1329 1343 1507 1420 Quod
1542 1344 1787 1422 Septem
1822 1347 1929 1406 illa
1961 1349 2315 1425 significent,

161 1455 472 1507 constare
512 1454 714 1524 petest
741 1465 778 1504 a
803 1446 1196 1520 sequentibus
1222 1446 1403 1520 locis;
1439 1446 1604 1523 apud
1632 1447 2007 1506 Ezechielem
2045 1448 2311 1522 „Habi-

164 1551 430 1608 totores
473 1546 739 1608 Urbium
772 1542 1050 1606 Israelis
1089 1545 1417 1608 incendent
1458 1547 1927 1626 comburuntque
1970 1565 2159 1608 arma
2172 1592 2187 1623 ,
2252 1553 2315 1610 et

165 1653 445 1710 eeu-tum
489 1653 552 1708 et
590 1644 900 1730 clypeum,
957 1665 1101 1708 eum
1135 1666 1292 1708 arcu
1327 1651 1389 1706 et
1426 1665 1569 1708 cum
1605 1643 1779 1718 telis,
1830 1653 1891 1706 et
1922 1665 2067 1708 cum
2090 1645 2313 1710 baculo

170 1753 424 1810 manue
457 1753 520 1809 et
545 1766 688 1809 cum
709 1747 900 1808 hacta
913 1767 940 1819 ,0
965 1752 1026 1807 et
1053 1746 1386 1808 accendent
1412 1744 1555 1808 illis
1580 1748 1793 1828 iynem
1816 1753 2051 1829 septem
2083 1749 2312 1812 annis.-

174 1853 230 1906 et
255 1847 575 1928 sepelient
603 1847 876 1930 Goqum,
905 1853 965 1909 et
991 1867 1234 1910 omnem
1259 1845 1739 1910 multitudinem
1762 1850 1917 1932 <ju-3,
1946 1855 2007 1911 et
2030 1850 2311 1914 munda-

178 1947 336 2008 bunt
365 1955 612 2011 tem-am
637 1955 870 2030 septem
899 1949 1262 2010 memibu⁸“
1305 1949 1609 2010 XXXIX:
1646 1953 1705 2010 9.
1738 1950 1803 2028 [1
1830 1951 1917 2030 1.]
1956 1953 2079 2030 123
2118 1955 2315 2030 agitur

177 2047 264 2106 ibi
311 2050 400 2109 de
451 2050 822 2111 desolatione
881 2053 1141 2110 omnium
1191 2052 1252 2109 in
1297 2049 1603 2126 Ecclesia3
1656 2051 2025 2112 habitatores
2074 2054 2312 2114 urbium

181 2145 462 2225 Israiilis2
501 2149 842 2227 significant
865 2154 1064 2210 omnia
1091 2150 1251 2211 bona
1273 2153 1435 2226 νοτὶς
1473 2151 1793 2212 incendere
1829 2152 2125 2229 signifieat
2160 2171 2309 2214 con-

186 2262 432 2310 sumere
468 2269 579 2328 per
613 2249 803 2327 mala3
857 2269 1052 2323 arma,
1091 2257 1355 2325 scutum,
1410 2251 1695 2327 clypeum,
1734 2269 1940 2327 arcus,
1996 2253 2149 2331 tela,
2194 2254 2311 2316 ba-

191 2348 374 2408 culus
417 2367 652 2424 manus,
708 2352 913 2426 hasta,
969 2359 1109 2410 sunt
1143 2353 1340 2410 omnia
1388 2367 1543 2427 quae
1582 2351 1921 2429 doetrinae3
1974 2353 2308 2416 accendere
2357 2394 2363 2400 -

196 2445 324 2504 illis
359 2451 542 2526 ignem
579 2460 814 2530 septem
850 2455 1054 2521 anniS,
1105 2458 1202 2512 est
1247 2455 1443 2510 omnia
1494 2459 1556 2510 et
1592 2452 1771 2530 plene
1808 2471 2159 2516 consumere
2195 2471 2309 2533 per

201 2546 401 2623 mala3
451 2550 642 2628 Gogus
677 2553 974 2630 significat
1033 2552 1168 2612 illos
1232 2555 1332 2630 qui
1368 2555 1429 2610 in
1476 2553 1641 2612 cultu
1680 2562 1927 2614 externo
1962 2561 2101 2614 sunt
2148 2561 2209 2612 et
2242 2557 2307 2614 in

195 2647 372 2705 nullo
417 2652 662 2730 interum
718 2653 978 2730 sepelire
1031 2652 1164 2712 illos
1215 2659 1276 2712 et
1321 2651 1610 2712 mundare
1662 2661 1907 2727 terram,
1964 2658 2059 2712 est
2092 2669 2305 2714 omnes

191 2746 328 2809 illos
367 2751 705 2829 destruere,
763 2761 822 2812 et
861 2754 936 2812 ab
973 2753 1090 2812 illis
1125 2753 1306 2830 plene
1341 2771 1669 2831 repurgare
1708 2752 2054 2813 Ecclesiam.
2118 2752 2309 2830 Apud

194 2846 516 2912 Jeremiam
555 2851 1212 2934 „Multzplicabuntur
1245 2853 1479 2914 viduae
1501 2873 1663 2934 prae
1688 2871 1885 2914 arena
1908 2851 2203 2928 matium,
2244 2857 2309 2916 et

191 2949 510 3016 adducam
559 2951 701 3016 illie
749 2973 949 3035 supra
991 2960 1260 3016 matrem
1291 2953 1602 3036 juvenum
1640 2958 2025 3018 vastatorem
2066 2952 2138 3016 ἐπ
2173 2971 2307 3020 ‘me-

191 3049 395 3127 ridie,·
445 3051 844 3135 elauyueacet
875 3073 1035 3137 quae
1056 3059 1321 3134 peperat
1345 3059 1599 3134 septem,
1635 3055 1993 3136 exspirabit
2018 3054 2308 3120 animm

190 3159 421 3216 onam“
460 3155 603 3216 XV:
649 3159 708 3216 8.
754 3160 790 3217 9
809 3178 824 3232 ;
879 3175 992 3234 per
1028 3157 1240 3216 viduas
1277 3173 1437 3232 quae
1474 3156 2061 3236 multiplicabuntur,
2111 3159 2301 3236 signi·

191 3248 437 3317 ficantur
487 3259 590 3333 qui
622 3260 682 3316 in
717 3259 872 3318 bono
923 3263 1063 3318 sunt
1113 3264 1174 3316 et
1211 3257 1557 3316 desiderant
1590 3276 1768 3330 vera,
1816 3264 1879 3318 et
1924 3261 1985 3318 in
2022 3262 2303 3338 opposito

189 3365 394 3434 sensu,
438 3363 506 3415 ut
539 3357 664 3433 hie,
721 3361 822 3436 qui
857 3361 916 3418 in
953 3358 1108 3418 malo
1145 3363 1286 3417 sunt
1319 3365 1381 3416 et
1413 3357 1622 3418 volunt
1658 3350 1847 3435 falsa3
1903 3377 2015 3438 per
2050 3367 2304 3420 matrem

185 3449 466 3524 juvenum
539 3459 904 3536 sigtiificatur
951 3458 1260 3528 Ecclesia,
1319 3475 1431 3535 per
1491 3463 1858 3520 vastatorem
1920 3462 1981 3518 in
2027 3459 2303 3532 meridie,

189 3554 548 3631 significatur
584 3561 840 3620 vastatio
875 3559 1036 3619 illius
1070 3558 1383 3620 Ecclesiae
1433 3561 1814 3638 quantumvis
1861 3561 1922 3616 in
1956 3559 2117 3616 veris
2154 3561 2295 3633 pot-

192 3662 271 3713 est
327 3675 474 3720 esse
529 3675 604 3718 ex
656 3660 892 3736 Verbo;
955 3677 1065 3738 per
1101 3658 1488 3736 elangueseet
1551 3667 1609 3719 et
1658 3657 1986 3734 exspirabit
2035 3657 2299 3716 animam

190 3767 330 3828 quae
369 3767 632 3836 peperat
665 3767 932 3838 septem,
985 3761 1355 3838 significatur
1390 3758 1548 3836 quod
1584 3759 1855 3835 peritura
1886 3754 2163 3816 Ecclesia
2198 3756 2299 3816 cui

192 3863 376 3921 omnia
435 3877 584 3920 vera
627 3861 772 3921 data
829 3867 1002 3935 sunt,
1073 3862 1214 3938 quia
1263 3858 1563 3934 Verbum,
1632 3875 1771 3916 nam
1821 3873 1976 3936 quae
2036 3861 2298 3934 peperat

193 3967 414 4035 septem
469 3961 767 4038 significat
819 3965 916 4022 cui
967 3961 1108 4022 data
1159 3967 1302 4021 sunt
1349 3959 1547 4018 omnia
1580 3973 1727 4018 vera
1738 3976 1754 4034 3
1817 3957 1931 4016 hoc
1985 3957 2046 4016 in
2087 3956 2297 4035 specie

195 4051 404 4121 dictum
457 4069 548 4121 est
598 4063 673 4122 de
707 4063 984 4123 ,ludaeis
1091 4060 1375 4122 Similiter
1418 4059 1480 4118 in
1525 4058 1707 4119 Libro
1759 4057 1958 4119 Primo
1994 4055 2299 4125 Samuelis

201 4155 546 4226 »Famelici
599 4167 957 4240 cessarunt,
1010 4173 1206 4244 usque
1255 4159 1415 4222 dum
1468 4155 1713 4222 sterilia
1744 4159 1994 4241 peperit
2042 4166 2295 4242 septem,

195 4258 574 4341 multiprolie
626 4268 841 4326 autem
890 4262 1166 4345 dqfecit“
1210 4262 1306 4322 II:
1353 4263 1423 4340 53
1486 4261 1742 4323 famelici
1798 4264 1901 4340 qui
1960 4265 2293 4336 cessarunt,

1804 4367 1839 4420 2
1856 4365 1891 4420 8
1924 4357 1964 4392 ⁹¹⁵
