2700 4792
389 386 625 443 CAPUT
680 385 1084 446 SECUNDUM.
1768 387 1981 446 VERS=
2022 401 2078 453 2.
2238 405 2345 456 115

225 549 411 610 LVI:
459 551 568 608 14.
648 546 834 623 Apud
879 545 1218 606 Johannem
1270 545 1515 620 „Jeme
1550 543 1758 623 dimit,
1822 545 1972 628 Eyo
2008 567 2153 610 eum
2184 549 2344 616 Luoe

153 641 160 646 ’
217 647 492 724 mundi,
546 647 661 727 qui
696 645 984 726 sequitur
1025 643 1162 718 Me,
1215 665 1340 707 non
1380 644 1729 708 ambulabit
1766 647 1837 708 in
1872 649 2175 727 tenebris,
2230 651 2346 714 aed

219 733 477 812 hebebit
523 747 724 809 lucem
769 746 986 807 vitae“
1048 745 1230 806 VIII:
1291 751 1401 806 12.
1506 746 1689 824 Apud
1740 749 2010 810 Eundem
2073 751 2344 828 „Adhuc

210 871 464 932 pamm
507 847 668 910 Iam
717 847 1034 908 vobiscum
1065 852 1162 908 eet
1173 894 1191 924 ,
1245 844 1567 910 ambulate
1612 847 1769 909 dum
1826 846 2024 912 lucem
2076 850 2339 928 habetis,

223 971 308 1012 ne
357 950 640 1012 tenebrae
685 967 796 1008 voe
855 947 1407 1028 comprehendant,
1458 953 1519 1008 et
1566 947 1901 1010 ambulans
1958 951 2027 1010 in
2075 951 2341 1012 tenebris

219 1051 436 1114 nescit
465 1067 586 1130 quo
622 1047 838 1118 vadit,
885 1047 1044 1109 dum
1080 1047 1320 1109 Lucem
1351 1047 1615 1122 habetis,
1650 1049 1887 1110 credite
1930 1050 2002 1110 in
2050 1049 2339 1112 Lacem“
2454 1039 2463 1050 ’

225 1151 390 1212 XII:
456 1152 568 1210 35.
621 1151 734 1210 36.
820 1149 1007 1225 Apud
1051 1149 1323 1208 Marcum
1377 1148 1833 1229 „Intmoyant
1883 1149 2233 1212 Pharisaei
2282 1158 2341 1212 et

227 1246 496 1312 Smbae
512 1294 530 1325 ‚
591 1265 786 1329 qum-e
830 1245 1177 1328 Discipuli
1223 1267 1348 1310 non
1382 1245 1711 1310 ambulant
1746 1249 2090 1312 secundum
2124 1252 2339 1314 trade·-

229 1351 470 1412 tionem
517 1349 883 1410 aeniornm“
943 1348 1094 1408 VII:
1158 1351 1213 1409 5.
1314 1343 1493 1426 Apud
1538 1349 1755 1412 Mosen
1819 1349 1945 1424 „Si
1992 1349 2341 1416 ambulatio

233 1451 488 1511 Mecum
539 1449 612 1510 in
656 1448 998 1512 advenum
1012 1494 1029 1524 ,
1089 1467 1199 1509 nec
1241 1448 1643 1510 obedivevitie
1694 1450 1833 1511 voci
1865 1469 2060 1526 meae,
2116 1453 2337 1514 ambu-

245 1549 390 1612 labo
415 1551 604 1610 etiam
636 1548 789 1630 Eyo
815 1549 1136 1611 vobiscum
1167 1548 1238 1612 in
1271 1547 1660 1610 adveraum“
1697 1549 1901 1614 Levit:
1938 1551 2181 1612 XXVI:
2226 1555 2335 1612 21.

249 1653 363 1711 23.
408 1654 518 1710 24.
565 1655 678 1710 27.
772 1650 956 1727 Apud
998 1651 1243 1728 EsaJam
1293 1647 1637 1730 „Populus
1682 1649 1786 1712 hic
1828 1648 2225 1714 ambulantes
2266 1651 2341 1714 in

233 1751 532 1826 tenebris,
603 1749 899 1812 viderunt
963 1748 1162 1812 lucem
1220 1768 1525 1830 maynam
1538 1793 1555 1823 ,
1625 1749 1983 1812 habitantes
2043 1752 2117 1814 in
2166 1757 2341 1815 ima

229 1852 525 1924 umbrae,
593 1847 712 1912 lua:
766 1848 1007 1930 effulsit
1058 1869 1252 1930 super
1299 1852 1451 1910 eoe“
1522 1849 1646 1910 IX:
1702 1855 1758 1910 1.
1848 1852 2031 1929 Apud
2076 1853 2339 1914 Micham

235 1998 273 2029 „
287 1951 519 2014 Omnes
542 1950 777 2031 populi
807 1948 1138 2012 ambulant
1173 1948 1244 2010 in
1276 1949 1553 2010 Nomine
1584 1949 1727 2010 Dei
1759 1951 1870 2013 eui
1878 1998 1895 2027 ,
1950 1957 2010 2013 et
2042 1973 2161 2016 noe
2194 1973 2338 2016 am-

229 2050 596 2114 halabimus
627 2051 706 2112 in
737 2050 1014 2113 Nomine
1048 2049 1323 2110 Jehovae
1368 2049 1509 2110 Dei
1540 2051 1797 2114 nostr-W
1843 2051 1965 2112 IV:
2014 2055 2073 2114 5.
2156 2054 2339 2130 Apud

231 2155 477 2230 Esajam
544 2197 580 2228 „
597 2150 733 2227 Qui
768 2152 936 2213 inter
979 2169 1092 2212 voe
1135 2150 1368 2212 time-m
1413 2148 1722 2225 Jehovae,
1774 2152 1887 2232 qai
1934 2151 2221 2214 ambulat
2266 2153 2338 2214 in

229 2253 536 2327 tenebris,
591 2271 716 2312 non
749 2249 1050 2331 splendor
1091 2249 1246 2313 illi“
1304 2251 1386 2310 L:
1453 2255 1573 2313 10:
1625 2259 1873 2329 praeter
1912 2253 2054 2312 alibi
2088 2253 2337 2330 pluriea,

235 2361 302 2413 ut
364 2354 608 2413 Jerem:
657 2353 902 2414 XXVI:
957 2356 1022 2412 4.
1104 2353 1335 2414 Ezeeh:
1379 2352 1466 2412 V:
1518 2356 1577 2412 6.
1648 2353 1807 2429 Cap:
1862 2353 2017 2412 XXz
2072 2356 2182 2413 13.
2228 2355 2337 2412 16.

237 2453 438 2512 Mich:
487 2452 612 2512 IV:
672 2455 730 2512 5.
795 2451 1050 2514 Sachar:
1095 2453 1187 2512 X:
1243 2454 1355 2511 12.
1431 2453 1589 2512 Luc:
1637 2452 1697 2512 1:
1758 2456 1817 2512 6.
1906 2454 1997 2512 Ex
2046 2453 2139 2512 his
2190 2469 2337 2512 eon·-

243 2561 412 2611 stare
447 2557 679 2628 potest,
733 2554 892 2629 quud
923 2571 1036 2630 per
1069 2553 1381 2613 ambulare
1430 2554 1492 2610 in
1526 2552 1825 2630 spirituali
1869 2569 2057 2612 sensu
2102 2538 2341 2628 signifi-

243 2657 419 2712 cetur
467 2654 700 2727 vivere3
755 2660 814 2713 et
859 2657 1002 2731 quia
1045 2653 1342 2730 significat
1387 2653 1625 2724 vivere,
1678 2652 1843 2726 ideo,
1898 2655 2033 2711 eu‘m
2078 2651 2155 2710 de
2208 2650 2343 2709 Do·-

239 2755 402 2812 mino
422 2796 441 2823 ,
493 2758 562 2810 ut
602 2751 729 2828 hic,
783 2754 1152 2831 significatur
1176 2757 1314 2832 ipsa
1354 2754 1477 2811 vita
1488 2773 1503 2829 3
1556 2760 1650 2812 est
1686 2753 1842 2812 enim
1880 2752 2174 2812 Dominus
2208 2753 2345 2827 ipsa

238 2855 400 2925 vita,
451 2859 514 2912 et
549 2852 765 2930 reliqui
798 2857 1160 2932 recipientes
1187 2856 1350 2913 vitae
1388 2853 1463 2912 ab
1498 2853 1673 2930 Ipso,
1724 2853 2003 2914 videatur
2037 2869 2223 2928 supra
2270 2869 2338 2910 n:
2436 2870 2445 2876 ·

243 2955 354 3012 82.
404 2955 515 3014 84.

400 3056 509 3114 98.
563 3053 720 3115 Novi
769 3071 957 3131 opera
1003 3061 1139 3127 tua,
1195 3061 1256 3115 et
1290 3054 1559 3114 laborem
1609 3062 1808 3124 tuum,
1862 3062 1924 3116 et
1966 3056 2345 3116 tolerantiam

243 3157 440 3228 tuam,
473 3155 636 3231 quod
669 3153 968 3232 significet
1003 3158 1202 3215 omnia
1237 3171 1393 3232 quae
1420 3156 1661 3230 volunt,
1702 3158 1968 3232 cog-itant
2003 3164 2064 3216 et
2096 3156 2339 3230 faciunt,

241 3253 333 3312 ita
367 3256 558 3313 omnia
594 3258 816 3316 amoris
869 3261 930 3314 et
961 3253 1102 3314 fidei
1135 3258 1198 3314 in
1235 3255 1532 3331 spirituali
1568 3262 1631 3314 et
1666 3257 1729 3314 in
1772 3257 2037 3316 naturali
2082 3256 2340 3329 homine,

241 3360 484 3413 constat
517 3372 594 3415 ex
647 3354 1080 3432 significatione
1129 3372 1409 3432 operum,
1464 3355 1629 3432 quod
1670 3358 1790 3414 sint
1827 3375 1982 3433 quae
2018 3356 2343 3416 voluntatis

236 3459 302 3514 et
345 3457 594 3530 amoris,
649 3455 724 3515 de
772 3471 892 3530 qua
924 3457 1226 3532 sequitur3
1285 3472 1359 3515 ex
1399 3455 1831 3532 significatione
1871 3456 2093 3515 laboris
2108 3497 2125 3528 ,
2182 3450 2341 3528 quod
2380 3460 2503 3525 [33]

229 3557 358 3614 sint
401 3571 558 3630 quae
593 3556 970 3632 cogitationis
1007 3561 1068 3615 et
1101 3555 1267 3631 fidei,
1319 3553 1395 3616 de
1433 3573 1553 3632 qua
1588 3558 1769 3616 etiam
1806 3556 2107 3635 sequitur3
2162 3557 2223 3610 et
2266 3565 2342 3608 ex

231 3653 674 3731 significatione
710 3654 1096 3730 tolerantiae,
1137 3656 1298 3732 quod
1325 3660 1447 3714 sint
1482 3671 1639 3732 quae
1676 3652 1817 3713 iude
1852 3653 2003 3712 fiunt
2036 3666 2149 3710 seu
2186 3663 2341 3724 quae

227 3755 490 3814 faciunt:
545 3755 656 3814 sed
705 3755 867 3831 quod
910 3754 1064 3815 haee
1109 3757 1521 3832 significentur
1564 3773 1676 3831 per
1723 3753 1829 3813 illa
1873 3750 2094 3824 verba,
2160 3763 2342 3824 aegre

229 3860 442 3930 potest
487 3854 916 3932 comprehendi
923 3899 942 3932 ,
1005 3856 1121 3916 nisi
1169 3859 1398 3915 sciatur
1437 3854 1596 3932 quod
1635 3856 1835 3916 omnia
1883 3867 2040 3930 quae
2082 3847 2233 3910 fiunt
2266 3845 2343 3906 ab

227 3953 507 4029 homine,
545 3955 734 4014 fluant
759 3972 836 4016 ex
871 3955 1253 4016 interioribus
1287 3974 1443 4033 quae
1471 3959 1687 4014 mentis
1716 3956 1851 4033 ejus
1888 3958 2058 4028 sunt,
2099 3956 2160 4012 et
2184 3945 2345 4027 quod

232 4070 408 4114 mens
443 4057 522 4114 sit
555 4071 730 4116 omne
770 4056 835 4114 in
883 4056 1154 4116 omnibus
1196 4074 1350 4133 quae
1398 4055 1575 4115 homo
1604 4055 1737 4130 agit
1756 4097 1773 4126 ,
1830 4060 1891 4114 et
1924 4052 2087 4130 quod
2122 4064 2343 4127 corpus

233 4157 312 4214 sit
375 4155 550 4213 modo
597 4155 974 4230 obedientia,
1029 4173 1142 4232 per
1177 4156 1338 4234 quod
1384 4156 1615 4214 sistitur
1659 4155 1721 4212 in
1772 4155 1967 4215 forma
2010 4151 2345 4228 apparente

235 4269 438 4312 coram
473 4254 664 4314 oculis
700 4255 763 4316 id
813 4255 975 4333 quod
1009 4273 1178 4316 mens
1215 4256 1345 4314 vult
1398 4263 1459 4316 et
1508 4237 1764 4329 eogitat5
1816 4253 1954 4311 inde
2006 4256 2128 4323 est,
2184 4245 2347 4322 quod

1822 4354 1859 4410 8
1889 4346 1925 4385 *
