2700 4792
453 361 564 414 320
853 349 1340 404 APOCALYPSIS
1396 346 1828 407 ExPucATA.
1908 348 1960 416 ς.
2006 355 2141 410 208.

453 509 700 570 coelum
741 517 800 568 et
835 510 912 568 ad
949 510 1310 580 Ecclesiam,
1362 511 1425 568 in
1478 524 1760 586 supremo
1814 522 2003 566 sensu
2058 509 2401 588 intelligitur
2429 513 2548 572 Do-

453 613 647 671 minue
657 630 674 686 3
725 609 864 670 inde
904 616 1106 687 patet,
1157 609 1301 688 quid
1339 607 1637 685 significat
1680 607 1843 685 quod
1878 606 2185 670 Dominus
2230 611 2369 670 dicit
2411 613 2558 690 apud

451 710 794 771 ,Iohannem
833 753 872 785 ,‚
897 709 1094 771 Jeme
1133 709 1340 784 dixit,
1384 727 1567 769 amen
1610 707 1753 768 dico
1790 707 1999 779 vohis,
2054 711 2171 788 qui
2210 729 2333 772 mm
2362 713 2557 793 ingre-

453 804 783 889 ditur‘per
803 810 1084 894 januam
1117 811 1190 870 in
1231 807 1487 872 caulam
1522 809 1736 870 ovium
1752 852 1768 883 ,
1817 808 1930 868 sed
1970 811 2269 873 amendia
2306 809 2560 882 aliunde,

453 911 517 972 ie
551 915 646 970 eet
669 910 795 990 fur
831 916 892 970 et
927 907 1094 972 latro
1108 931 1138 983 ;
1175 910 1286 989 qui
1325 928 1467 970 vero
1504 907 1870 988 ingreditur
1904 929 2023 987 per
2039 909 2329 993 januam
2344 959 2361 987 ,
2400 912 2455 972 ia
2480 918 2560 972 eet

443 1015 677 1092 paetor
729 1010 972 1082 ovium,
1041 1010 1192 1072 huic
1243 1009 1561 1072 ostiarius
1614 1009 1840 1088 aperit.
1934 1009 2093 1091 Eyo
2154 1031 2301 1074 eum
2352 1011 2559 1072 ostium

455 1111 697 1186 ovium,
752 1129 874 1191 per
917 1109 1026 1171 Me
1080 1110 1144 1171 ei
1197 1111 1344 1190 quis
1382 1109 1773 1179 introiverit,
1826 1106 2221 1183 ealvahitur,
2260 1119 2325 1172 et
2370 1112 2557 1191 inqre-

455 1211 670 1273 dietur
695 1217 755 1272 et
777 1209 1152 1292 eyredietur,
1193 1215 1254 1270 et
1268 1229 1590 1290 paeonum
1614 1208 1859 1270 invenie
1894 1213 1933 1244 ‘⁴‘
1988 1212 2077 1272 X:
2121 1218 2179 1272 1.
2222 1217 2285 1272 2.
2322 1215 2381 1272 3.
2416 1218 2466 1270 7.
2498 1212 2528 1269 9
2542 1231 2556 1286 ;

459 1313 618 1392 quod
661 1312 888 1390 ingredi
923 1329 1034 1390 per
1078 1313 1295 1372 ostium
1335 1312 1432 1372 hic
1476 1313 1553 1370 sit
1590 1310 1821 1389 ingredi
1844 1329 1958 1388 per
1991 1312 2357 1387 Dominum,
2396 1317 2555 1388 patet,

456 1431 592 1472 nam
633 1413 874 1485 dicitur,
915 1414 1042 1490 Ego
1083 1428 1215 1472 sum
1253 1414 1470 1471 ostium
1508 1413 1741 1487 ovium3
1795 1412 2032 1488 ingredi
2083 1431 2201 1491 per
2246 1413 2555 1485 Dominum,

459 1521 556 1574 cst
612 1514 818 1592 Ipsum
869 1513 1067 1583 adire,
1125 1512 1333 1590 Ipsum
1376 1529 1733 1590 agnoscere,
1802 1513 1865 1570 in
1914 1512 2133 1589 Ipsum
2188 1514 2455 1582 credere,
2506 1516 2557 1568 et

457 1615 668 1690 Ipsum
709 1631 911 1674 amare
931 1659 946 1688 ‚
1005 1616 1162 1672 sicut
1197 1612 1342 1689 Ipse
1380 1612 1657 1690 pluribus
1704 1615 1764 1671 in
1818 1612 1967 1671 locis
2006 1613 2223 1690 docet,
2284 1610 2553 1673 sichomo

456 1716 868 1774 intromittitur
903 1717 965 1773 in
1004 1697 1281 1787 Cffelum,
1337 1718 1399 1774 et
1442 1730 1559 1772 non
1598 1712 1800 1787 aliter,
1864 1729 2061 1790 quare
2104 1715 2281 1789 dicit,
2331 1729 2436 1790 per
2470 1709 2549 1767 Mc

459 1816 512 1873 si
553 1817 686 1890 quis
721 1816 1086 1888 introiverit,
1137 1812 1499 1888 salvabitur,
1548 1820 1612 1872 et
1650 1815 1751 1890 qui
1782 1814 2060 1873 ascendit
2100 1813 2374 1884 aliunde,
2407 1813 2452 1868 is
2478 1814 2552 1868 est

455 1914 555 1973 fur
593 1923 652 1974 et
689 1914 862 1974 latro.
936 1908 1053 1990 Qui
1089 1915 1294 1990 itaque
1330 1914 1654 1973 Dominum
1702 1913 1859 1983 adit,
1913 1914 2133 1991 Ipsum
2176 1913 2457 1991 agnoscit,
2502 1913 2550 1965 et

455 2017 518 2072 in
557 2014 761 2092 Ipsum
809 2013 1024 2088 credit,
1070 2015 1122 2073 is
1162 2013 1375 2074 dicitur
1410 2016 1645 2090 aperire
1690 2015 1905 2072 ostium
1939 2014 2235 2088 Domino,
2276 2020 2343 2072 ut
2374 2014 2546 2086 ingre-

457 2104 695 2186 diatur,‘
713 2116 774 2172 in
801 2106 1170 2191 Apocalypsi
1222 2113 1437 2188 „Ecce
1462 2119 1561 2174 eto
1588 2113 1678 2174 ad
1714 2114 1953 2175 ostium
1984 2119 2049 2174 et
2074 2111 2303 2195 pulso,
2336 2111 2396 2171 εἰ
2428 2105 2547 2187 φάε

457 2213 782 2276 audiverit
819 2233 1026 2274 vocem
1061 2231 1297 2289 meam,
1347 2220 1409 2273 et
1445 2214 1762 2294 aperuerit
1800 2215 2070 2292 ostium,
2119 2209 2443 2294 inqredioer
2474 2202 2547 2265 ad

457 2313 678 2386 illum,
725 2315 986 2376 coenabo
1015 2333 1158 2374 cum
1197 2311 1343 2386 illo,
1386 2319 1447 2374 et
1480 2311 1593 2375 ille
1614 2313 1913 2375 Mecum“
1948 2313 2082 2376 111:
2120 2318 2246 2390 203
2285 2305 2544 2390 quomodo

455 2418 607 2476 haec
663 2434 732 2476 se
769 2416 1024 2485 habent,
1077 2415 1311 2474 dicetur
1354 2417 1415 2473 in
1466 2415 1894 2493 sequentibuS,
1946 2416 2048 2474 ubi
2088 2417 2168 2476 de
2210 2415 2325 2474 illis
2362 2415 2419 2470 in
2450 2408 2540 2464 hoc

457 2519 654 2594 capite
695 2519 918 2595 agitur3
970 2517 1064 2576 hic
1123 2515 1296 2574 modo
1343 2516 1571 2592 aliquid
1622 2515 1853 2575 dicetur
1892 2515 1967 2574 dc
2012 2519 2191 2578 ostiis
2236 2531 2347 2575 seu
2381 2507 2539 2587 portis

455 2619 536 2678 ad
560 2619 889 2689 hominem,
933 2619 1076 2694 quia
1101 2615 1315 2675 dicitur
1349 2623 1445 2676 sto
1474 2617 1553 2676 ad
1588 2619 1801 2676 ostium
1832 2623 1893 2675 et
1916 2618 2097 2692 pulso
2112 2639 2129 2695 3
2178 2615 2258 2674 ad
2288 2604 2539 2671 rationale

453 2720 708 2779 hominis
752 2719 929 2778 binae
974 2718 1110 2776 viae
1153 2715 1403 2790 ducunt,
1460 2735 1583 2775 una
1620 2734 1655 2775 e
1700 2715 1885 2777 Coelo
1930 2721 1990 2776 et
2024 2717 2223 2777 altera
2262 2733 2295 2774 e
2336 2706 2537 2776 mundo,

464 2837 577 2896 per
626 2821 785 2878 viam
826 2836 860 2878 e
901 2816 1085 2878 Coelo
1135 2816 1532 2898 introducitur
1588 2816 1839 2892 bonum,
1894 2834 2007 2893 per
2048 2821 2216 2878 viam
2268 2833 2301 2874 e
2348 2803 2531 2868 mundo

457 2917 850 2976 introducitur
904 2934 1144 2990 verum,
1217 2924 1503 2994 quantum
1553 2919 1653 2976 via
1706 2935 1741 2976 e
1798 2917 1965 2976 coelo
2013 2925 2230 2994 aperta
2270 2917 2360 2976 est
2404 2901 2537 2983 apud
2626 2933 2628 2994 ζ

455 3017 785 3092 hominem,
839 3023 1076 3076 tantum
1113 3017 1289 3076 hom-o
1349 3017 1603 3076 afficitur
1642 3035 1787 3077 vero
1838 3023 1901 3076 et
1946 3017 2013 3077 fit
2064 3015 2393 3085 rationalis,
2441 3005 2531 3062 ¹1⁰⁰

461 3122 582 3190 est,
641 3124 867 3176 tantum
908 3116 1074 3176 videt
1113 3134 1323 3176 verum
1368 3135 1407 3175 a
1442 3115 1579 3178 luce
1618 3120 1782 3188 veri,-
1834 3118 1891 3178 si
1928 3124 2131 3178 autem
2170 3120 2271 3176 via
2308 3131 2338 3173 e
2380 3103 2530 3168 Coelo
2626 3107 2628 3160 1

459 3217 668 3276 clausa
709 3223 836 3286 cst,
884 3215 1060 3276 homo
1097 3235 1214 3278 non
1249 3217 1557 3276 rationalis
1594 3217 1689 3293 fit,
1747 3235 1884 3278 nam
1924 3235 2039 3277 non
2080 3205 2249 3294 videt
2272 3223 2460 3276 verum
2482 3205 2527 3260 θῑ
2626 3165 2628 3263 t

457 3325 658 3377 tamen
695 3335 906 3377 verum
945 3335 1022 3377 ex
1057 3316 1192 3377 luce
1236 3320 1365 3376 veri
1406 3317 1553 3378 facit
1588 3319 1880 3379 rationale
1896 3339 1913 3395 3
1964 3317 2303 3377 ratiocinari
2328 3304 2525 3386 quidem

456 3424 658 3496 potest
697 3418 772 3479 de
799 3435 972 3490 vero,
1015 3424 1077 3478 et
1110 3435 1186 3477 ex
1221 3419 1673 3479 ratiocinatione
1716 3425 1825 3477 aut
1864 3437 1939 3479 ex
1968 3421 2253 3480 memoria
2284 3408 2432 3486 loqui
2460 3401 2516 3459 ‘1⁰

455 3519 594 3592 illo,
631 3518 742 3580 sed
769 3519 974 3578 videre
1014 3536 1154 3577 num
1182 3535 1392 3578 verum
1436 3521 1533 3590 sit,
1577 3536 1697 3578 non
1720 3525 1958 3595 potest:
2010 3521 2271 3596 cogitare
2306 3512 2441 3572 bone
2461 3498 2521 3558 (¹0

454 3619 744 3696 Domino,
811 3626 874 3678 et
917 3618 992 3678 de
1031 3621 1332 3694 proximo,
1394 3621 1589 3696 aperit
1624 3621 1783 3680 viam
1839 3636 1872 3679 e
1912 3617 2127 3693 Coelo,
2184 3624 2245 3677 at
2298 3608 2515 3684 cogitffl

455 3737 574 3780 non
609 3721 763 3780 bene
805 3719 878 3780 dc
920 3718 1176 3779 Domino
1213 3735 1284 3778 ac
1323 3718 1481 3778 male
1522 3715 1597 3778 de
1623 3721 1895 3795 proximo
1922 3719 2149 3778 claudit
2168 3716 2356 3778 inam:
2406 3700 2517 3780 ‘1⁰³⁸

454 3820 630 3882 binae
676 3823 814 3882 viae
871 3820 934 3878 in
996 3819 1294 3878 hominem
1367 3818 1621 3896 ducunt,
1698 3821 1878 3878 etiarn
1945 3819 2123 3878 binae
2164 3819 2373 3896 januae
2426 3811 2512 3860 ⁸0¹¹

456 3929 667 3997 portae
711 3926 853 3981 sunt
890 3937 1002 3998 per
1041 3935 1196 3997 quas
1231 3917 1300 3977 fit
1341 3921 1720 3995 intromissio,
1764 3936 1877 3996 per
1911 3926 2151 3996 portam
2178 3935 2283 3978 seu
2309 3911 2511 3988 januam

257 4019 417 4083 [214]
459 4037 614 4095 quae
649 4027 818 4095 patet
855 4037 890 4080 e
927 4018 1140 4095 Coelo,
1193 4022 1379 4078 intrat
1412 4019 1650 4080 affectio
1690 4022 1820 4079 veri
1858 4019 2187 4096 spiritualis
2224 4035 2259 4075 a
2280 4003 2502 4073 Domino,

463 4119 605 4189 quia
639 4133 748 4189 per
785 4117 946 4177 illam
985 4122 1164 4178 intrat
1207 4119 1457 4192 bonum,
1516 4128 1582 4178 ut
1619 4135 1805 4197 supra
1840 4118 2063 4178 dictum
2104 4128 2226 4190 est,
2264 4118 2319 4174 ct
2352 4097 2501 4165 ⁰11¹¹¹³⁵

464 4209 698 4268 affectio
749 4217 878 4270 veri
921 4217 1244 4289 spiritualis
1297 4225 1391 4276 est
1432 4237 1469 4276 a
1506 4220 1661 4278 bono
1672 4239 1688 4294 3
1752 4237 1891 4296 per-
1914 4224 2147 4296 portam
2197 4205 2371 4277 autem
2418 4207 2501 4254 ⁵2¹¹
