2700 4792
33 494 97 650 &r

333 361 568 418 CAPUT
607 358 943 418 TERTIUM,
1664 363 1845 418 VERS
1863 383 1877 417 ε
1922 373 2013 426 12.
2170 375 2279 430 34⁵

195 525 260 583 sit
283 523 598 596 Dominus,
629 519 990 580 videaturn:
1023 521 1238 580 4286.
1271 521 1487 581 4570.
1526 523 1734 580 6424.
1761 520 1943 598 Apud
1960 521 2288 582 Jeremiam

195 621 384 701 „Spes
407 617 691 684 Israelis
715 617 1018 695 Jehovah,
1047 637 1258 680 omnes
1281 617 1699 700 relinquentes
1724 619 1836 682 Me
1851 619 2192 702 pudefient,
2230 628 2291 682 et

157 721 522 784 molentes
549 739 592 781 a
617 718 780 780 Me
749 739 822 780 m
847 725 1020 781 terra
1045 719 1409 796 scribentur,
1446 720 1599 800 quia
1624 719 2030 784 deseruerunt
2040 724 2293 803 fontem

189 841 492 902 aquarum
521 820 818 882 vivarum
850 818 1200 892 Jelwvam;
1265 839 1431 882 sana
1482 839 1581 880 me
1616 819 1898 882 Jehovah
1934 827 2009 883 ut
2050 825 2282 884 saner“

189 923 388 983 XVII:
438 924 553 981 13.
593 925 714 997 143
750 923 813 978 in
847 927 1010 981 terra
1035 921 1216 980 scribi
1252 927 1346 982 est
1373 921 1755 981 condemnari
1779 928 2031 998 propter
2064 929 2286 982 statum

187 1027 366 1097 vitae,
425 1024 708 1100 quoniam
756 1039 868 1098 per
913 1027 1136 1081 terram
1181 1021 1551 1098 significatur
1586 1022 1957 1096 damnatum,
2014 1022 2289 1080 videatur

189 1143 248 1182 n:
289 1125 512 1184 2327:
569 1125 778 1182 7418.
833 1123 1044 1188 8306.
1127 1121 1274 1181 Inde
1307 1128 1507 1199 patet,
1558 1121 1702 1198 quid
1756 1121 2125 1198 significatur
2175 1139 2288 1199 per
2380 1189 2384 1194 ,

191 1224 338 1300 quod
369 1223 670 1288 Dominus
699 1221 882 1299 digito
917 1223 1228 1299 scripserit
1261 1224 1322 1280 in
1345 1229 1511 1282 terra
1536 1222 1696 1298 apud
1723 1222 1764 1282 J
1768 1221 2058 1294 ohannem
2091 1221 2283 1296 „Ad-

191 1323 486 1385 ducebant
522 1321 778 1384 Soribae
801 1327 861 1382 et
887 1319 1240 1382 Pharisaei
1271 1321 1364 1382 ad
1387 1320 1613 1384 Jesum
1646 1322 1715 1382 in
1764 1319 2023 1400 Templo
2058 1319 2287 1383 mulie-

187 1443 310 1484 rem
369 1424 444 1484 in
501 1420 819 1484 adulterio
883 1421 1359 1502 deprehensam,
1438 1421 1771 1497 dixerunt,
1854 1421 2003 1482 haec
2056 1420 2288 1484 mulier

187 1522 562 1604 deprehensa
603 1527 698 1582 eat
732 1524 802 1584 in
842 1523 984 1602 ipso
1005 1521 1194 1611 facto
1204 1567 1220 1597 ,
1275 1523 1716 1602 quaesiverunt
1750 1541 1905 1584 num
1942 1520 2287 1584 secundum

183 1621 374 1704 leym
405 1621 620 1684 Mosis
647 1619 1087 1705 lapidaretwr;
1139 1621 1336 1683 Jesus
1368 1622 1711 1684 incwrvans
1736 1643 1805 1684 ae
1842 1621 2137 1684 deorsum
2174 1621 2282 1684 cli-

184 1724 316 1804 92·ίο
375 1723 684 1784 scribebat
741 1725 815 1786 in
875 1729 1072 1798 tem-a,
1144 1729 1204 1784 et
1264 1741 1533 1802 sumens
1586 1722 1763 1784 dixit
1777 1770 1794 1797 ,
1854 1724 1967 1802 qui
2008 1728 2288 1784 vestrum

184 1823 487 1886 immunis
525 1829 619 1882 est
655 1843 698 1884 a
726 1828 982 1905 peccato
1011 1824 1300 1902 primum
1347 1824 1418 1884 in
1452 1843 1591 1884 eam
1611 1824 1825 1907 jaciat
1863 1823 2171 1904 lapidem,
2226 1829 2286 1882 et

183 1944 412 1987 rursus
460 1924 802 1986 incurvans
850 1944 917 1984 se
957 1923 1262 1985 scribebat
1317 1923 1389 1984 in
1424 1930 1631 1986 tem-a.-
1678 1923 1785 1988 his
1828 1923 2080 1987 auditis
2099 1910 2287 1986 'unua

172 2031 318 2104 post
352 2023 564 2086 alium
610 2025 812 2086 exivit
825 2071 840 2101 ‚
898 2031 958 2086 et
995 2022 1332 2085 derelictus
1366 2031 1461 2084 est
1499 2023 1675 2086 solua
1716 2025 1913 2088 Jesus
1936 2031 1998 2086 et
2036 2021 2287 2096 mulier,

182 2127 282 2188 cui
315 2125 498 2188 dimit
511 2169 529 2200 ,
587 2125 698 2186 ubi
730 2131 882 2186 sunt
915 2125 1016 2187 tui
1049 2130 1475 2196 accusatores,
1509 2141 1685 2186 nemo
1721 2131 1779 2185 te
1814 2124 2248 2186 condemnavit
2256 2145 2285 2196 ,-

183 2233 240 2288 et
272 2226 478 2302 dimit,
533 2225 695 2286 vade
735 2230 796 2286 et
840 2245 918 2286 ne
953 2225 1242 2306 deinceps
1268 2244 1462 2306 pecca
1484 2226 1519 2256 “
1590 2225 1767 2284 VIII:
1812 2231 1846 2284 2
1890 2227 1968 2285 ad
2010 2229 2038 2284 1
2062 2230 2128 2301 13
2162 2241 2288 2302 ⁴per

185 2327 340 2404 quod
383 2328 678 2386 Dominus
723 2329 1036 2404 scripserit
1083 2329 1146 2386 in
1197 2333 1387 2400 terra,
1455 2325 1649 2384 simile
1714 2326 2081 2402 significat-ur
2126 2325 2289 2402 quod

185 2444 372 2504 supra
405 2427 566 2516 apud
601 2423 1361 2500 ‚Jerem1amffe0edentes
1386 2445 1431 2488 a
1456 2423 1565 2485 Me
1602 2423 1670 2484 in
1698 2429 1869 2486 terra
1897 2427 2290 2486 scribentur“

185 2545 407 2602 nempe
454 2511 607 2603 qnod
641 2545 836 2604 aeque
885 2513 1148 2587 damnati
1195 2533 1402 2586 essent
1446 2531 1695 2602 propter
1730 2525 2051 2595 adulteria,
2106 2541 2292 2601 quare

189 2627 340 2686 dixit
375 2629 474 2702 qui
505 2633 770 2686 vestrum
803 2630 1080 2687 immunis
1119 2634 1212 2688 est
1257 2646 1296 2686 a
1329 2631 1583 2704 peccato
1621 2627 1878 2702 primum
1932 2627 1993 2683 in
2030 2641 2161 2684 eam
2188 2624 2295 2698 ja-

181 2729 300 2786 ciat
331 2727 624 2804 lapidem3
663 2727 822 2805 quod
847 2727 1144 2788 Dominus
1180 2728 1272 2787 bis
1301 2728 1611 2805 scripserit
1636 2729 1696 2786 in
1728 2732 1889 2786 terra
1920 2726 1983 2784 in
2012 2722 2287 2800 Templo,

181 2827 558 2905 significabat
599 2829 1038 2888 damnationem
1099 2845 1332 2904 eorum,
1404 2827 1479 2887 ob
1532 2828 1829 2886 adulteria
1885 2828 1949 2885 in
1992 2823 2293 2902 spirituali

181 2946 364 2990 sensu
374 2974 392 3004 ,
432 2947 585 2987 nam·
611 2927 858 2990 Scribas
896 2935 956 2988 et
989 2928 1306 2988 Pharisaei
1339 2935 1511 2988 erant
1548 2931 1651 3005 qui
1684 2927 2097 2988 adulterarunt
2129 2925 2293 2984 bona

179 3037 236 3088 et
267 3029 744 3089 falsificaverunt
796 3047 942 3088 vera
993 3029 1212 3103 Verbi,
1259 3031 1346 3087 ita
1380 3029 1691 3088 Ecclesiae
1708 3073 1723 3103 ,
1778 3035 1839 3088 et
1884 3028 2181 3088 adulteria
2229 3027 2292 3084 in

177 3130 476 3206 spirituali
500 3145 686 3188 sensu
719 3136 860 3188 sunt
896 3130 1367 3188 adulterationes
1394 3128 1535 3187 boni
1570 3135 1631 3188 et
1669 3128 2113 3189 falsificationes
2140 3129 2292 3196 veri,

176 3231 454 3290 videatur
500 3245 686 3306 supra
731 3249 801 3289 n:
847 3233 1008 3290 141.
1055 3233 1085 3288 1
1106 3231 1228 3304 61;
1285 3245 1472 3305 quare
1522 3232 1701 3290 etiam
1736 3246 1883 3306 gens
1933 3229 2039 3290 illa
2090 3247 2127 3286 a
2160 3228 2293 3288 Do·-

177 3332 332 3390 mino
367 3337 624 3390 vocatur
657 3347 804 3406 gens
841 3329 1116 3390 adultera
1158 3337 1218 3389 et
1251 3331 1589 3408 peccatrix,
1626 3330 1821 3390 Marc:
1860 3329 2041 3390 VIII:
2087 3331 2197 3388 38.

333 3432 497 3489 223.
558 3430 638 3488 Et
669 3447 885 3490 nomen
919 3431 1182 3490 civitatis
1227 3431 1346 3490 Dei
1393 3431 1539 3506 mei,
1594 3448 1787 3490 novae
1822 3428 2289 3504 Hierosolymae

177 3548 332 3606 quae
369 3530 686 3590 descendit
719 3549 752 3590 e
791 3531 976 3591 Coelo
1013 3547 1050 3588 a
1073 3531 1210 3590 Deo
1244 3547 1400 3600 meo,
1436 3531 1596 3607 quod
1631 3529 1924 3606 significet
1960 3527 2289 3586 doctrinam

175 3647 369 3693 novae
405 3629 750 3702 Ecclesiae,
793 3649 948 3708 quae
987 3636 1081 3690 est
1113 3632 1176 3690 in
1209 3632 1425 3705 coeliS,
1478 3635 1711 3690 constat
1746 3643 1818 3686 ex
1852 3625 2287 3703 significatione

173 3733 436 3790 civitatis
469 3731 592 3790 Dei
625 3733 772 3805 mei,
813 3731 974 3814 quod
1007 3733 1086 3789 sit
1117 3730 1409 3790 Doctrina
1441 3718 1644 3788 Divini
1679 3727 1863 3801 Veri,
1913 3725 1987 3786 de
2024 3741 2143 3800 qua
2180 3744 2285 3786 se·
2312 3771 2317 3777 .

178 3833 410 3906 quitur3
465 3849 541 3890 ex
576 3831 1008 3908 significatione
1055 3848 1248 3894 novae
1299 3827 1785 3904 Hierosolymae,
1844 3825 2002 3900 quod
2054 3829 2132 3884 sit
2164 3826 2285 3884 Ec-

177 3930 362 3991 clesia
399 3931 599 4008 quoad
635 3932 994 4006 doctrinam,
1041 3931 1115 3990 de
1153 3946 1272 4015 qua
1302 3931 1365 3989 in
1401 3926 1707 4004 Opusculo
1745 3925 1817 3984 de
1852 3925 2029 3986 Nou
2054 3926 2289 3986 Hmno-

181 4049 427 4091 soum
462 4050 533 4091 n:
579 4035 658 4108 63
711 4038 772 4093 et
827 4031 1371 4108 exsignificatione
1407 4045 1561 4106 quae
1600 4025 1911 4086 descendit
1956 4045 1991 4086 e
2030 4027 2215 4088 Coelo
2252 4029 2290 4085 a

176 4129 306 4191 Deo
341 4149 502 4204 meo,
539 4133 700 4208 quod
731 4136 810 4192 sit
839 4152 992 4212 quae
1021 4151 1100 4192 ex
1129 4130 1310 4192 Coelo
1347 4149 1383 4188 a
1408 4129 1627 4189 Divino
1654 4127 1816 4187 Vero
1843 4127 1956 4206 ibi3
1994 4129 2155 4207 quod
2179 4145 2289 4206 per

174 4227 372 4292 Deum
408 4235 470 4293 in
506 4233 712 4294 Verbo
746 4231 1114 4312 intelligatur
1157 4232 1440 4290 Divinum
1476 4230 1734 4303 Verum,
1790 4228 2067 4312 videatur
2102 4247 2291 4307 supra

2183 4435 2301 4473 aaa,
