2700 4792
281 389 508 444 CAPUT
547 387 886 446 TERTIUM.
1690 389 1868 448 VERS
1886 412 1900 445 :
1944 402 1998 454 8.
2194 406 2302 458 323

207 549 452 610 nomina
515 549 758 628 scripta
812 567 972 627 quae
1031 553 1182 608 sunt
1233 547 1565 610 duodeci-m
1621 547 1933 612 Pribuum
1983 551 2259 614 Israelis
2274 575 2305 626 3

209 649 528 710 duodecim
554 648 799 708 Portae
829 647 1161 709 duodecim
1199 649 1597 728 maryavdtae
1607 670 1635 720 ,·
1689 649 1929 714 Portae
1964 671 2089 714 mm
2126 652 2307 716 clau-

207 747 471 810 dentur“
525 749 712 808 XXI:
771 753 852 808 12
897 749 976 807 ad
1015 753 1126 808 21.
1171 751 1292 824 253
1349 749 1510 826 quod
1555 757 1766 827 portae
1816 753 2151 828 significent
2186 754 2301 814 Di-

206 851 334 908 vina
370 849 534 908 Vera
566 852 1022 908 intromittentia
1057 853 1118 908 in
1153 867 1369 908 novam
1404 850 1765 924 Ecclesiam,
1818 855 1902 910 ita
1934 853 2071 912 illos
2109 857 2212 930 qui
2245 858 2307 913 in

205 952 351 1010 veris
391 967 427 1006 a
461 950 618 1008 bono
655 945 902 1008 sunt‘ex
931 949 1215 1023 Domino,
1255 957 1531 1008 constare
1559 959 1761 1027 potest
1796 951 1871 1010 ab
1910 953 2306 1028 explicatione

203 1050 406 1109 horum
455 1052 518 1106 in
555 1047 866 1124 Opusculo
917 1049 991 1108 de
1038 1049 1214 1108 Non
1249 1049 1696 1110 Hmnosounm
1742 1069 1808 1108 n:
1855 1055 1883 1109 l
1930 1067 2073 1128 seq:
2148 1053 2309 1129 quod

203 1152 374 1208 etiam
413 1155 582 1224 patet
617 1166 689 1206 ex
731 1165 820 1221 e0,
861 1149 1020 1225 quod
1055 1149 1288 1208 dicatur
1323 1150 1485 1226 quod
1519 1150 1831 1209 duodecim
1866 1157 2077 1226 portae
2116 1159 2305 1228 erant,

199 1249 352 1324 ‘quod
393 1249 707 1308 duodecim
742 1248 959 1324 Angeli
994 1265 1178 1324 super
1213 1251 1437 1324 portis,
1478 1257 1539 1309 et
1572 1253 1809 1308 nomina
1846 1251 2158 1312 duodecim
2194 1253 2304 1310 tri-

203 1349 384 1407 buum
416 1349 500 1407 ibi
534 1350 790 1424 scripta,
845 1355 904 1406 et
939 1349 1098 1425 quod
1147 1348 1459 1407 duodecim
1505 1356 1717 1426 portae
1756 1357 1957 1409 essent
1994 1351 2309 1412 duodecim

199 1451 589 1526 margaritae3
640 1465 752 1523 per
785 1448 1098 1507 duodecim
1135 1445 1288 1506 enim
1324 1449 1730 1525 significantur
1764 1452 1983 1525 omnia,
2034 1457 2095 1510 et
2125 1467 2311 1528 prae·-

197 1549 470 1608 dicantur
515 1549 590 1606 de
639 1551 800 1606 veris
853 1566 928 1607 ex
975 1547 1160 1621 bone,
1217 1567 1282 1606 n:
1331 1549 1490 1607 577.
1548 1550 1759 1608 2089.
1826 1553 2036 1608 2129.
2091 1552 2306 1610 2130.

205 1652 416 1708 3272.
465 1649 674 1708 3858.
721 1650 944 1708 3913:
1001 1648 1274 1706 similiter
1308 1663 1419 1723 per
1454 1647 1747 1724 Angelos,
1799 1649 2075 1710 videatur
2122 1665 2309 1726 supra

201 1768 263 1806 n:
300 1753 328 1807 l
353 1751 467 1807 30.
501 1749 663 1805 20οε
694 1746 964 1805 similiter
988 1765 1099 1824 per
1127 1747 1441 1807 duodecim
1462 1748 1678 1808 Tribus
1705 1749 1969 1826 IsraeliS,
2010 1768 2065 1808 n:
2094 1751 2308 1810 3858.

205 1851 414 1906 3926.
461 1849 674 1906 4060.
719 1849 904 1906 6335
928 1867 942 1904 ε
965 1850 972 1856 ’
997 1856 1058 1906 et
1092 1848 1367 1907 similiter
1400 1865 1511 1923 per
1542 1849 1919 1924 Margaritae.
1952 1850 2157 1927 .Apud
2192 1848 2305 1909 Je-

197 1949 440 2006 remiam
495 1945 608 2020 „A
635 1947 1046 2024 septentrione
1072 1946 1394 2025 aperietur
1433 1945 1701 2021 malum,
1733 1953 1807 2009 ut
1844 1949 2097 2010 veniant
2124 1948 2305 2009 dent·-

193 2067 304 2125 que
349 2047 645 2106 thronum
681 2065 870 2106 cuum
910 2047 1000 2106 ad
1043 2046 1280 2106 octium
1318 2053 1660 2126 portarum
1696 2047 2212 2129 Hierosolymae,
2250 2053 2312 2109 et

197 2133 283 2207 ad
321 2165 536 2206 omnes
575 2164 792 2206 muro-9
816 2145 954 2227 ejus
981 2147 1489 2226 circumquaque,
1532 2149 1687 2226 quia
1714 2147 2117 2210 deseruerunt
2142 2145 2251 2208 M'e
2268 2151 2308 2182 ‘⁶'

197 2248 256 2307 I:
294 2252 404 2306 14.
447 2250 474 2304 1
499 2249 556 2304 5.
595 2249 622 2304 1
643 2249 700 2321 63
738 2249 937 2323 agitur
963 2247 1140 2307 ibide
1171 2247 1573 2306 destructione
1601 2247 1910 2308 Ecclesiae
1922 2269 1940 2324 3
1978 2251 2308 2324 septentrio

197 2347 494 2424 significat
530 2345 774 2421 falsum,
831 2347 926 2404 hic
981 2347 1200 2406 falsum
1257 2365 1330 2406 ex
1370 2365 1485 2423 quo
1523 2347 1772 2422 malum3
1826 2350 2031 2407 venire
2070 2355 2130 2407 et
2164 2349 2309 2408 dare

197 2447 444 2506 thronos
479 2446 558 2504 ad
592 2449 807 2504 ostium
844 2455 1150 2522 portarum
1185 2447 1663 2523 Hierosolymae,
1696 2453 1789 2505 est
1815 2446 2127 2506 destruere
2162 2465 2311 2506 vera

203 2547 632 2604 introducentia
666 2548 728 2603 in
763 2547 1094 2606 Ecclesiam
1129 2566 1239 2623 per
1265 2547 1447 2622 falsa3
1488 2554 1545 2604 et
1582 2547 1658 2605 ad
1686 2562 1889 2606 omnes
1917 2563 2119 2604 muros
2156 2547 2312 2622 ejuS,

203 2652 298 2704 est
339 2663 569 2722 quoque
606 2649 806 2704 omnia
830 2664 974 2704 vera
1007 2650 1278 2707 tutantia.
1335 2647 1515 2722 Apud
1542 2647 1785 2724 Esajam
1826 2640 2077 2726 „Ejula
2090 2650 2305 2723 porta,

197 2743 406 2806 clama
431 2746 600 2819 urbs,
627 2742 970 2826 liquefacta
995 2751 1090 2805 eet
1108 2745 1517 2808 Philisthaea
1542 2751 1613 2807 tu
1638 2751 1789 2816 tota,
1817 2745 1969 2825 quia
1995 2763 2037 2804 a
2062 2749 2309 2824 septen-

197 2846 399 2906 mone
412 2846 646 2926 fumus
672 2846 886 2906 venit“
923 2845 1062 2905 XV:
1097 2853 1158 2907 4.
1215 2847 1414 2924 [XIVz
1449 2843 1593 2928 31.]
1640 2846 1821 2923 Apud
1850 2846 2091 2922 Esajam
2133 2889 2171 2920 „
2191 2843 2307 2906 Se-

195 2943 376 3006 lectio
411 2941 684 3006 vallium
727 2950 986 3007 tuarum
1029 2943 1326 3026 impletae
1366 2951 1516 3007 sunt
1558 2965 1781 3017 curru,
1816 2950 1875 3006 et
1908 2945 2147 3043 equites
2181 2963 2307 3025 po·-
2424 3029 2437 3033 ,

195 3045 394 3106 nendo
419 3051 772 3123 posuerant
807 3065 1002 3124 usque
1035 3045 1126 3107 ad
1149 3051 1412 3125 portam
1425 3092 1442 3120 ,
1496 3044 1843 3108 denudavit
1885 3051 2313 3125 teyumentum

195 3143 489 3206 Jehudae
516 3147 554 3178 “
597 3145 810 3206 XXII:
847 3152 907 3205 7.
947 3149 1016 3220 83
1077 3149 1136 3205 in
1168 3147 1264 3205 his
1299 3147 1451 3204 locis
1490 3149 1667 3206 etiam
1717 3150 1915 3224 agitur
1948 3147 2021 3206 de
2064 3148 2306 3238 degtru-

197 3249 393 3305 ctione
431 3245 756 3320 Ecclesiae,
798 3254 858 3306 et
890 3263 1000 3321 per
1035 3252 1240 3321 portas
1276 3247 1359 3304 ibi
1396 3246 1799 3322 significantur
1826 3265 1973 3306 vera
2006 3249 2305 3307 intromit-

195 3348 404 3413 tentia,
441 3363 596 3420 quae
633 3345 954 3418 destructa,
993 3346 1102 3404 illa
1137 3363 1282 3404 vera
1307 3355 1600 3406 vocantur
1636 3353 1981 3425 tegumenta
2010 3346 2309 3414 Jehudae‚

201 3447 342 3520 quia
374 3462 482 3520 per
516 3445 817 3507 Jehudam
852 3445 1220 3522 significatur
1259 3464 1427 3506 amor
1460 3447 1769 3520 coelestis,
1796 3447 2098 3505 ·videatur
2124 3459 2311 3519 supra

193 3563 264 3603 n:
309 3548 340 3602 1
365 3547 394 3602 1
415 3546 484 3618 9,
541 3562 612 3603 ac
647 3561 792 3604 vera
825 3546 932 3605 illa
965 3552 1176 3622 tegunt
1212 3553 1272 3606 et
1307 3554 1631 3624 protegunt
1674 3548 1862 3614 illum.
1919 3544 2104 3620 Apud
2136 3543 2305 3602 Eun-

191 3644 328 3702 dem
382 3640 776 3722 „Reliquum
810 3645 882 3706 in
927 3645 1086 3706 vrbe
1123 3646 1431 3717 vastitas,
1474 3652 1535 3706 et
1560 3664 1755 3726 usque
1790 3642 1879 3705 ad
1911 3640 2305 3703 devastatio-

189 3763 334 3803 nem
358 3743 774 3806 contunditur
787 3750 1032 3824 por-tw
1061 3746 1297 3807 XXIV:
1335 3752 1365 3807 1
1385 3751 1444 3805 2.
1483 3747 1667 3822 Apud
1690 3745 1731 3805 J
1736 3745 2017 3804 eremiam
2044 3739 2309 3816 „Ducit

191 3840 513 3917 Jehudah,
543 3847 604 3902 et
631 3841 874 3905 Portae
910 3846 1048 3928 ejus
1075 3843 1543 3927 lanquescentee
1555 3845 1780 3925 factae
1807 3844 2005 3902 eunt“
2040 3841 2213 3900 XIV:
2241 3843 2277 3898 2
2290 3885 2303 3898 .

188 3944 258 4003 In
292 3943 478 4002 Libro
525 3942 811 4004 Judicum
878 3989 915 4020 „
939 3944 1284 4008 Ces-sarum
1333 3945 1461 4006 vici
1516 3944 1586 4005 iri
1625 3938 1841 4004 Israel
1853 3986 1870 4017 ,
1928 3929 2118 4021 eleyit
2159 3937 2308 4000 deoc

188 4060 414 4118 novos,
471 4047 608 4103 tum
643 4041 1012 4126 oppuynare
1034 4048 1314 4126 portas“
1368 4044 1445 4105 V:
1493 4050 1549 4106 7.
1595 4049 1654 4106 8.
1710 4042 1895 4120 Apud
1928 4040 2311 4104 Ezechielem

191 4142 458 4217 „Dixit
504 4141 724 4225 Tyrus
767 4163 958 4228 super
989 4143 1543 4225 Hierosolymm,
1588 4163 1743 4226 euge
1756 4136 1993 4229 fracta
2032 4149 2155 4220 est,
2192 4141 2311 4226 ja-

187 4261 354 4303 nuae
367 4239 772 4322 populorum,
803 4245 1107 4308 traducta
1131 4251 1226 4306 esc
1251 4243 1341 4306 ad
1368 4248 1513 4305 me“
1542 4246 1778 4308 XXVI:
1813 4250 1885 4320 23
1924 4246 1985 4303 in
2010 4245 2105 4304 his
2132 4246 2312 4302 etiam

1820 4350 1899 4402 21
1940 4338 1978 4378 ³*
