2700 4792
411 405 520 458 292
793 393 1283 464 APOCALYPSIS
1335 393 1787 450 ExPucA‘rA:
1854 395 1899 464 ς.
1948 403 2077 457 195.

406 573 566 614 vera.
649 553 830 630 Apud
866 553 1235 638 Matthaeum
1295 599 1329 629 „
1343 551 1567 614 Cavete
1608 553 1781 614 vobis
1838 573 1881 614 a
1916 552 2493 634 Pseudoprophetis‚

405 655 518 734 qui
555 653 810 715 veniunt
853 652 942 714 ad
975 673 1084 714 voa
1131 653 1200 714 in
1235 653 1629 714 vestimentis
1668 653 1915 725 ovium,
1969 653 2151 715 intua
2192 659 2335 714 sunt
2376 651 2501 734 lupi

405 757 718 836 φαῳασεεθ(ί
773 755 922 814 VII:
984 758 1104 830 153
1158 755 1737 831 Pseudoprophetae
1792 757 1851 813 in
1900 757 2277 814 vestimentis
2320 758 2502 815 ovium

407 858 510 933 qui
543 857 702 914 intus
737 855 864 932 lupi
898 871 1168 932 rapaceS,
1209 862 1347 914 sunt
1384 857 1484 931 qui
1512 855 1727 915 docent
1760 855 1915 914 falsa
1949 857 2111 916 sicut
2138 856 2329 915 forent
2354 872 2499 928 vera,

405 964 466 1015 et
503 955 788 1016 moralem
823 956 1006 1013 vitam
1053 956 1130 1014 ad
1165 957 1577 1033 apparentiam
1627 962 1842 1031 agunt,
1904 956 2017 1016 sed
2072 956 2240 1032 apud
2275 973 2339 1016 se
2384 956 2506 1014 dum

407 1073 482 1116 ex
517 1073 628 1116 suo
667 1058 916 1133 spiritu,
971 1055 1112 1114 nihil
1151 1058 1266 1114 nisi
1315 1073 1491 1130 quam
1530 1056 1603 1114 de
1640 1071 1707 1114 se
1746 1063 1807 1114 et
1841 1057 2065 1114 mundo
2105 1061 2395 1133 cogitant,
2446 1072 2505 1114 ac

404 1156 720 1235 deprivare
748 1157 990 1216 student
1017 1173 1221 1216 omnes
1248 1159 1425 1215 veris,
1482 1155 1664 1232 Apud
1688 1157 2030 1216 Johannem
2072 1155 2321 1232 „Jeme
2346 1155 2504 1216 dixit

403 1257 494 1319 ad
517 1256 817 1328 Petrum,
857 1273 999 1318 cum
1023 1257 1232 1336 fuisti
1247 1255 1493 1338 junior,
1534 1256 1827 1336 cinyebas
1855 1263 2043 1318 temet
2070 1264 2130 1318 et
2158 1253 2507 1318 ambulabas

399 1375 519 1437 quo
559 1351 844 1428 volebasj
901 1356 1153 1435 quando
1206 1375 1346 1417 vero
1398 1374 1586 1418 sevwoe
1632 1357 1879 1437 sueri-3,
1934 1358 2245 1420 eoetendea
2298 1373 2503 1417 manua

387 1464 582 1534 tuas,
629 1464 688 1518 et
731 1455 908 1518 alius
943 1463 1004 1517 te
1029 1457 1264 1536 cinyet,
1311 1457 1611 1538 ducetque
1645 1475 1763 1538 quo
1800 1477 1925 1520 non
1962 1459 2121 1519 ‘ciffi‘
2175 1457 2359 1520 XXI:
2402 1457 2502 1532 183

401 1559 544 1637 quid
579 1560 729 1618 haec
767 1561 827 1617 in
863 1575 1045 1618 sensu
1085 1559 1379 1635 spirituali
1408 1559 1761 1635 significant,
1801 1560 2085 1620 videatur
2122 1575 2313 1638 supra
2344 1576 2407 1615 n:
2440 1557 2501 1630 93

401 1659 560 1736 quod
595 1677 812 1736 nempe
837 1677 948 1735 per
972 1659 1221 1718 Petrum
1249 1659 1619 1736 intelligatur
1652 1659 1803 1718 fides
1830 1660 2187 1737 Ecclesiae3
2224 1677 2334 1738 per
2358 1653 2503 1717 illum

400 1777 534 1820 cum
563 1761 784 1836 junior,
843 1760 1076 1836 quando
1115 1761 1381 1836 cingeret
1418 1767 1611 1838 seruet
1647 1766 1706 1820 et
1742 1761 2085 1820 ambularet
2143 1779 2259 1838 quo
2309 1758 2501 1829 vellet,

403 1859 554 1919 fides
591 1860 900 1919 Ecclesiae
952 1863 1010 1918 in
1055 1862 1346 1938 principio
1399 1859 1635 1936 quando
1686 1861 1747 1918 in
1796 1862 1955 1919 bono
2006 1861 2321 1920 charitatis
2364 1863 2497 1932 sunt,

307 1999 310 2002 -
402 1967 544 2019 tunc
585 1960 744 2037 quod
781 1977 855 2018 ex
891 1961 1185 2037 spirituali
1221 1962 1458 2020 homine
1496 1961 1569 2020 de
1600 1963 1759 2020 veris
1796 1961 2111 2022 Ecclesiae
2150 1964 2421 2039 cogitant,
2452 1963 2502 2015 et

401 2079 477 2120 ex
513 2075 585 2120 eo
623 2063 885 2136 cogitare
923 2068 1016 2118 est
1053 2081 1122 2121 ex
1160 2077 1268 2120 suo
1307 2063 1548 2138 spiritu,
1596 2063 1681 2120 ita
1718 2079 1793 2120 ex
1830 2062 2149 2121 affectione
2180 2063 2307 2122 veri
2341 2060 2496 2136 spiri-

399 2161 568 2235 mali,
611 2161 768 2237 quod
806 2169 900 2219 est
935 2179 1008 2220 ex
1052 2163 1272 2236 libero3
1327 2179 1439 2238 per
1471 2160 1642 2220 illum
1676 2169 1878 2220 autem
1916 2179 2053 2221 cum
2092 2138 2292 2223 senei?
2318 2160 2497 2227 fuerit,

402 2262 561 2338 quod
611 2261 958 2320 extenderet
1005 2281 1216 2320 manus
1282 2269 1342 2321 et
1401 2263 1553 2321 alius
1606 2263 1773 2320 illum
1824 2266 2125 2340 cingeret,
2177 2262 2499 2337 intelligitur

397 2363 548 2422 fides
595 2362 906 2421 Ecclesiae
957 2365 1018 2422 in
1069 2364 1186 2422 fine
1235 2365 1405 2440 ejus,
1462 2363 1700 2439 quando
1748 2363 1900 2422 fides
1956 2364 2194 2441 absque
2238 2364 2498 2422 charitate

399 2466 538 2540 erit,
605 2462 763 2541 quod
811 2470 952 2522 tunc
1018 2464 1162 2522 nihil
1211 2464 1285 2523 de
1336 2466 1495 2522 veris
1547 2463 1859 2523 Ecclesiae
1919 2469 2259 2540 cogitarent
2312 2481 2381 2522 ex
2418 2475 2490 2532 se,

397 2565 507 2624 sed
543 2581 616 2624 ex
653 2565 815 2637 aliis,
870 2568 952 2623 ita
987 2566 1180 2624 solum·
1217 2582 1292 2622 ex
1328 2565 1624 2640 doctrina,
1684 2572 1743 2622 et
1780 2581 1897 2622 non
1948 2583 2023 2624 ex
2062 2565 2306 2639 Verba,
2359 2557 2497 2638 quod

396 2668 734 2743 respective
798 2683 1040 2724 servum
1095 2674 1214 2740 est3
1281 2682 1418 2722 nam
1469 2666 1713 2725 credere
1764 2666 1923 2742 quod
1982 2666 2140 2725 alius
2194 2667 2358 2733 dicit,
2420 2661 2497 2718 est

201 2783 359 2843 [196]
400 2783 671 2842 servum,
729 2774 792 2824 at
827 2767 1072 2826 credere
1129 2766 1288 2843 quod
1321 2768 1455 2841 ipse
1494 2768 1715 2843 cogitat
1754 2782 1829 2824 ex
1870 2765 2073 2824 Verbo
2116 2773 2212 2826 est
2246 2765 2493 2830 liberum,

400 2867 727 2927 secundum
764 2867 1005 2944 Domini
1038 2867 1225 2925 verba
1275 2866 1437 2944 apud
1472 2867 1811 2926 Johannem
1871 2864 1998 2941 „Si
2034 2864 2403 2938 manseritis
2440 2858 2496 2918 in

413 2965 608 3028 Verbo
647 2985 808 3042 mee,
861 2986 997 3026 vere
1035 2964 1346 3047 discipuli
1394 2967 1519 3026 mei
1554 2967 1740 3037 artie,
1806 2973 1866 3026 et
1916 2967 2306 3047 coynoeoetis
2349 2958 2493 3024 veri·

402 3070 626 3137 tatem,
683 3069 742 3124 et
779 3068 1017 3136 veritas
1055 3065 1284 3128 liberos
1307 3067 1516 3148 faciet
1554 3071 1711 3128 v03“
1766 3067 1945 3128 VIII:
1991 3071 2100 3128 31.
2146 3071 2257 3128 32.
2336 3058 2493 3140 Apud

403 3168 628 3225 Lucam
685 3165 932 3241 „Nemo
961 3165 1385 3246 panniculum
1425 3168 1573 3229 novi
1606 3167 1964 3229 vestimenti
2001 3167 2177 3230 indit
2218 3167 2288 3229 in
2326 3159 2492 3225 vesti-

403 3269 681 3328 mentum
720 3271 924 3344 vetus,
966 3265 1254 3346 alioquin
1287 3266 1461 3331 illud
1486 3288 1715 3332 novum
1744 3267 1953 3350 findet
1987 3274 2195 3344 vetus,
2243 3273 2301 3327 et
2324 3257 2489 3324 veteri

401 3385 528 3430 non
556 3369 835 3428 convenit
871 3366 1262 3448 panniculus
1313 3389 1394 3430 ex
1433 3387 1605 3430 novo.
1684 3368 1783 3430 Et
1823 3387 1999 3430 nemo
2050 3369 2263 3452 injicit
2300 3365 2488 3426 vinum

400 3488 630 3532 novum
673 3467 742 3530 in
781 3475 956 3530 utres
990 3475 1247 3545 veteres,
1301 3468 1590 3550 alioquin
1628 3469 1983 3549 disrumpet
2026 3470 2245 3532 vinum
2287 3475 2487 3526 novum

401 3575 605 3647 atr-err,
677 3575 737 3630 et
804 3568 976 3632 illud
1025 3569 1409 3650 effundetur,
1470 3576 1531 3630 et
1596 3576 1769 3634 utres
1816 3569 2115 3650 peribunt
2134 3573 2170 3602 “
2258 3568 2339 3628 V:
2388 3562 2480 3624 36.

410 3673 522 3731 37.
583 3673 694 3732 38.
773 3672 999 3731 Matth:
1049 3671 1173 3730 IX:
1240 3674 1347 3730 16.
1407 3676 1514 3731 17.
1594 3672 1798 3730 Marc:
1852 3671 1942 3731 II:
2010 3674 2123 3730 21.
2184 3672 2304 3744 223
2367 3663 2483 3740 quia

406 3770 850 3832 vestimentum
886 3771 1182 3850 significat
1215 3789 1427 3832 verum
1441 3817 1468 3847 ,.
1520 3772 1655 3831 ideo
1684 3772 1973 3832 Dominus
2014 3774 2318 3847 comparat
2362 3763 2481 3825 vcra

401 3871 713 3934 Ecclesiae
759 3875 974 3951 prioris
993 3917 1010 3945 ,
1077 3889 1230 3950 quae
1301 3880 1429 3931 erat
1476 3873 1751 3932 Ecclesia
1814 3873 2324 3949 repraesentativa
2372 3861 2478 3939 spi-

405 3973 739 4049 ritualium,
802 3973 1124 4050 panniculo
1180 3975 1517 4032 vestimenti
1564 3974 1818 4044 veteriS,
1890 3981 1949 4032 et
2010 3989 2157 4032 vera
2203 3963 2474 4030 Ecclesiae

405 4069 648 4144 Novae,
714 4091 868 4149 quae
917 4080 1088 4134 erant
1142 4076 1278 4151 ipsa
1318 4089 1467 4132 vera
1525 4074 1893 4153 spiritualia,
1957 4071 2273 4150 panniculo
2312 4061 2469 4123 vesti-

406 4170 594 4224 menti
655 4173 824 4228 novi:
899 4174 1174 4232 similiter
1249 4176 1621 4249 comparavit
1688 4173 1793 4232 illa
1866 4175 2101 4233 utribus
2156 4173 2297 4245 vini,
2354 4160 2468 4240 ‹1111'3

409 4279 520 4338 per
565 4265 770 4322 vinum
834 4269 1104 4330 similiter
1155 4271 1523 4348 significatur
1570 4290 1808 4350 verum,
1874 4291 1945 4334 ac
2008 4283 2169 4334 utres
2215 4274 2343 4331 sunt
2382 4275 2466 4319 00·
