<?xml version="1.0" encoding="UTF-8"?>
<!DOCTYPE html PUBLIC "-//W3C//DTD XHTML 1.0 Transitional//EN"
    "http://www.w3.org/TR/xhtml1/DTD/xhtml1-transitional.dtd">
<html xmlns="http://www.w3.org/1999/xhtml" xml:lang="en" lang="en">
 <head>
  <title>
</title>
<meta http-equiv="Content-Type" content="text/html;charset=utf-8" />
  <meta name='ocr-system' content='tesseract 3.04.00' />
  <meta name='ocr-capabilities' content='ocr_page ocr_carea ocr_par ocr_line ocrx_word'/>
</head>
<body>
  <div class='ocr_page' id='page_1' title='image "./apocalypsisexpl01unkngoog_0023.png"; bbox 0 0 2700 4792; ppageno 0'>
   <div class='ocr_carea' id='block_1_1' title="bbox 31 4305 43 4382">
    <p class='ocr_par' dir='ltr' id='par_1_1' title="bbox 31 4305 43 4382">
     <span class='ocr_line' id='line_1_1' title="bbox 31 4305 43 4382; baseline 0 0"><span class='ocrx_word' id='word_1_1' title='bbox 31 4305 43 4382; x_wconf 70' lang='grc' dir='ltr'>Ι</span> 
     </span>
    </p>
   </div>
   <div class='ocr_carea' id='block_1_2' title="bbox 318 369 2273 438">
    <p class='ocr_par' dir='ltr' id='par_1_2' title="bbox 318 369 2273 438">
     <span class='ocr_line' id='line_1_2' title="bbox 318 369 2273 438; baseline 0.005 -11"><span class='ocrx_word' id='word_1_2' title='bbox 318 371 560 428; x_wconf 82' lang='lat' dir='ltr'>CAPUT</span> <span class='ocrx_word' id='word_1_3' title='bbox 597 369 894 426; x_wconf 85' lang='lat' dir='ltr'><strong>PRIMUM.</strong></span> <span class='ocrx_word' id='word_1_4' title='bbox 937 435 942 438; x_wconf 23' lang='lat'>¹</span> <span class='ocrx_word' id='word_1_5' title='bbox 1612 369 1827 426; x_wconf 81' lang='lat' dir='ltr'><strong>VERS=</strong></span> <span class='ocrx_word' id='word_1_6' title='bbox 1872 381 2043 436; x_wconf 63' lang='lat'><strong>4—6.</strong></span> <span class='ocrx_word' id='word_1_7' title='bbox 2204 381 2273 436; x_wconf 65' lang='lat'><strong>12·</strong></span> 
     </span>
    </p>
   </div>
   <div class='ocr_carea' id='block_1_3' title="bbox 161 530 2276 1112">
    <p class='ocr_par' dir='ltr' id='par_1_3' title="bbox 161 530 2276 1112">
     <span class='ocr_line' id='line_1_3' title="bbox 162 530 2273 612; baseline 0.002 -20"><span class='ocrx_word' id='word_1_8' title='bbox 162 535 418 612; x_wconf 85' lang='lat' dir='ltr'><strong>propius</strong></span> <span class='ocrx_word' id='word_1_9' title='bbox 453 531 676 590; x_wconf 88' lang='lat' dir='ltr'><strong>hom-ini</strong></span> <span class='ocrx_word' id='word_1_10' title='bbox 713 533 821 605; x_wconf 84' lang='lat' dir='ltr'><strong>sit,</strong></span> <span class='ocrx_word' id='word_1_11' title='bbox 878 545 996 606; x_wconf 85' lang='lat' dir='ltr'><strong>quo</strong></span> <span class='ocrx_word' id='word_1_12' title='bbox 1045 531 1096 588; x_wconf 86' lang='lat' dir='ltr'><strong>is</strong></span> <span class='ocrx_word' id='word_1_13' title='bbox 1143 531 1395 588; x_wconf 83' lang='lat' dir='ltr'><strong>interius</strong></span> <span class='ocrx_word' id='word_1_14' title='bbox 1440 531 1501 590; x_wconf 87' lang='lat' dir='ltr'><strong>in</strong></span> <span class='ocrx_word' id='word_1_15' title='bbox 1534 530 1691 598; x_wconf 85' lang='lat' dir='ltr'><strong>bono</strong></span> <span class='ocrx_word' id='word_1_16' title='bbox 1728 536 1947 592; x_wconf 85' lang='lat' dir='ltr'><strong>amoris</strong></span> <span class='ocrx_word' id='word_1_17' title='bbox 1984 540 2106 594; x_wconf 82' lang='lat' dir='ltr'><strong>est:</strong></span> <span class='ocrx_word' id='word_1_18' title='bbox 2161 535 2273 596; x_wconf 88' lang='lat' dir='ltr'><strong>hoc</strong></span> 
     </span>
     <span class='ocr_line' id='line_1_4' title="bbox 161 630 2271 713; baseline 0.001 -20"><span class='ocrx_word' id='word_1_19' title='bbox 161 635 456 710; x_wconf 74' lang='lat' dir='ltr'>originem</span> <span class='ocrx_word' id='word_1_20' title='bbox 493 632 658 690; x_wconf 72' lang='lat' dir='ltr'><strong>ducit</strong></span> <span class='ocrx_word' id='word_1_21' title='bbox 695 642 766 690; x_wconf 85' lang='lat' dir='ltr'><strong>ex</strong></span> <span class='ocrx_word' id='word_1_22' title='bbox 805 647 906 700; x_wconf 89' lang='lat' dir='ltr'><strong>eo,</strong></span> <span class='ocrx_word' id='word_1_23' title='bbox 963 631 1104 706; x_wconf 83' lang='lat' dir='ltr'><strong>quia</strong></span> <span class='ocrx_word' id='word_1_24' title='bbox 1135 630 1429 688; x_wconf 84' lang='lat' dir='ltr'><strong>Dominus</strong></span> <span class='ocrx_word' id='word_1_25' title='bbox 1480 649 1553 690; x_wconf 85' lang='lat' dir='ltr'><strong>eo</strong></span> <span class='ocrx_word' id='word_1_26' title='bbox 1589 635 1839 709; x_wconf 88' lang='lat' dir='ltr'><strong>propius</strong></span> <span class='ocrx_word' id='word_1_27' title='bbox 1890 641 1984 693; x_wconf 88' lang='lat' dir='ltr'><strong>est</strong></span> <span class='ocrx_word' id='word_1_28' title='bbox 2016 635 2271 713; x_wconf 84' lang='lat' dir='ltr'><strong>Angc10,</strong></span> 
     </span>
     <span class='ocr_line' id='line_1_5' title="bbox 163 732 2273 816; baseline 0.001 -22"><span class='ocrx_word' id='word_1_29' title='bbox 163 734 421 811; x_wconf 86' lang='lat' dir='ltr'><strong>Spiritui</strong></span> <span class='ocrx_word' id='word_1_30' title='bbox 459 740 519 792; x_wconf 89' lang='lat' dir='ltr'><strong>ct</strong></span> <span class='ocrx_word' id='word_1_31' title='bbox 551 732 804 806; x_wconf 82' lang='lat' dir='ltr'><strong>homini,</strong></span> <span class='ocrx_word' id='word_1_32' title='bbox 845 749 960 808; x_wconf 91' lang='lat' dir='ltr'><strong>quo</strong></span> <span class='ocrx_word' id='word_1_33' title='bbox 988 732 1238 789; x_wconf 86' lang='lat' dir='ltr'><strong>interius</strong></span> <span class='ocrx_word' id='word_1_34' title='bbox 1265 738 1469 790; x_wconf 83' lang='lat' dir='ltr'><strong>amant</strong></span> <span class='ocrx_word' id='word_1_35' title='bbox 1501 732 1741 810; x_wconf 70' lang='lat' dir='ltr'><strong>Ipsum,</strong></span> <span class='ocrx_word' id='word_1_36' title='bbox 1782 737 2033 794; x_wconf 87' lang='lat' dir='ltr'><strong>interius</strong></span> <span class='ocrx_word' id='word_1_37' title='bbox 2070 753 2273 816; x_wconf 84' lang='lat' dir='ltr'><strong>amare</strong></span> 
     </span>
     <span class='ocr_line' id='line_1_6' title="bbox 161 831 2270 914; baseline 0.001 -21"><span class='ocrx_word' id='word_1_38' title='bbox 161 835 379 912; x_wconf 86' lang='lat' dir='ltr'><strong>Ipsum</strong></span> <span class='ocrx_word' id='word_1_39' title='bbox 416 839 510 892; x_wconf 87' lang='lat' dir='ltr'><strong>est</strong></span> <span class='ocrx_word' id='word_1_40' title='bbox 543 833 794 892; x_wconf 89' lang='lat' dir='ltr'><strong>interius</strong></span> <span class='ocrx_word' id='word_1_41' title='bbox 833 849 1032 889; x_wconf 87' lang='lat' dir='ltr'><strong>amare</strong></span> <span class='ocrx_word' id='word_1_42' title='bbox 1073 837 1405 907; x_wconf 86' lang='lat' dir='ltr'><strong>praecepta</strong></span> <span class='ocrx_word' id='word_1_43' title='bbox 1438 831 1641 907; x_wconf 84' lang='lat' dir='ltr'><strong>Ipsius</strong></span> <span class='ocrx_word' id='word_1_44' title='bbox 1655 877 1673 908; x_wconf 92' lang='lat'><strong>,</strong></span> <span class='ocrx_word' id='word_1_45' title='bbox 1724 835 1837 894; x_wconf 84' lang='lat' dir='ltr'><strong>hoc</strong></span> <span class='ocrx_word' id='word_1_46' title='bbox 1875 842 1995 908; x_wconf 87' lang='lat' dir='ltr'><strong>cst,</strong></span> <span class='ocrx_word' id='word_1_47' title='bbox 2044 853 2119 896; x_wconf 81' lang='lat' dir='ltr'><strong>ex</strong></span> <span class='ocrx_word' id='word_1_48' title='bbox 2164 837 2270 914; x_wconf 83' lang='lat' dir='ltr'><strong>ju-</strong></span> 
     </span>
     <span class='ocr_line' id='line_1_7' title="bbox 165 931 2276 1012; baseline 0 -18"><span class='ocrx_word' id='word_1_49' title='bbox 165 935 366 994; x_wconf 69' lang='lat' dir='ltr'><strong>cundo</strong></span> <span class='ocrx_word' id='word_1_50' title='bbox 403 935 623 992; x_wconf 88' lang='lat' dir='ltr'><strong>amoris</strong></span> <span class='ocrx_word' id='word_1_51' title='bbox 657 931 766 991; x_wconf 86' lang='lat' dir='ltr'><strong>illa</strong></span> <span class='ocrx_word' id='word_1_52' title='bbox 797 934 1138 1008; x_wconf 81' lang='lat' dir='ltr'><strong>percipere,</strong></span> <span class='ocrx_word' id='word_1_53' title='bbox 1192 931 1350 991; x_wconf 87' lang='lat' dir='ltr'><strong>velle</strong></span> <span class='ocrx_word' id='word_1_54' title='bbox 1400 939 1461 990; x_wconf 88' lang='lat' dir='ltr'><strong>et</strong></span> <span class='ocrx_word' id='word_1_55' title='bbox 1505 933 1735 1010; x_wconf 78' lang='lat' dir='ltr'><strong>facere5</strong></span> <span class='ocrx_word' id='word_1_56' title='bbox 1790 935 1927 993; x_wconf 85' lang='lat' dir='ltr'><strong>inde</strong></span> <span class='ocrx_word' id='word_1_57' title='bbox 1978 937 2276 1012; x_wconf 64' lang='lat' dir='ltr'><strong>ese-quod</strong></span> 
     </span>
     <span class='ocr_line' id='line_1_8' title="bbox 163 1032 2273 1112; baseline 0 -18"><span class='ocrx_word' id='word_1_58' title='bbox 163 1037 571 1112; x_wconf 87' lang='lat' dir='ltr'><strong>propinquum</strong></span> <span class='ocrx_word' id='word_1_59' title='bbox 606 1037 666 1092; x_wconf 89' lang='lat' dir='ltr'><strong>in</strong></span> <span class='ocrx_word' id='word_1_60' title='bbox 693 1032 898 1092; x_wconf 87' lang='lat' dir='ltr'><strong>Verbo</strong></span> <span class='ocrx_word' id='word_1_61' title='bbox 925 1032 1222 1108; x_wconf 85' lang='lat' dir='ltr'><strong>significet</strong></span> <span class='ocrx_word' id='word_1_62' title='bbox 1245 1035 1653 1108; x_wconf 74' lang='lat' dir='ltr'><strong>praesentiam</strong></span> <span class='ocrx_word' id='word_1_63' title='bbox 1690 1041 1749 1093; x_wconf 87' lang='lat' dir='ltr'><strong>et</strong></span> <span class='ocrx_word' id='word_1_64' title='bbox 1778 1035 2273 1111; x_wconf 70' lang='lat' dir='ltr'><strong>conjunctionem,</strong></span> 
     </span>
    </p>
   </div>
   <div class='ocr_carea' id='block_1_4' title="bbox 117 1133 2276 1223">
    <p class='ocr_par' dir='ltr' id='par_1_4' title="bbox 117 1133 2276 1223">
     <span class='ocr_line' id='line_1_9' title="bbox 117 1133 2276 1223; baseline 0.001 -29"><span class='ocrx_word' id='word_1_65' title='bbox 117 1217 122 1223; x_wconf 93' lang='lat'>.</span> <span class='ocrx_word' id='word_1_66' title='bbox 169 1135 450 1195; x_wconf 78' lang='lat' dir='ltr'><strong>videatur</strong></span> <span class='ocrx_word' id='word_1_67' title='bbox 483 1153 542 1193; x_wconf 85' lang='lat' dir='ltr'><strong>n:</strong></span> <span class='ocrx_word' id='word_1_68' title='bbox 589 1134 800 1192; x_wconf 82' lang='lat'>5911.</span> <span class='ocrx_word' id='word_1_69' title='bbox 846 1134 1058 1192; x_wconf 82' lang='grc'><strong>9378.</strong></span> <span class='ocrx_word' id='word_1_70' title='bbox 1101 1133 1310 1191; x_wconf 83' lang='grc'><strong>9997.</strong></span> <span class='ocrx_word' id='word_1_71' title='bbox 1359 1135 1616 1192; x_wconf 88' lang='grc'><strong>10001.</strong></span> <span class='ocrx_word' id='word_1_72' title='bbox 1708 1135 1841 1194; x_wconf 85' lang='lat' dir='ltr'><strong>Hoc</strong></span> <span class='ocrx_word' id='word_1_73' title='bbox 1874 1137 2276 1214; x_wconf 79' lang='lat' dir='ltr'><strong>propinquum</strong></span> 
     </span>
    </p>
   </div>
   <div class='ocr_carea' id='block_1_5' title="bbox 165 1231 2348 2218">
    <p class='ocr_par' dir='ltr' id='par_1_5' title="bbox 165 1231 2275 1914">
     <span class='ocr_line' id='line_1_10' title="bbox 167 1231 2275 1314; baseline 0 -19"><span class='ocrx_word' id='word_1_74' title='bbox 167 1235 532 1295; x_wconf 83' lang='lat' dir='ltr'><strong>describitur</strong></span> <span class='ocrx_word' id='word_1_75' title='bbox 575 1237 664 1292; x_wconf 83' lang='lat' dir='ltr'><strong>ita</strong></span> <span class='ocrx_word' id='word_1_76' title='bbox 699 1233 862 1310; x_wconf 87' lang='lat' dir='ltr'><strong>apud</strong></span> <span class='ocrx_word' id='word_1_77' title='bbox 897 1232 1236 1292; x_wconf 63' lang='lat' dir='ltr'><strong>,Iohannem</strong></span> <span class='ocrx_word' id='word_1_78' title='bbox 1277 1231 1518 1306; x_wconf 69' lang='lat' dir='ltr'><strong>„Jeme</strong></span> <span class='ocrx_word' id='word_1_79' title='bbox 1554 1233 1745 1304; x_wconf 67' lang='lat' dir='ltr'><strong>die-it,</strong></span> <span class='ocrx_word' id='word_1_80' title='bbox 1799 1236 1911 1314; x_wconf 79' lang='lat' dir='ltr'><strong>qui</strong></span> <span class='ocrx_word' id='word_1_81' title='bbox 1936 1241 2115 1301; x_wconf 69' lang='lat' dir='ltr'><strong>ami</strong></span> <span class='ocrx_word' id='word_1_82' title='bbox 2148 1235 2275 1308; x_wconf 63' lang='grc' dir='ltr'><strong>ΜΞ»,</strong></span> 
     </span>
     <span class='ocr_line' id='line_1_11' title="bbox 168 1331 2275 1412; baseline 0 -17"><span class='ocrx_word' id='word_1_83' title='bbox 168 1336 426 1396; x_wconf 71' lang='lat' dir='ltr'><strong>verbum</strong></span> <span class='ocrx_word' id='word_1_84' title='bbox 460 1353 666 1394; x_wconf 79' lang='lat' dir='ltr'><strong>meum</strong></span> <span class='ocrx_word' id='word_1_85' title='bbox 701 1338 912 1394; x_wconf 71' lang='lat' dir='ltr'><strong>servat</strong></span> <span class='ocrx_word' id='word_1_86' title='bbox 923 1379 940 1409; x_wconf 91' lang='lat'><strong>,</strong></span> <span class='ocrx_word' id='word_1_87' title='bbox 993 1338 1052 1392; x_wconf 75' lang='lat' dir='ltr'><strong>et</strong></span> <span class='ocrx_word' id='word_1_88' title='bbox 1087 1331 1292 1392; x_wconf 76' lang='lat' dir='ltr'><strong>Pater</strong></span> <span class='ocrx_word' id='word_1_89' title='bbox 1322 1351 1499 1394; x_wconf 73' lang='lat' dir='ltr'><strong>meus</strong></span> <span class='ocrx_word' id='word_1_90' title='bbox 1534 1336 1777 1396; x_wconf 80' lang='lat' dir='ltr'><strong>amabit</strong></span> <span class='ocrx_word' id='word_1_91' title='bbox 1810 1333 2003 1396; x_wconf 66' lang='lat' dir='ltr'><strong>illum</strong></span> <span class='ocrx_word' id='word_1_92' title='bbox 2013 1381 2030 1412; x_wconf 92' lang='lat'><strong>,</strong></span> <span class='ocrx_word' id='word_1_93' title='bbox 2091 1343 2151 1396; x_wconf 80' lang='lat' dir='ltr'><strong>et</strong></span> <span class='ocrx_word' id='word_1_94' title='bbox 2184 1337 2275 1397; x_wconf 80' lang='lat' dir='ltr'><strong>ad</strong></span> 
     </span>
     <span class='ocr_line' id='line_1_12' title="bbox 168 1431 2271 1516; baseline 0 -20"><span class='ocrx_word' id='word_1_95' title='bbox 168 1433 368 1496; x_wconf 81' lang='lat' dir='ltr'><strong>illum</strong></span> <span class='ocrx_word' id='word_1_96' title='bbox 389 1435 714 1510; x_wconf 73' lang='lat' dir='ltr'><strong>veniemus,</strong></span> <span class='ocrx_word' id='word_1_97' title='bbox 754 1440 813 1494; x_wconf 74' lang='lat' dir='ltr'><strong>et</strong></span> <span class='ocrx_word' id='word_1_98' title='bbox 840 1433 1233 1494; x_wconf 67' lang='lat' dir='ltr'><strong>mancionem</strong></span> <span class='ocrx_word' id='word_1_99' title='bbox 1258 1433 1437 1512; x_wconf 72' lang='lat' dir='ltr'><strong>apud</strong></span> <span class='ocrx_word' id='word_1_100' title='bbox 1460 1431 1651 1494; x_wconf 81' lang='lat' dir='ltr'><strong>illum</strong></span> <span class='ocrx_word' id='word_1_101' title='bbox 1672 1437 2047 1516; x_wconf 73' lang='lat' dir='ltr'><strong>saeiemue“</strong></span> <span class='ocrx_word' id='word_1_102' title='bbox 2085 1438 2271 1497; x_wconf 88' lang='lat' dir='ltr'>XIV:</span> 
     </span>
     <span class='ocr_line' id='line_1_13' title="bbox 176 1533 2274 1618; baseline 0.002 -24"><span class='ocrx_word' id='word_1_103' title='bbox 176 1541 216 1594; x_wconf 79' lang='lat'><strong>2</strong></span> <span class='ocrx_word' id='word_1_104' title='bbox 233 1537 308 1595; x_wconf 82' lang='lat'><strong>3:</strong></span> <span class='ocrx_word' id='word_1_105' title='bbox 367 1541 428 1594; x_wconf 88' lang='lat' dir='ltr'><strong>et</strong></span> <span class='ocrx_word' id='word_1_106' title='bbox 466 1535 620 1612; x_wconf 82' lang='lat' dir='ltr'><strong>apud</strong></span> <span class='ocrx_word' id='word_1_107' title='bbox 655 1536 925 1594; x_wconf 83' lang='lat' dir='ltr'><strong>Eundem</strong></span> <span class='ocrx_word' id='word_1_108' title='bbox 978 1582 1013 1611; x_wconf 88' lang='lat'><em>„</em></span> <span class='ocrx_word' id='word_1_109' title='bbox 1039 1533 1165 1596; x_wconf 74' lang='lat' dir='ltr'><strong>Vos</strong></span> <span class='ocrx_word' id='word_1_110' title='bbox 1201 1535 1581 1612; x_wconf 64' lang='lat' dir='ltr'><strong>cognoscitis</strong></span> <span class='ocrx_word' id='word_1_111' title='bbox 1609 1533 2024 1601; x_wconf 75' lang='lat' dir='ltr'><strong>Parae-letum</strong></span> <span class='ocrx_word' id='word_1_112' title='bbox 2056 1535 2274 1618; x_wconf 75' lang='lat' dir='ltr'><strong>Spiri-</strong></span> 
     </span>
     <span class='ocr_line' id='line_1_14' title="bbox 165 1633 2274 1715; baseline 0.001 -20"><span class='ocrx_word' id='word_1_113' title='bbox 165 1641 308 1696; x_wconf 73' lang='lat' dir='ltr'><strong>tum</strong></span> <span class='ocrx_word' id='word_1_114' title='bbox 357 1633 692 1712; x_wconf 75' lang='lat' dir='ltr'><strong>Veritatis,</strong></span> <span class='ocrx_word' id='word_1_115' title='bbox 759 1635 912 1715; x_wconf 79' lang='lat' dir='ltr'><strong>quia</strong></span> <span class='ocrx_word' id='word_1_116' title='bbox 955 1634 1136 1714; x_wconf 78' lang='lat' dir='ltr'><strong>apud</strong></span> <span class='ocrx_word' id='word_1_117' title='bbox 1182 1653 1292 1694; x_wconf 72' lang='lat' dir='ltr'><strong>vos</strong></span> <span class='ocrx_word' id='word_1_118' title='bbox 1343 1640 1555 1698; x_wconf 77' lang='lat' dir='ltr'><strong>manet</strong></span> <span class='ocrx_word' id='word_1_119' title='bbox 1566 1681 1583 1711; x_wconf 91' lang='lat'><strong>,</strong></span> <span class='ocrx_word' id='word_1_120' title='bbox 1654 1643 1716 1696; x_wconf 79' lang='lat' dir='ltr'><strong>et</strong></span> <span class='ocrx_word' id='word_1_121' title='bbox 1761 1637 1833 1698; x_wconf 75' lang='lat' dir='ltr'><strong>in</strong></span> <span class='ocrx_word' id='word_1_122' title='bbox 1878 1637 2055 1698; x_wconf 69' lang='lat' dir='ltr'><strong>vobis</strong></span> <span class='ocrx_word' id='word_1_123' title='bbox 2103 1638 2225 1700; x_wconf 75' lang='lat' dir='ltr'><strong>erit</strong></span> <span class='ocrx_word' id='word_1_124' title='bbox 2235 1641 2274 1672; x_wconf 82' lang='lat'><em>“</em></span> 
     </span>
     <span class='ocr_line' id='line_1_15' title="bbox 167 1736 2269 1816; baseline 0.001 -20"><span class='ocrx_word' id='word_1_125' title='bbox 167 1737 356 1796; x_wconf 88' lang='lat' dir='ltr'><strong>XIV:</strong></span> <span class='ocrx_word' id='word_1_126' title='bbox 417 1740 535 1812; x_wconf 68' lang='lat'><strong>173</strong></span> <span class='ocrx_word' id='word_1_127' title='bbox 561 1737 944 1797; x_wconf 74' lang='lat' dir='ltr'><strong>’Paracletus</strong></span> <span class='ocrx_word' id='word_1_128' title='bbox 980 1738 1250 1794; x_wconf 85' lang='lat' dir='ltr'><strong>veritatis</strong></span> <span class='ocrx_word' id='word_1_129' title='bbox 1301 1743 1397 1794; x_wconf 88' lang='lat' dir='ltr'><strong>est</strong></span> <span class='ocrx_word' id='word_1_130' title='bbox 1442 1736 1729 1796; x_wconf 86' lang='lat' dir='ltr'><strong>Divinum</strong></span> <span class='ocrx_word' id='word_1_131' title='bbox 1775 1737 2005 1798; x_wconf 89' lang='lat' dir='ltr'><strong>Verum</strong></span> <span class='ocrx_word' id='word_1_132' title='bbox 2050 1756 2269 1816; x_wconf 87' lang='lat' dir='ltr'><strong>proce-</strong></span> 
     </span>
     <span class='ocr_line' id='line_1_16' title="bbox 166 1835 1864 1914; baseline 0.002 -19"><span class='ocrx_word' id='word_1_133' title='bbox 166 1838 318 1896; x_wconf 83' lang='lat' dir='ltr'><strong>dens</strong></span> <span class='ocrx_word' id='word_1_134' title='bbox 355 1855 392 1896; x_wconf 86' lang='lat' dir='ltr'><strong>a</strong></span> <span class='ocrx_word' id='word_1_135' title='bbox 425 1837 713 1912; x_wconf 87' lang='lat' dir='ltr'><strong>Domino,</strong></span> <span class='ocrx_word' id='word_1_136' title='bbox 768 1849 955 1914; x_wconf 63' lang='lat' dir='ltr'><strong>quate</strong></span> <span class='ocrx_word' id='word_1_137' title='bbox 985 1836 1201 1896; x_wconf 87' lang='lat' dir='ltr'><strong>dicitur</strong></span> <span class='ocrx_word' id='word_1_138' title='bbox 1237 1835 1400 1912; x_wconf 85' lang='lat' dir='ltr'><strong>quod</strong></span> <span class='ocrx_word' id='word_1_139' title='bbox 1436 1839 1547 1896; x_wconf 85' lang='lat' dir='ltr'><strong>erit</strong></span> <span class='ocrx_word' id='word_1_140' title='bbox 1580 1839 1640 1896; x_wconf 89' lang='lat' dir='ltr'><strong>in</strong></span> <span class='ocrx_word' id='word_1_141' title='bbox 1676 1839 1864 1898; x_wconf 81' lang='lat' dir='ltr'><strong>vobis,</strong></span> 
     </span>
    </p>

    <p class='ocr_par' dir='ltr' id='par_1_6' title="bbox 165 1938 2348 2218">
     <span class='ocr_line' id='line_1_17' title="bbox 332 1938 2348 2014; baseline 0.001 -17"><span class='ocrx_word' id='word_1_142' title='bbox 332 1943 440 1998; x_wconf 78' lang='lat'><strong>17.</strong></span> <span class='ocrx_word' id='word_1_143' title='bbox 528 1938 979 2014; x_wconf 82' lang='lat' dir='ltr'><strong>Explicationes</strong></span> <span class='ocrx_word' id='word_1_144' title='bbox 1038 1939 1348 2014; x_wconf 81' lang='lat' dir='ltr'><strong>proximae</strong></span> <span class='ocrx_word' id='word_1_145' title='bbox 1404 1953 1515 1996; x_wconf 86' lang='lat' dir='ltr'><strong>seu</strong></span> <span class='ocrx_word' id='word_1_146' title='bbox 1564 1955 1907 1998; x_wconf 85' lang='lat' dir='ltr'><strong>communes</strong></span> <span class='ocrx_word' id='word_1_147' title='bbox 1953 1939 2273 1999; x_wconf 84' lang='lat' dir='ltr'><strong>verborum</strong></span> <span class='ocrx_word' id='word_1_148' title='bbox 2328 1971 2348 1989; x_wconf 57' lang='lat' dir='ltr'>x</span> 
     </span>
     <span class='ocr_line' id='line_1_18' title="bbox 170 2021 2313 2117; baseline 0.001 -20"><span class='ocrx_word' id='word_1_149' title='bbox 170 2038 661 2116; x_wconf 88' lang='lat' dir='ltr'><strong>praecedentium</strong></span> <span class='ocrx_word' id='word_1_150' title='bbox 699 2038 1078 2116; x_wconf 86' lang='lat' dir='ltr'><strong>apparebunt</strong></span> <span class='ocrx_word' id='word_1_151' title='bbox 1115 2039 1272 2097; x_wconf 87' lang='lat' dir='ltr'><strong>sicut</strong></span> <span class='ocrx_word' id='word_1_152' title='bbox 1307 2054 1584 2113; x_wconf 83' lang='lat' dir='ltr'><strong>sparsae,</strong></span> <span class='ocrx_word' id='word_1_153' title='bbox 1650 2042 1791 2116; x_wconf 86' lang='lat' dir='ltr'><strong>quia</strong></span> <span class='ocrx_word' id='word_1_154' title='bbox 1836 2057 1955 2098; x_wconf 87' lang='lat' dir='ltr'><strong>non</strong></span> <span class='ocrx_word' id='word_1_155' title='bbox 1998 2041 2273 2117; x_wconf 83' lang='lat' dir='ltr'><strong>prolatae</strong></span> <span class='ocrx_word' id='word_1_156' title='bbox 2298 2021 2313 2026; x_wconf 34' lang='lat'>⁸</span> 
     </span>
     <span class='ocr_line' id='line_1_19' title="bbox 165 2133 2334 2218; baseline 0.001 -20"><span class='ocrx_word' id='word_1_157' title='bbox 165 2143 227 2198; x_wconf 88' lang='lat' dir='ltr'><strong>in</strong></span> <span class='ocrx_word' id='word_1_158' title='bbox 265 2143 548 2199; x_wconf 85' lang='lat' dir='ltr'><strong>continua</strong></span> <span class='ocrx_word' id='word_1_159' title='bbox 583 2143 772 2216; x_wconf 85' lang='lat' dir='ltr'><strong>serie,</strong></span> <span class='ocrx_word' id='word_1_160' title='bbox 815 2139 976 2216; x_wconf 86' lang='lat' dir='ltr'><strong>quod</strong></span> <span class='ocrx_word' id='word_1_161' title='bbox 1008 2139 1074 2198; x_wconf 89' lang='lat' dir='ltr'><strong>fit</strong></span> <span class='ocrx_word' id='word_1_162' title='bbox 1100 2139 1244 2198; x_wconf 84' lang='lat' dir='ltr'><strong>dum</strong></span> <span class='ocrx_word' id='word_1_163' title='bbox 1271 2139 1709 2214; x_wconf 83' lang='lat' dir='ltr'><strong>unumquodvis</strong></span> <span class='ocrx_word' id='word_1_164' title='bbox 1734 2143 1990 2200; x_wconf 76' lang='lat' dir='ltr'><strong>seorsim</strong></span> <span class='ocrx_word' id='word_1_165' title='bbox 2018 2145 2271 2218; x_wconf 84' lang='lat' dir='ltr'><strong>exponi·-</strong></span> <span class='ocrx_word' id='word_1_166' title='bbox 2330 2133 2334 2144; x_wconf 86' lang='lat'><em>&#39;</em></span> 
     </span>
    </p>
   </div>
   <div class='ocr_carea' id='block_1_6' title="bbox 51 2234 2273 2316">
    <p class='ocr_par' dir='ltr' id='par_1_7' title="bbox 51 2234 2273 2316">
     <span class='ocr_line' id='line_1_20' title="bbox 51 2234 2273 2316; baseline 0.001 -18"><span class='ocrx_word' id='word_1_167' title='bbox 51 2234 56 2238; x_wconf 78' lang='grc'>’</span> <span class='ocrx_word' id='word_1_168' title='bbox 165 2247 296 2316; x_wconf 82' lang='lat' dir='ltr'><strong>tur,</strong></span> <span class='ocrx_word' id='word_1_169' title='bbox 359 2247 420 2299; x_wconf 73' lang='lat' dir='ltr'><strong>et.</strong></span> <span class='ocrx_word' id='word_1_170' title='bbox 454 2243 660 2300; x_wconf 86' lang='lat' dir='ltr'><strong>sensui</strong></span> <span class='ocrx_word' id='word_1_171' title='bbox 691 2241 936 2316; x_wconf 88' lang='lat' dir='ltr'><strong>literae,</strong></span> <span class='ocrx_word' id='word_1_172' title='bbox 987 2242 1091 2316; x_wconf 84' lang='lat' dir='ltr'><strong>qui</strong></span> <span class='ocrx_word' id='word_1_173' title='bbox 1127 2238 1283 2298; x_wconf 82' lang='lat' dir='ltr'><strong>alius</strong></span> <span class='ocrx_word' id='word_1_174' title='bbox 1319 2245 1437 2314; x_wconf 87' lang='lat' dir='ltr'><strong>est,</strong></span> <span class='ocrx_word' id='word_1_175' title='bbox 1503 2256 1721 2300; x_wconf 88' lang='lat' dir='ltr'><strong>sensus</strong></span> <span class='ocrx_word' id='word_1_176' title='bbox 1756 2245 2023 2301; x_wconf 85' lang='lat' dir='ltr'><strong>internus</strong></span> <span class='ocrx_word' id='word_1_177' title='bbox 2058 2244 2273 2302; x_wconf 84' lang='lat' dir='ltr'><strong>imme·</strong></span> 
     </span>
    </p>
   </div>
   <div class='ocr_carea' id='block_1_7' title="bbox 163 2339 2279 3322">
    <p class='ocr_par' dir='ltr' id='par_1_8' title="bbox 163 2339 2279 3322">
     <span class='ocr_line' id='line_1_21' title="bbox 165 2339 2273 2420; baseline 0 -21"><span class='ocrx_word' id='word_1_178' title='bbox 165 2342 330 2400; x_wconf 79' lang='lat' dir='ltr'><strong>diate</strong></span> <span class='ocrx_word' id='word_1_179' title='bbox 381 2341 776 2415; x_wconf 82' lang='lat' dir='ltr'><strong>submittitur,</strong></span> <span class='ocrx_word' id='word_1_180' title='bbox 829 2347 895 2401; x_wconf 87' lang='lat' dir='ltr'><strong>et</strong></span> <span class='ocrx_word' id='word_1_181' title='bbox 945 2339 1389 2417; x_wconf 80' lang='lat' dir='ltr'><strong>unumquodvis</strong></span> <span class='ocrx_word' id='word_1_182' title='bbox 1427 2347 1738 2418; x_wconf 85' lang='lat' dir='ltr'><strong>spectatur</strong></span> <span class='ocrx_word' id='word_1_183' title='bbox 1782 2343 2145 2420; x_wconf 83' lang='lat' dir='ltr'><strong>separatim:</strong></span> <span class='ocrx_word' id='word_1_184' title='bbox 2210 2349 2273 2408; x_wconf 72' lang='lat' dir='ltr'><strong>at</strong></span> 
     </span>
     <span class='ocr_line' id='line_1_22' title="bbox 163 2441 2276 2517; baseline 0.001 -18"><span class='ocrx_word' id='word_1_185' title='bbox 163 2459 368 2516; x_wconf 85' lang='lat' dir='ltr'><strong>usque</strong></span> <span class='ocrx_word' id='word_1_186' title='bbox 413 2442 653 2498; x_wconf 89' lang='lat' dir='ltr'><strong>nonita</strong></span> <span class='ocrx_word' id='word_1_187' title='bbox 697 2442 762 2499; x_wconf 85' lang='lat' dir='ltr'><strong>fit</strong></span> <span class='ocrx_word' id='word_1_188' title='bbox 809 2441 882 2498; x_wconf 85' lang='lat' dir='ltr'><strong>ab</strong></span> <span class='ocrx_word' id='word_1_189' title='bbox 923 2441 1195 2517; x_wconf 74' lang='lat' dir='ltr'><strong>&#39;angeli8,</strong></span> <span class='ocrx_word' id='word_1_190' title='bbox 1249 2443 1348 2516; x_wconf 88' lang='lat' dir='ltr'><strong>qui</strong></span> <span class='ocrx_word' id='word_1_191' title='bbox 1396 2444 1457 2500; x_wconf 89' lang='lat' dir='ltr'><strong>in</strong></span> <span class='ocrx_word' id='word_1_192' title='bbox 1498 2458 1682 2500; x_wconf 88' lang='lat' dir='ltr'><strong>sensu</strong></span> <span class='ocrx_word' id='word_1_193' title='bbox 1718 2445 1949 2503; x_wconf 79' lang='lat' dir='ltr'><strong>interno</strong></span> <span class='ocrx_word' id='word_1_194' title='bbox 1990 2449 2156 2516; x_wconf 82' lang='lat' dir='ltr'><strong>sunt,</strong></span> <span class='ocrx_word' id='word_1_195' title='bbox 2212 2443 2276 2501; x_wconf 90' lang='lat' dir='ltr'><strong>hi</strong></span> 
     </span>
     <span class='ocr_line' id='line_1_23' title="bbox 164 2540 2277 2618; baseline 0 -20"><span class='ocrx_word' id='word_1_196' title='bbox 164 2559 294 2598; x_wconf 88' lang='lat' dir='ltr'><strong>non</strong></span> <span class='ocrx_word' id='word_1_197' title='bbox 329 2540 536 2598; x_wconf 83' lang='lat' dir='ltr'><strong>vident</strong></span> <span class='ocrx_word' id='word_1_198' title='bbox 569 2557 811 2598; x_wconf 77' lang='lat' dir='ltr'><strong>sensum</strong></span> <span class='ocrx_word' id='word_1_199' title='bbox 855 2540 1099 2613; x_wconf 85' lang='lat' dir='ltr'><strong>literae,</strong></span> <span class='ocrx_word' id='word_1_200' title='bbox 1164 2559 1276 2600; x_wconf 90' lang='lat' dir='ltr'><strong>nec</strong></span> <span class='ocrx_word' id='word_1_201' title='bbox 1328 2544 1528 2600; x_wconf 86' lang='lat' dir='ltr'><strong>sciunt</strong></span> <span class='ocrx_word' id='word_1_202' title='bbox 1574 2543 1798 2618; x_wconf 71' lang='lat' dir='ltr'><strong>aliquid</strong></span> <span class='ocrx_word' id='word_1_203' title='bbox 1851 2543 1925 2600; x_wconf 85' lang='lat' dir='ltr'><strong>de</strong></span> <span class='ocrx_word' id='word_1_204' title='bbox 1971 2541 2107 2615; x_wconf 90' lang='lat' dir='ltr'><strong>illo,</strong></span> <span class='ocrx_word' id='word_1_205' title='bbox 2166 2541 2277 2600; x_wconf 89' lang='lat' dir='ltr'><strong>sed</strong></span> 
     </span>
     <span class='ocr_line' id='line_1_24' title="bbox 163 2640 2276 2718; baseline -0 -18"><span class='ocrx_word' id='word_1_206' title='bbox 163 2640 348 2700; x_wconf 87' lang='lat' dir='ltr'><strong>modo</strong></span> <span class='ocrx_word' id='word_1_207' title='bbox 386 2657 632 2699; x_wconf 83' lang='lat' dir='ltr'><strong>sensum</strong></span> <span class='ocrx_word' id='word_1_208' title='bbox 667 2641 979 2716; x_wconf 79' lang='lat' dir='ltr'><strong>internum,</strong></span> <span class='ocrx_word' id='word_1_209' title='bbox 1020 2659 1195 2717; x_wconf 89' lang='lat' dir='ltr'><strong>quem</strong></span> <span class='ocrx_word' id='word_1_210' title='bbox 1233 2644 1381 2718; x_wconf 78' lang='lat' dir='ltr'><strong>quia</strong></span> <span class='ocrx_word' id='word_1_211' title='bbox 1411 2643 1615 2700; x_wconf 87' lang='lat' dir='ltr'><strong>vident</strong></span> <span class='ocrx_word' id='word_1_212' title='bbox 1650 2645 1710 2698; x_wconf 90' lang='lat' dir='ltr'><strong>in</strong></span> <span class='ocrx_word' id='word_1_213' title='bbox 1744 2641 1879 2700; x_wconf 84' lang='lat' dir='ltr'><strong>luce</strong></span> <span class='ocrx_word' id='word_1_214' title='bbox 1918 2641 2097 2715; x_wconf 86' lang='lat' dir='ltr'><strong>coeli,</strong></span> <span class='ocrx_word' id='word_1_215' title='bbox 2138 2658 2276 2714; x_wconf 83' lang='lat' dir='ltr'><strong>eum</strong></span> 
     </span>
     <span class='ocr_line' id='line_1_25' title="bbox 164 2741 2273 2820; baseline 0 -22"><span class='ocrx_word' id='word_1_216' title='bbox 164 2743 378 2801; x_wconf 81' lang='lat' dir='ltr'><strong>vident</strong></span> <span class='ocrx_word' id='word_1_217' title='bbox 412 2744 470 2800; x_wconf 90' lang='lat' dir='ltr'><strong>in</strong></span> <span class='ocrx_word' id='word_1_218' title='bbox 512 2741 616 2800; x_wconf 84' lang='lat' dir='ltr'><strong>tali</strong></span> <span class='ocrx_word' id='word_1_219' title='bbox 653 2743 841 2818; x_wconf 87' lang='lat' dir='ltr'><strong>serie,</strong></span> <span class='ocrx_word' id='word_1_220' title='bbox 899 2749 960 2801; x_wconf 86' lang='lat' dir='ltr'><strong>et</strong></span> <span class='ocrx_word' id='word_1_221' title='bbox 993 2744 1055 2800; x_wconf 88' lang='lat' dir='ltr'><strong>in</strong></span> <span class='ocrx_word' id='word_1_222' title='bbox 1080 2742 1198 2802; x_wconf 81' lang='lat' dir='ltr'><strong>tali</strong></span> <span class='ocrx_word' id='word_1_223' title='bbox 1231 2759 1417 2816; x_wconf 81' lang='lat' dir='ltr'><strong>nexu,</strong></span> <span class='ocrx_word' id='word_1_224' title='bbox 1459 2751 1519 2802; x_wconf 89' lang='lat' dir='ltr'><strong>et</strong></span> <span class='ocrx_word' id='word_1_225' title='bbox 1562 2759 1800 2820; x_wconf 85' lang='lat' dir='ltr'><strong>quoque</strong></span> <span class='ocrx_word' id='word_1_226' title='bbox 1834 2744 1896 2800; x_wconf 89' lang='lat' dir='ltr'><strong>in</strong></span> <span class='ocrx_word' id='word_1_227' title='bbox 1930 2741 2037 2802; x_wconf 85' lang='lat' dir='ltr'><strong>tali</strong></span> <span class='ocrx_word' id='word_1_228' title='bbox 2080 2743 2273 2818; x_wconf 84' lang='lat' dir='ltr'><strong>copia,</strong></span> 
     </span>
     <span class='ocr_line' id='line_1_26' title="bbox 170 2841 2279 2919; baseline 0 -18"><span class='ocrx_word' id='word_1_229' title='bbox 170 2849 235 2901; x_wconf 90' lang='lat' dir='ltr'><strong>et</strong></span> <span class='ocrx_word' id='word_1_230' title='bbox 277 2843 417 2902; x_wconf 88' lang='lat' dir='ltr'><strong>inde</strong></span> <span class='ocrx_word' id='word_1_231' title='bbox 454 2845 515 2900; x_wconf 89' lang='lat' dir='ltr'><strong>in</strong></span> <span class='ocrx_word' id='word_1_232' title='bbox 564 2841 672 2901; x_wconf 83' lang='lat' dir='ltr'><strong>tali</strong></span> <span class='ocrx_word' id='word_1_233' title='bbox 707 2844 1032 2918; x_wconf 79' lang='lat' dir='ltr'><strong>sapientia,</strong></span> <span class='ocrx_word' id='word_1_234' title='bbox 1073 2851 1141 2901; x_wconf 83' lang='lat' dir='ltr'><strong>ut</strong></span> <span class='ocrx_word' id='word_1_235' title='bbox 1175 2859 1292 2901; x_wconf 87' lang='lat' dir='ltr'><strong>non</strong></span> <span class='ocrx_word' id='word_1_236' title='bbox 1329 2846 1581 2919; x_wconf 85' lang='lat' dir='ltr'><strong>exprimi</strong></span> <span class='ocrx_word' id='word_1_237' title='bbox 1615 2843 1891 2902; x_wconf 83' lang='lat' dir='ltr'><strong>humanis</strong></span> <span class='ocrx_word' id='word_1_238' title='bbox 1927 2842 2179 2902; x_wconf 81' lang='lat' dir='ltr'><strong>vocibus</strong></span> <span class='ocrx_word' id='word_1_239' title='bbox 2216 2849 2279 2902; x_wconf 83' lang='lat' dir='ltr'><strong>et</strong></span> 
     </span>
     <span class='ocr_line' id='line_1_27' title="bbox 166 2939 2277 3022; baseline 0.002 -22"><span class='ocrx_word' id='word_1_240' title='bbox 166 2942 434 3002; x_wconf 82' lang='lat' dir='ltr'><strong>describi</strong></span> <span class='ocrx_word' id='word_1_241' title='bbox 459 2945 671 3019; x_wconf 86' lang='lat' dir='ltr'><strong>possit3</strong></span> <span class='ocrx_word' id='word_1_242' title='bbox 706 2943 882 3002; x_wconf 83' lang='lat' dir='ltr'><strong>ideae</strong></span> <span class='ocrx_word' id='word_1_243' title='bbox 918 2939 1305 3020; x_wconf 86' lang='lat' dir='ltr'><strong>Angelorum,</strong></span> <span class='ocrx_word' id='word_1_244' title='bbox 1346 2962 1503 3020; x_wconf 87' lang='lat' dir='ltr'><strong>quae</strong></span> <span class='ocrx_word' id='word_1_245' title='bbox 1529 2952 1670 3003; x_wconf 87' lang='lat' dir='ltr'><strong>sunt</strong></span> <span class='ocrx_word' id='word_1_246' title='bbox 1696 2943 2057 3022; x_wconf 81' lang='lat' dir='ltr'><strong>spirituales,</strong></span> <span class='ocrx_word' id='word_1_247' title='bbox 2094 2946 2277 3004; x_wconf 82' lang='lat' dir='ltr'><strong>etiam</strong></span> 
     </span>
     <span class='ocr_line' id='line_1_28' title="bbox 171 3040 2272 3122; baseline 0.001 -21"><span class='ocrx_word' id='word_1_248' title='bbox 171 3043 431 3102; x_wconf 84' lang='lat' dir='ltr'><strong>mirabili</strong></span> <span class='ocrx_word' id='word_1_249' title='bbox 481 3043 656 3103; x_wconf 84' lang='lat' dir='ltr'><strong>modo</strong></span> <span class='ocrx_word' id='word_1_250' title='bbox 719 3045 1088 3122; x_wconf 85' lang='lat' dir='ltr'><strong>conjungunt</strong></span> <span class='ocrx_word' id='word_1_251' title='bbox 1133 3047 1362 3116; x_wconf 88' lang='lat' dir='ltr'><strong>omnia,</strong></span> <span class='ocrx_word' id='word_1_252' title='bbox 1416 3053 1475 3104; x_wconf 85' lang='lat' dir='ltr'><strong>et</strong></span> <span class='ocrx_word' id='word_1_253' title='bbox 1522 3040 2033 3122; x_wconf 66' lang='lat' dir='ltr'><strong>comprehendunt</strong></span> <span class='ocrx_word' id='word_1_254' title='bbox 2079 3045 2272 3122; x_wconf 85' lang='lat' dir='ltr'><strong>plura,</strong></span> 
     </span>
     <span class='ocr_line' id='line_1_29' title="bbox 165 3143 2275 3224; baseline 0 -22"><span class='ocrx_word' id='word_1_255' title='bbox 165 3161 356 3219; x_wconf 87' lang='lat' dir='ltr'><strong>quam</strong></span> <span class='ocrx_word' id='word_1_256' title='bbox 389 3143 562 3202; x_wconf 87' lang='lat' dir='ltr'><strong>homo</strong></span> <span class='ocrx_word' id='word_1_257' title='bbox 595 3151 798 3220; x_wconf 82' lang='lat' dir='ltr'><strong>potest</strong></span> <span class='ocrx_word' id='word_1_258' title='bbox 831 3145 1033 3221; x_wconf 84' lang='lat' dir='ltr'><strong>quoad</strong></span> <span class='ocrx_word' id='word_1_259' title='bbox 1067 3145 1441 3212; x_wconf 84' lang='lat' dir='ltr'><strong>millesimam</strong></span> <span class='ocrx_word' id='word_1_260' title='bbox 1477 3153 1712 3224; x_wconf 83' lang='lat' dir='ltr'><strong>partem</strong></span> <span class='ocrx_word' id='word_1_261' title='bbox 1748 3149 1873 3205; x_wconf 83' lang='lat' dir='ltr'><strong>suis</strong></span> <span class='ocrx_word' id='word_1_262' title='bbox 1908 3147 2081 3222; x_wconf 79' lang='lat' dir='ltr'><strong>ideis,</strong></span> <span class='ocrx_word' id='word_1_263' title='bbox 2122 3163 2275 3222; x_wconf 86' lang='lat' dir='ltr'><strong>quae</strong></span> 
     </span>
     <span class='ocr_line' id='line_1_30' title="bbox 164 3244 1363 3322; baseline 0.002 -20"><span class='ocrx_word' id='word_1_264' title='bbox 164 3249 312 3303; x_wconf 85' lang='lat' dir='ltr'><strong>sunt</strong></span> <span class='ocrx_word' id='word_1_265' title='bbox 348 3244 650 3303; x_wconf 84' lang='lat' dir='ltr'><strong>naturales</strong></span> <span class='ocrx_word' id='word_1_266' title='bbox 663 3290 680 3322; x_wconf 91' lang='lat'><strong>,</strong></span> <span class='ocrx_word' id='word_1_267' title='bbox 721 3246 1042 3322; x_wconf 87' lang='lat' dir='ltr'><strong>complecti</strong></span> <span class='ocrx_word' id='word_1_268' title='bbox 1077 3253 1139 3304; x_wconf 84' lang='lat' dir='ltr'><strong>et</strong></span> <span class='ocrx_word' id='word_1_269' title='bbox 1175 3245 1363 3304; x_wconf 84' lang='lat' dir='ltr'><strong>effari.</strong></span> 
     </span>
    </p>
   </div>
   <div class='ocr_carea' id='block_1_8' title="bbox 329 3344 2281 3426">
    <p class='ocr_par' dir='ltr' id='par_1_9' title="bbox 329 3344 2281 3426">
     <span class='ocr_line' id='line_1_31' title="bbox 329 3344 2281 3426; baseline 0.002 -24"><span class='ocrx_word' id='word_1_270' title='bbox 329 3347 439 3402; x_wconf 90' lang='grc'><strong>18.</strong></span> <span class='ocrx_word' id='word_1_271' title='bbox 507 3345 685 3404; x_wconf 86' lang='lat' dir='ltr'><strong>Vers:</strong></span> <span class='ocrx_word' id='word_1_272' title='bbox 725 3349 786 3404; x_wconf 80' lang='lat'><strong>4.</strong></span> <span class='ocrx_word' id='word_1_273' title='bbox 827 3348 883 3406; x_wconf 86' lang='lat'><strong>5.</strong></span> <span class='ocrx_word' id='word_1_274' title='bbox 931 3348 990 3405; x_wconf 88' lang='grc'><strong>6.</strong></span> <span class='ocrx_word' id='word_1_275' title='bbox 1069 3344 1397 3406; x_wconf 72' lang='lat' dir='ltr'><strong>Johannes</strong></span> <span class='ocrx_word' id='word_1_276' title='bbox 1440 3351 1674 3426; x_wconf 78' lang='lat' dir='ltr'><strong>septem</strong></span> <span class='ocrx_word' id='word_1_277' title='bbox 1720 3344 2067 3417; x_wconf 70' lang='lat' dir='ltr'><strong>Ecclesiis,</strong></span> <span class='ocrx_word' id='word_1_278' title='bbox 2120 3363 2281 3424; x_wconf 73' lang='lat' dir='ltr'><strong>quae</strong></span> 
     </span>
    </p>
   </div>
   <div class='ocr_carea' id='block_1_9' title="bbox 49 3442 2280 3528">
    <p class='ocr_par' dir='ltr' id='par_1_10' title="bbox 49 3442 2280 3528">
     <span class='ocr_line' id='line_1_32' title="bbox 49 3442 2280 3528; baseline -0 -24"><span class='ocrx_word' id='word_1_279' title='bbox 49 3442 57 3454; x_wconf 93' lang='lat'>&#39;</span> <span class='ocrx_word' id='word_1_280' title='bbox 164 3443 235 3504; x_wconf 80' lang='lat' dir='ltr'><strong>in</strong></span> <span class='ocrx_word' id='word_1_281' title='bbox 281 3444 492 3506; x_wconf 69' lang='lat' dir='ltr'><strong>Asia:</strong></span> <span class='ocrx_word' id='word_1_282' title='bbox 543 3446 769 3524; x_wconf 66' lang='lat' dir='ltr'><strong>qratia</strong></span> <span class='ocrx_word' id='word_1_283' title='bbox 815 3445 990 3506; x_wconf 67' lang='lat' dir='ltr'><strong>vobis</strong></span> <span class='ocrx_word' id='word_1_284' title='bbox 1024 3451 1084 3506; x_wconf 76' lang='lat' dir='ltr'><strong>et</strong></span> <span class='ocrx_word' id='word_1_285' title='bbox 1125 3465 1269 3526; x_wconf 73' lang='lat' dir='ltr'><strong>pace</strong></span> <span class='ocrx_word' id='word_1_286' title='bbox 1315 3448 1395 3507; x_wconf 82' lang='lat' dir='ltr'><strong>ab</strong></span> <span class='ocrx_word' id='word_1_287' title='bbox 1443 3446 1597 3528; x_wconf 72' lang='lat' dir='ltr'><strong>Ipso</strong></span> <span class='ocrx_word' id='word_1_288' title='bbox 1639 3447 1774 3523; x_wconf 77' lang='lat' dir='ltr'><strong>Qui</strong></span> <span class='ocrx_word' id='word_1_289' title='bbox 1806 3447 1973 3523; x_wconf 76' lang='lat' dir='ltr'><strong>Est,</strong></span> <span class='ocrx_word' id='word_1_290' title='bbox 2027 3451 2087 3505; x_wconf 79' lang='lat' dir='ltr'><strong>et</strong></span> <span class='ocrx_word' id='word_1_291' title='bbox 2144 3442 2280 3520; x_wconf 75' lang='lat' dir='ltr'><strong>Qui</strong></span> 
     </span>
    </p>
   </div>
   <div class='ocr_carea' id='block_1_10' title="bbox 163 3543 2281 3728">
    <p class='ocr_par' dir='ltr' id='par_1_11' title="bbox 163 3543 2281 3728">
     <span class='ocr_line' id='line_1_33' title="bbox 163 3543 2279 3627; baseline -0.001 -24"><span class='ocrx_word' id='word_1_292' title='bbox 163 3543 359 3621; x_wconf 75' lang='lat' dir='ltr'><strong>Fuit,</strong></span> <span class='ocrx_word' id='word_1_293' title='bbox 419 3552 478 3606; x_wconf 78' lang='lat' dir='ltr'><strong>et</strong></span> <span class='ocrx_word' id='word_1_294' title='bbox 519 3545 654 3622; x_wconf 74' lang='lat' dir='ltr'><strong>Qui</strong></span> <span class='ocrx_word' id='word_1_295' title='bbox 701 3545 1056 3610; x_wconf 67' lang='lat' dir='ltr'><strong>Ventura-s:</strong></span> <span class='ocrx_word' id='word_1_296' title='bbox 1103 3552 1164 3606; x_wconf 78' lang='lat' dir='ltr'><strong>et</strong></span> <span class='ocrx_word' id='word_1_297' title='bbox 1197 3567 1242 3607; x_wconf 78' lang='lat' dir='ltr'><strong><em>a</em></strong></span> <span class='ocrx_word' id='word_1_298' title='bbox 1275 3553 1510 3627; x_wconf 70' lang='lat' dir='ltr'><strong>septem</strong></span> <span class='ocrx_word' id='word_1_299' title='bbox 1552 3547 1928 3627; x_wconf 70' lang='lat' dir='ltr'><strong>spiritibus,</strong></span> <span class='ocrx_word' id='word_1_300' title='bbox 1981 3543 2095 3624; x_wconf 74' lang='lat' dir='ltr'><strong>qai</strong></span> <span class='ocrx_word' id='word_1_301' title='bbox 2128 3548 2279 3604; x_wconf 74' lang='lat' dir='ltr'><strong>sunt</strong></span> 
     </span>
     <span class='ocr_line' id='line_1_34' title="bbox 166 3643 2281 3728; baseline -0.002 -23"><span class='ocrx_word' id='word_1_302' title='bbox 166 3643 236 3705; x_wconf 67' lang='lat' dir='ltr'><strong>in</strong></span> <span class='ocrx_word' id='word_1_303' title='bbox 284 3652 616 3726; x_wconf 67' lang='lat' dir='ltr'><strong>conspeetu</strong></span> <span class='ocrx_word' id='word_1_304' title='bbox 674 3646 921 3708; x_wconf 75' lang='lat' dir='ltr'><strong>Throm·</strong></span> <span class='ocrx_word' id='word_1_305' title='bbox 977 3646 1220 3728; x_wconf 69' lang='lat' dir='ltr'><strong>Ipsius.</strong></span> <span class='ocrx_word' id='word_1_306' title='bbox 1309 3647 1408 3709; x_wconf 79' lang='lat' dir='ltr'><strong>Et</strong></span> <span class='ocrx_word' id='word_1_307' title='bbox 1464 3667 1506 3708; x_wconf 83' lang='lat' dir='ltr'><strong><em>a</em></strong></span> <span class='ocrx_word' id='word_1_308' title='bbox 1569 3645 1730 3708; x_wconf 74' lang='lat' dir='ltr'><strong>Jesu</strong></span> <span class='ocrx_word' id='word_1_309' title='bbox 1786 3643 2042 3706; x_wconf 69' lang='lat' dir='ltr'><strong>Christo</strong></span> <span class='ocrx_word' id='word_1_310' title='bbox 2056 3689 2073 3719; x_wconf 91' lang='lat'><strong>,</strong></span> <span class='ocrx_word' id='word_1_311' title='bbox 2128 3643 2281 3722; x_wconf 73' lang='lat' dir='ltr'><strong>Ipse</strong></span> 
     </span>
    </p>
   </div>
   <div class='ocr_carea' id='block_1_11' title="bbox 77 3742 2279 3828">
    <p class='ocr_par' dir='ltr' id='par_1_12' title="bbox 77 3742 2279 3828">
     <span class='ocr_line' id='line_1_35' title="bbox 77 3742 2279 3828; baseline -0.003 -20"><span class='ocrx_word' id='word_1_312' title='bbox 77 3803 82 3808; x_wconf 90' lang='lat'><em>.</em></span> <span class='ocrx_word' id='word_1_313' title='bbox 173 3743 388 3806; x_wconf 65' lang='lat' dir='ltr'><strong>Testes</strong></span> <span class='ocrx_word' id='word_1_314' title='bbox 437 3745 660 3828; x_wconf 75' lang='lat' dir='ltr'><strong>fidelis</strong></span> <span class='ocrx_word' id='word_1_315' title='bbox 673 3793 688 3822; x_wconf 90' lang='lat'><strong>,</strong></span> <span class='ocrx_word' id='word_1_316' title='bbox 758 3747 908 3827; x_wconf 77' lang='lat' dir='ltr'><strong>Ipse</strong></span> <span class='ocrx_word' id='word_1_317' title='bbox 959 3747 1446 3828; x_wconf 61' lang='lat' dir='ltr'><strong>Rimoyenitus</strong></span> <span class='ocrx_word' id='word_1_318' title='bbox 1508 3765 1589 3808; x_wconf 73' lang='lat' dir='ltr'><strong>em</strong></span> <span class='ocrx_word' id='word_1_319' title='bbox 1643 3745 1945 3820; x_wconf 75' lang='lat' dir='ltr'><strong>mortuis,</strong></span> <span class='ocrx_word' id='word_1_320' title='bbox 2019 3748 2079 3803; x_wconf 80' lang='lat' dir='ltr'><strong>et</strong></span> <span class='ocrx_word' id='word_1_321' title='bbox 2128 3742 2279 3824; x_wconf 73' lang='lat' dir='ltr'><strong>Ipse</strong></span> 
     </span>
    </p>
   </div>
   <div class='ocr_carea' id='block_1_12' title="bbox 161 3826 2281 4423">
    <p class='ocr_par' dir='ltr' id='par_1_13' title="bbox 161 3826 2281 4423">
     <span class='ocr_line' id='line_1_36' title="bbox 167 3826 2281 3929; baseline -0.001 -21"><span class='ocrx_word' id='word_1_322' title='bbox 167 3843 478 3927; x_wconf 75' lang='lat' dir='ltr'><strong>Princeps</strong></span> <span class='ocrx_word' id='word_1_323' title='bbox 525 3867 750 3929; x_wconf 71' lang='lat' dir='ltr'><strong>reyum</strong></span> <span class='ocrx_word' id='word_1_324' title='bbox 797 3826 1002 3911; x_wconf 52' lang='lat' dir='ltr'><strong>&amp;rme</strong></span> <span class='ocrx_word' id='word_1_325' title='bbox 1013 3869 1042 3921; x_wconf 92' lang='lat'><em>;</em></span> <span class='ocrx_word' id='word_1_326' title='bbox 1116 3841 1367 3910; x_wconf 59' lang='lat' dir='ltr'><strong>amanti</strong></span> <span class='ocrx_word' id='word_1_327' title='bbox 1426 3866 1574 3919; x_wconf 68' lang='lat' dir='ltr'><strong>noe,</strong></span> <span class='ocrx_word' id='word_1_328' title='bbox 1634 3853 1697 3906; x_wconf 79' lang='lat' dir='ltr'><strong>et</strong></span> <span class='ocrx_word' id='word_1_329' title='bbox 1753 3844 2003 3908; x_wconf 72' lang='lat' dir='ltr'><strong>lavanti</strong></span> <span class='ocrx_word' id='word_1_330' title='bbox 2061 3863 2177 3906; x_wconf 81' lang='lat' dir='ltr'><strong>nos</strong></span> <span class='ocrx_word' id='word_1_331' title='bbox 2234 3864 2281 3905; x_wconf 82' lang='lat' dir='ltr'><strong><em>a</em></strong></span> 
     </span>
     <span class='ocr_line' id='line_1_37' title="bbox 161 3945 2279 4030; baseline 0 -25"><span class='ocrx_word' id='word_1_332' title='bbox 161 3948 439 4023; x_wconf 74' lang='lat' dir='ltr'><strong>peccatis</strong></span> <span class='ocrx_word' id='word_1_333' title='bbox 485 3948 728 4011; x_wconf 66' lang='lat' dir='ltr'><strong>nostris</strong></span> <span class='ocrx_word' id='word_1_334' title='bbox 781 3948 852 4010; x_wconf 77' lang='lat' dir='ltr'><strong>in</strong></span> <span class='ocrx_word' id='word_1_335' title='bbox 901 3950 1214 4030; x_wconf 67' lang='lat' dir='ltr'><strong>sanquine</strong></span> <span class='ocrx_word' id='word_1_336' title='bbox 1267 3969 1399 4011; x_wconf 70' lang='lat' dir='ltr'><strong>sue.</strong></span> <span class='ocrx_word' id='word_1_337' title='bbox 1490 3945 1587 4009; x_wconf 70' lang='lat' dir='ltr'><strong>Bt</strong></span> <span class='ocrx_word' id='word_1_338' title='bbox 1620 3947 1785 4029; x_wconf 76' lang='lat' dir='ltr'><strong>feeit</strong></span> <span class='ocrx_word' id='word_1_339' title='bbox 1829 3965 1945 4007; x_wconf 77' lang='lat' dir='ltr'><strong>nos</strong></span> <span class='ocrx_word' id='word_1_340' title='bbox 1992 3967 2173 4028; x_wconf 72' lang='lat' dir='ltr'><strong>reyes</strong></span> <span class='ocrx_word' id='word_1_341' title='bbox 2218 3951 2279 4006; x_wconf 69' lang='lat' dir='ltr'><strong>et</strong></span> 
     </span>
     <span class='ocr_line' id='line_1_38' title="bbox 171 4039 2281 4130; baseline 0.001 -27"><span class='ocrx_word' id='word_1_342' title='bbox 171 4047 524 4109; x_wconf 67' lang='lat' dir='ltr'><strong>sacerdotes</strong></span> <span class='ocrx_word' id='word_1_343' title='bbox 573 4049 720 4110; x_wconf 88' lang='lat' dir='ltr'><strong>Deo</strong></span> <span class='ocrx_word' id='word_1_344' title='bbox 771 4055 832 4109; x_wconf 82' lang='lat' dir='ltr'><strong>et</strong></span> <span class='ocrx_word' id='word_1_345' title='bbox 890 4050 1088 4112; x_wconf 78' lang='lat' dir='ltr'><strong>Patri</strong></span> <span class='ocrx_word' id='word_1_346' title='bbox 1147 4071 1262 4112; x_wconf 75' lang='lat' dir='ltr'><strong>suo</strong></span> <span class='ocrx_word' id='word_1_347' title='bbox 1273 4071 1302 4123; x_wconf 90' lang='lat'><strong>,·</strong></span> <span class='ocrx_word' id='word_1_348' title='bbox 1372 4048 1519 4130; x_wconf 71' lang='lat' dir='ltr'><strong>Ipsi</strong></span> <span class='ocrx_word' id='word_1_349' title='bbox 1575 4045 1793 4129; x_wconf 72' lang='lat' dir='ltr'><strong>yloria</strong></span> <span class='ocrx_word' id='word_1_350' title='bbox 1844 4052 1905 4108; x_wconf 75' lang='lat' dir='ltr'><strong>et</strong></span> <span class='ocrx_word' id='word_1_351' title='bbox 1961 4039 2153 4110; x_wconf 69' lang='lat' dir='ltr'><strong>robur</strong></span> <span class='ocrx_word' id='word_1_352' title='bbox 2208 4047 2281 4106; x_wconf 72' lang='lat' dir='ltr'><strong>in</strong></span> 
     </span>
     <span class='ocr_line' id='line_1_39' title="bbox 171 4146 2281 4228; baseline 0 -25"><span class='ocrx_word' id='word_1_353' title='bbox 171 4146 425 4210; x_wconf 67' lang='lat' dir='ltr'><strong>saecula</strong></span> <span class='ocrx_word' id='word_1_354' title='bbox 472 4149 904 4212; x_wconf 68' lang='lat' dir='ltr'><strong>saeculorum.-</strong></span> <span class='ocrx_word' id='word_1_355' title='bbox 965 4172 1163 4212; x_wconf 77' lang='lat' dir='ltr'><strong>amen.</strong></span> <span class='ocrx_word' id='word_1_356' title='bbox 1232 4152 1577 4220; x_wconf 77' lang='lat' dir='ltr'><strong>Johannes‚</strong></span> <span class='ocrx_word' id='word_1_357' title='bbox 1627 4151 1925 4228; x_wconf 83' lang='lat' dir='ltr'><strong>significat</strong></span> <span class='ocrx_word' id='word_1_358' title='bbox 1956 4151 2281 4209; x_wconf 89' lang='lat' dir='ltr'><strong>Dominum</strong></span> 
     </span>
     <span class='ocr_line' id='line_1_40' title="bbox 176 4247 2279 4330; baseline -0 -26"><span class='ocrx_word' id='word_1_359' title='bbox 176 4249 367 4321; x_wconf 85' lang='lat' dir='ltr'><strong>quoad</strong></span> <span class='ocrx_word' id='word_1_360' title='bbox 403 4251 764 4312; x_wconf 85' lang='lat' dir='ltr'><strong>doctrinam:</strong></span> <span class='ocrx_word' id='word_1_361' title='bbox 821 4259 1055 4330; x_wconf 83' lang='lat' dir='ltr'><strong>septem</strong></span> <span class='ocrx_word' id='word_1_362' title='bbox 1089 4253 1413 4323; x_wconf 75' lang='lat' dir='ltr'><strong>EcclesiiS,</strong></span> <span class='ocrx_word' id='word_1_363' title='bbox 1466 4252 1762 4328; x_wconf 86' lang='lat' dir='ltr'><strong>significat</strong></span> <span class='ocrx_word' id='word_1_364' title='bbox 1797 4251 1875 4310; x_wconf 90' lang='lat' dir='ltr'><strong>ad</strong></span> <span class='ocrx_word' id='word_1_365' title='bbox 1910 4267 2115 4311; x_wconf 83' lang='lat' dir='ltr'><strong>omnes</strong></span> <span class='ocrx_word' id='word_1_366' title='bbox 2144 4247 2279 4306; x_wconf 80' lang='lat' dir='ltr'><strong>illos</strong></span> 
     </span>
     <span class='ocr_line' id='line_1_41' title="bbox 274 4339 2057 4423; baseline 0.002 -18"><span class='ocrx_word' id='word_1_367' title='bbox 274 4339 698 4422; x_wconf 45' lang='lat' dir='ltr'><strong>swa-leubo&#39;rg,</strong></span> <span class='ocrx_word' id='word_1_368' title='bbox 745 4369 932 4423; x_wconf 75' lang='lat' dir='ltr'><strong>Apoeal.</strong></span> <span class='ocrx_word' id='word_1_369' title='bbox 964 4370 1076 4422; x_wconf 73' lang='lat' dir='ltr'><strong>expl.</strong></span> <span class='ocrx_word' id='word_1_370' title='bbox 1111 4371 1146 4408; x_wconf 84' lang='lat'><strong>1.</strong></span> <span class='ocrx_word' id='word_1_371' title='bbox 1835 4360 1841 4371; x_wconf 83' lang='lat'>&#39;</span> <span class='ocrx_word' id='word_1_372' title='bbox 1909 4356 1945 4409; x_wconf 69' lang='lat'><strong>2</strong></span> <span class='ocrx_word' id='word_1_373' title='bbox 2051 4343 2057 4350; x_wconf 23' lang='grc' dir='ltr'>ἱ</span> 
     </span>
    </p>
   </div>
  </div>
 </body>
</html>
