2700 4792
31 7 94 444 J
253 359 528 418 GAPUT
585 355 952 425 QUARTUM.
1724 360 1934 418 VERS=
1978 374 2033 426 6.
2188 370 2297 426 459

125 523 404 584 Thr-oni
415 565 436 597 ,
492 518 652 595 quod
697 519 776 576 sit
826 517 1212 594 apparentia3
1267 533 1342 576 ex
1390 517 1821 594 significatione
1866 519 2083 594 Maris,
2138 520 2297 598 quod

119 625 266 683 sint
315 621 674 682 communia
709 619 858 692 veri,
897 616 972 676 de
1011 633 1132 693 qua
1165 618 1467 694 sequitur3
1524 634 1597 677 ex
1634 619 2065 696 significatione
2104 623 2296 696 vitrei,

119 723 324 802 quod
363 723 452 781 sit
487 719 886 796 pellucentia3
937 715 1154 776 dicitur
1189 721 1370 777 etiam
1406 718 1597 778 simile
1634 718 1951 795 Crystall0‚
1989 728 2057 779 ut
2090 723 2296 798 expri-

117 832 362 884 matur
405 820 779 898 pellucentia
815 835 890 877 ex
923 817 1148 876 influxu
1182 817 1385 878 Divini
1414 817 1562 878 Veri
1594 821 1741 878 uniti
1777 819 1993 879 Divino
2027 819 2197 880 Bono
2236 824 2299 882 in

119 926 410 1003 primis,
471 922 574 996 qui
627 917 996 996 significatur
1041 933 1156 993 per
1199 925 1433 995 septem
1466 919 1781 995 lampadas
1826 921 1979 996 ignis
2015 921 2297 982 ardentes

121 1042 372 1084 eoram
415 1021 696 1090 Throno‚
745 1025 812 1077 ut
845 1037 985 1078 mox
1019 1033 1208 1094 supra
1239 1035 1310 1078 n:
1355 1022 1495 1078 274
1534 1025 1841 1079 ostensum
1878 1027 1988 1079 est.
2040 1019 2293 1080 Descri-

119 1126 324 1184 bitur
381 1125 448 1180 in
499 1118 1002 1196 praecedentibus
1049 1135 1246 1194 usque
1295 1119 1373 1177 ad
1407 1118 1559 1180 haec
1596 1125 1791 1179 status
1828 1123 2092 1181 universi
2128 1120 2299 1182 Coeli

123 1224 438 1284 ordinati
473 1221 552 1280 ad
585 1219 919 1294 Judicium,
975 1235 1048 1278 ac
1083 1218 1355 1278 ultimum
1404 1220 1535 1297 ejus
1570 1236 1682 1297 per
1714 1220 1883 1280 Mare
1918 1224 2171 1282 vitreum
2206 1225 2294 1283 si-

128 1325 308 1384 mile
347 1320 677 1398 crystallo:
733 1320 892 1396 quod
919 1322 998 1380 sit
1031 1318 1261 1378 Verum
1297 1318 1507 1380 Ultimi
1542 1320 1738 1390 Coeli,
1792 1322 1949 1397 quod
1982 1340 2094 1398 per
2126 1323 2294 1382 Mare

131 1424 458 1484 Viti-eum
495 1421 884 1498 significatur,
942 1427 1036 1480 est
1069 1422 1212 1496 quia
1244 1419 1413 1480 Mare
1448 1420 1742 1498 significat
1776 1424 2111 1482 communia
2143 1425 2291 1496 veri,

137 1523 362 1600 quale
398 1539 610 1581 verum
647 1527 742 1580 est
773 1523 836 1579 in
869 1521 1092 1580 ultimis
1130 1519 1328 1591 Coeli,
1382 1528 1441 1580 et
1475 1521 1637 1597 apud
1667 1520 1965 1579 hominem
2017 1522 2074 1578 in
2110 1527 2291 1580 natu-

137 1625 283 1684 rali
329 1623 612 1694 homine,
665 1620 824 1698 quod
878 1620 1107 1681 Verum
1157 1620 1551 1681 scientificum
1601 1628 1875 1695 vocatur3
1930 1621 2089 1702 quod
2124 1621 2293 1680 Mare

141 1725 274 1784 illa
309 1723 640 1800 significet,
697 1728 790 1781 est
823 1723 963 1797 quia
1006 1722 1067 1781 in
1101 1725 1250 1782 mari
1299 1728 1393 1780 est
1438 1724 1819 1800 congregatio
1857 1738 2176 1799 aquarum,
2234 1729 2297 1782 et

143 1843 284 1901 per
314 1840 510 1900 aquas
573 1821 980 1898 significantur
1039 1839 1216 1893 vera,
1280 1822 1556 1890 videatur
1588 1839 1775 1900 supra
1808 1841 1879 1882 n:
1925 1826 2033 1882 71.
2116 1823 2293 1899 Quod

151 1926 342 1984 Mare
377 1924 486 1984 illa
517 1923 828 2000 significet,
869 1927 1102 1982 constat
1137 1939 1174 1980 a
1197 1923 1471 1999 pluribus
1507 1922 1655 1983 locis
1690 1925 1749 1982 in
1777 1924 1999 1998 Verbo,
2040 1941 2291 1999 quorum

159 2025 444 2102 aliquam
495 2024 728 2101 copiam
787 2021 924 2082 volo
960 2022 1289 2097 adducere3
1341 2023 1505 2099 apud
1539 2024 1783 2101 Esajam
1844 2068 1882 2097 „
1906 2021 2297 2086 Concludam
2378 2035 2389 2042 '

160 2124 534 2205 Aeyyptios
571 2122 646 2190 in
672 2141 933 2184 manum
957 2122 1240 2184 Domini
1264 2122 1435 2196 duri,
1477 2126 1538 2180 et
1570 2142 1687 2183 rem
1723 2124 2040 2185 vehemens
2080 2123 2291 2186 domi-

160 2224 434 2286 nabitur
480 2224 551 2285 in
588 2241 693 2283 eos
706 2244 736 2296 ,·
805 2227 955 2284 tunc
1007 2222 1296 2304 deficient
1343 2240 1545 2300 aquae
1594 2241 1638 2282 a
1682 2224 1881 2298 mari,
1950 2228 2009 2282 et
2035 2223 2289 2301 fluvius

174 2325 600 2386 emico-abitur
624 2329 684 2384 et
708 2327 1069 2384 emaresoet“
1122 2323 1308 2383 XIX:
1353 2325 1411 2380 4.
1460 2323 1525 2396 53
1578 2340 1691 2398 per
1724 2325 2059 2400 Aegyptios
2096 2327 2283 2402 signi-

185 2421 438 2481 ficantur
459 2427 735 2485 scientiae
763 2441 919 2502 quae
947 2424 1236 2483 naturalis
1261 2424 1551 2497 hominis;
1588 2440 1700 2498 per
1726 2423 2043 2482 Dominum
2078 2424 2290 2484 durum

179 2524 246 2580 in
287 2522 460 2599 cujus
493 2541 716 2585 manum
744 2524 1201 2598 concludentur,
1241 2524 1607 2602 significatur
1642 2523 1861 2582 malum
1899 2525 2117 2580 amoris
2154 2526 2287 2598 sui3
2332 2539 2495 2602 [303]

172 2639 298 2700 per
327 2639 528 2701 regem
573 2626 982 2685 vehementem
1042 2626 1413 2702 significatur
1456 2624 1673 2684 falsum
1720 2623 1892 2698 inde3
1956 2638 2071 2698 per
2132 2623 2294 2698 quod

174 2723 456 2784 deficient
513 2742 707 2803 aquae
775 2743 848 2785 ex
901 2728 1094 2798 mari,.
1149 2725 1517 2802 significatur
1578 2725 1737 2802 quod
1798 2741 1872 2783 ex
1924 2723 2081 2782 omni
2116 2725 2292 2798 copia
2352 2735 2359 2742 ·

170 2827 558 2884 scientiarum
597 2842 791 2902 usque
826 2843 944 2884 non
978 2843 1148 2901 νοτες
1204 2832 1264 2885 et
1297 2843 1409 2902 per
1444 2827 1604 2903 quod
1637 2825 1851 2885 fluvius
1890 2821 2290 2884 exsiccabitur

170 2933 232 2984 et
289 2933 639 2996 exarescet,
691 2927 1060 3004 significatur
1104 2926 1265 3004 quod
1312 2927 1481 2986 nulla
1524 2923 1794 2986 doctrina
1830 2927 1990 3000 veri,
2048 2930 2108 2984 et
2152 2921 2289 2983 inde

167 3026 338 3085 nulla
371 3028 778 3104 intelligentia.
833 3028 1017 3106 Apud
1048 3027 1321 3088 Eundem
1359 3072 1398 3103 ,,
1422 3025 1730 3090 Visitabit
1753 3025 2038 3088 Jehovah
2061 3023 2289 3107 yladio

167 3144 292 3187 suo
345 3125 508 3188 duro
525 3171 544 3204 ,
608 3146 842 3208 mayno
898 3133 958 3186 et
993 3127 1168 3208 forti
1217 3145 1410 3207 super
1450 3127 1908 3195 Leviathanem
1952 3132 2293 3210 serpentem

166 3223 508 3306 oblonyum
521 3272 540 3303 ,
596 3235 655 3289 et
693 3248 884 3308 super
919 3227 1379 3289 Leviathanem
1414 3234 1759 3308 serpentem
1799 3234 2155 3292 tortuosum
2168 3276 2184 3304 ,
2239 3233 2298 3290 et

169 3325 411 3387 occidet
465 3334 632 3390 cetos
685 3329 799 3408 qui
853 3328 923 3388 in
963 3328 1136 3390 maa-z·
1157 3332 1191 3361 “
1259 3329 1541 3389 XXVII:
1604 3333 1670 3406 13
1724 3330 1876 3390 haec
1929 3349 2168 3409 quoque
2222 3330 2296 3390 dc

169 3427 487 3504 Aegypte,
542 3447 654 3507 per
691 3447 868 3507 quam
905 3430 1315 3506 significantur
1342 3431 1628 3488 scientiae
1667 3447 1821 3506 quae
1857 3432 2149 3488 naturalis
2182 3431 2297 3488 ho·-

169 3528 388 3604 minis;
425 3547 538 3605 per
562 3529 994 3590 Leviathanem
1031 3537 1376 3607 serpentem
1413 3529 1732 3605 oblongum
1766 3528 2175 3604 significantur
2206 3527 2297 3587 illi

169 3627 280 3702 qui
331 3629 608 3705 rejiciunt
663 3632 860 3690 omnia
909 3647 1063 3707 quae
1109 3647 1226 3688 non
1275 3629 1465 3687 oculis
1516 3627 1746 3700 vident,
1799 3629 1884 3684 ita
1934 3643 2099 3686 mere
2148 3643 2291 3686 sen-

169 3726 408 3803 suales,
466 3733 567 3805 qui
604 3731 834 3808 absque
869 3730 986 3789 fide
1049 3735 1189 3788 sunt
1235 3729 1379 3805 quia
1425 3744 1543 3786 non
1588 3725 2101 3803 comprehendunt
2114 3746 2129 3802 3
2184 3743 2295 3802 per

166 3825 600 3890 Leviathanem
639 3837 986 3910 serpentem
1021 3835 1355 3889 tortuosum
1392 3826 1799 3902 significantur
1848 3809 1969 3901 qui'
2000 3825 2137 3885 ideo
2170 3843 2291 3884 non

171 3927 426 3988 credunt
442 3975 460 4005 ,
517 3937 578 3991 et
613 3947 808 4008 usque
871 3931 1075 3991 dicunt
1123 3945 1190 3989 se
1238 3928 1485 3988 credere
1502 3946 1519 4003 3
1587 3944 1699 4004 per
1760 3925 2018 4002 gladium
2055 3924 2291 3999 durum,

167 4044 452 4105 magnum
505 4037 567 4092 et
615 4033 828 4092 fortem
885 4047 1002 4109 quo
1051 4030 1451 4090 visitabuntur
1474 4073 1489 4104 ,
1546 4026 1915 4106 significatur
1976 4027 2293 4087 exstinctio

171 4131 362 4188 omnis
413 4135 575 4204 veri,
628 4133 864 4212 gladius
914 4133 1068 4191 enim
1135 4139 1225 4192 est
1267 4131 1485 4192 falsum
1534 4129 1849 4190 destruens
1885 4147 2127 4207 verum3
2184 4145 2296 4206 per

173 4233 337 4288 cetos
384 4233 447 4289 in
482 4235 634 4293 mari
683 4236 782 4311 qui
819 4232 1166 4294 occidentur
1200 4233 1612 4311 significantur
1658 4231 1981 4292 scientifica
2028 4233 2087 4290 in
2127 4247 2292 4291 com-
