2700 4792
431 357 539 413 462
873 345 1362 402 APOCALYPSIS
1404 343 1841 403 EXPLIOATA.
1920 347 1969 412 §.
2010 355 2143 407 2⁷5.

430 509 624 568 hovae
682 523 796 583 per
849 507 1008 584 quod
1043 505 1212 568 Coeli
1259 507 1405 566 facti
1454 511 1626 581 sunt,
1684 511 1745 564 et
1780 506 2029 582 spiritus
2066 507 2187 564 oris
2221 521 2333 581 per
2368 523 2595 583 quem

431 610 724 668 exercitus
763 623 971 667 eorum
987 651 1002 681 ,
1057 606 1357 684 significat
1387 605 1673 666 Divinum
1708 605 1935 665 Verum
1970 605 2306 682 procedens
2342 623 2381 665 a
2414 607 2586 668 Do-

427 709 606 779 mino,
661 709 958 768 exercitus
998 706 1300 766 coelorum
1336 713 1476 766 sunt
1510 708 1709 765 omnia
1742 705 1963 765 amoris
2014 712 2075 764 et
2122 705 2294 780 fidei3
2352 723 2585 784 aquae

427 810 612 868 maris
651 823 801 884 quas
839 807 1062 884 colligit
1113 809 1174 866 in
1209 807 1539 880 cumulum,
1594 805 1931 882 significant
1990 808 2359 882 cognitiones
2422 811 2583 868 veri

429 927 502 970 ac
535 926 686 968 vera
743 910 806 966 in
843 911 1167 977 communi,
1219 925 1375 984 quae
1412 907 1591 965 slmul
1650 912 1790 965 sunt
1851 909 1912 965 in
1962 905 2218 966 naturali
2267 906 2511 967 homine
2542 928 2569 984 ς

429 1010 638 1086 abyssi
672 1025 823 1085 quos
859 1008 962 1066 dat
993 1011 1054 1066 in
1089 1008 1417 1080 thesauri5‚
1473 1005 1809 1083 significant
1855 1005 2183 1066 scientifica
2216 1007 2573 1078 sensualia,

433 1126 589 1188 quae
643 1115 785 1168 sunt
831 1109 1314 1168 communissima
1364 1113 1426 1167 et
1460 1107 1670 1166 ultima
1701 1106 1990 1166 naturalis
2025 1106 2311 1181 hominis,
2376 1115 2441 1168 et
2490 1110 2575 1168 in

431 1209 648 1288 quibus
684 1209 862 1269 simul
896 1215 1035 1267 sunt
1067 1225 1216 1267 vera
1247 1210 1533 1267 interiora
1564 1223 1679 1268 seu
1702 1209 2039 1284 superiora,
2078 1207 2217 1267 inde
2252 1213 2575 1268 vocantur

427 1310 534 1370 illa
563 1309 847 1369 thesauri.
881 1308 1062 1385 Apud
1087 1307 1359 1367 Eundem
1394 1305 1726 1382 „Jehovah
1738 1306 2059 1388 fundavit
2092 1310 2327 1368 tem-am
2352 1326 2578 1387 super

429 1409 688 1472 basibus
721 1409 858 1492 ejus
874 1454 891 1484 ,
945 1413 1017 1469 ut
1061 1427 1186 1469 non
1230 1407 1630 1468 dimoveatur
1662 1408 1735 1468 in
1768 1412 2089 1469 aeternum
2112 1412 2175 1466 et
2218 1407 2289 1468 in
2312 1426 2570 1487 perpe-

429 1517 612 1574 tuum
624 1531 652 1583 ;
690 1510 919 1590 abysso
949 1509 1117 1569 sicat
1145 1513 1308 1569 veste
1334 1505 1639 1569 obvelaatz·
1666 1510 1849 1568 eam“
1905 1508 2141 1567 Psalm:
2182 1507 2342 1568 CIV:
2383 1510 2444 1569 5.
2488 1513 2565 1585 63

371 1596 379 1604 ’
430 1629 542 1690 per
576 1619 795 1670 terram
833 1611 1198 1686 significatur
1231 1609 1507 1668 Ecclesia
1526 1629 1543 1685 ;
1582 1609 1761 1668 bases
1800 1625 1985 1684 super
2020 1607 2234 1685 quibus
2260 1607 2574 1670 Jehovah

429 1711 700 1770 fundavit
753 1726 885 1768 eam
943 1713 1004 1767 in
1065 1715 1402 1782 aeternum,
1471 1717 1612 1767 sunt
1671 1710 2035 1785 cognitiones
2095 1710 2227 1767 veri
2276 1714 2339 1768 et
2372 1707 2530 1769 boni
2545 1731 2568 1787 3

431 1810 688 1886 abyssus
727 1825 880 1884 quae
917 1811 1073 1868 sicut
1107 1815 1276 1868 veste
1313 1808 1620 1868 obvelavit
1654 1825 1813 1880 eam,
1854 1815 1947 1868 est
1972 1789 2365 1870 scientificum
2398 1825 2565 1869 sen-

431 1909 602 1968 suale
639 1908 798 1984 quod
827 1914 919 1966 est
945 1907 1216 1967 ultimum
1243 1909 1535 1968 naturalis
1562 1909 1833 1983 hominis»,
1877 1915 1937 1968 et
1961 1911 2104 1985 *quia
2133 1916 2226 1970 est
2250 1908 2561 1985 ultimum,

431 2010 645 2069 dicitur
671 2010 829 2066 sicut
855 2015 1024 2066 veste
1055 2008 1373 2068 obvelavit.
1414 2009 1595 2085 Apud
1614 2009 1882 2068 Eundem
1910 2007 2241 2083 „Jelwvah
2266 2010 2338 2070 in
2362 2007 2567 2072 Mari

429 2108 540 2170 via
579 2112 710 2182 tua,
755 2112 817 2166 et
855 2106 1084 2167 semita
1121 2113 1236 2168 tua
1276 2107 1348 2169 in
1374 2108 1561 2187 aquis
1594 2105 1848 2182 multis,
1890 2109 2170 2189 vestiyia
2196 2115 2409 2170 tamen
2434 2115 2565 2172 tua

428 2227 553 2269 non
585 2213 738 2268 nota
771 2213 921 2268 sunt
945 2211 980 2240 “
1038 2209 1268 2268 Psalm:
1306 2208 1637 2268 LXXVII:
1680 2211 1805 2284 203
1862 2209 2024 2285 apud
2057 2211 2300 2287 Esajam
2366 2255 2405 2285 „
2437 2209 2563 2272 Sic

427 2307 608 2369 dixit
633 2307 945 2382 Jehovah‚
990 2309 1102 2388 qui
1141 2308 1292 2370 dedi
1326 2308 1399 2368 in
1432 2308 1605 2370 mari
1640 2308 1839 2384 viam,
1882 2314 1942 2369 et
1985 2309 2055 2370 in
2080 2309 2267 2389 aquis
2296 2307 2557 2371 validis

429 2409 772 2469 semitam“
839 2407 1077 2468 XLIII:
1126 2413 1154 2467 l
1175 2413 1243 2484 63
1301 2408 1461 2485 quod
1495 2425 1604 2485 per
1639 2427 1802 2468 mare
1860 2409 1959 2469 hic
2008 2429 2129 2470 non
2174 2409 2560 2486 intelligatur

425 2527 593 2569 mare
619 2554 636 2582 ,
691 2527 805 2568 nec
839 2526 950 2586 per
986 2525 1174 2586 aquas
1210 2508 1620 2586 intelligantur
1655 2527 1866 2585 aquae,
1904 2516 2110 2586 patet,
2151 2512 2293 2587 quia
2326 2510 2557 2570 dicitur

431 2610 592 2688 qnod
623 2609 707 2669 ibi
741 2610 1013 2669 dehovae
1051 2611 1150 2668 via
1185 2616 1246 2668 ot
1279 2613 1514 2680 semita,
1554 2626 1739 2685 quare
1774 2627 1885 2685 per
1910 2628 2074 2670 mare
2112 2617 2173 2670 et
2206 2627 2317 2686 per
2352 2627 2556 2686 aquas

425 2711 839 2788 intelliguntur
873 2709 1050 2784 talia,
1105 2713 1165 2768 in
1201 2709 1419 2785 quibus
1458 2717 1550 2768 est
1574 2709 1617 2768 J
1621 2708 1856 2770 ehovah
1890 2726 2002 2769 seu
2036 2710 2348 2782 Dominus»,
2389 2729 2555 2787 quae

431 2818 572 2870 sunt
607 2814 974 2888 cognitiones
1010 2813 1139 2870 veri
1173 2813 1234 2869 in
1269 2812 1568 2868 communi
1602 2825 1675 2869 ex
1701 2809 1923 2885 Verbo,
1964 2817 2024 2870 et
2048 2827 2195 2870 vera
2226 2810 2337 2885 ibi,
2377 2827 2553 2872 mare

229 2911 388 2976 [305]
431 2918 573 2968 sunt
603 2911 746 2969 illae
783 2913 1178 2987 cognitiones,
1219 2919 1278 2971 et
1312 2927 1507 2987 aquae
1534 2917 1676 2968 sunt
1698 2927 1871 2986 vera3
1910 2913 2277 2987 cognitiones
2312 2917 2374 2969 et
2397 2929 2555 2970 vera

431 3010 492 3066 in
543 3026 615 3067 eo
667 3008 967 3084 differunt,
1027 3010 1187 3087 quod
1230 3013 1597 3088 cognitiones
1648 3012 1767 3068 sint
1811 3010 2101 3070 naturalis
2138 3011 2425 3084 hominis,
2488 2991 2585 3071 et¹

426 3119 576 3167 vera
609 3109 956 3184 spiritualis.
1007 3110 1191 3187 Apud
1226 3110 1553 3170 Jeremiam
1603 3153 1641 3184 „
1662 3107 1829 3170 Ecce
1863 3108 2013 3190 Eyo
2054 3108 2330 3189 Zitiyana
2366 3107 2548 3171 litem

425 3213 634 3276 tuam,
671 3213 732 3267 et
757 3203 1034 3269 ulciscar
1059 3207 1363 3270 ultionem
1385 3215 1583 3281 tuam,
1611 3214 1683 3271 ut
1702 3208 2009 3270 ear-siccem
2037 3209 2225 3271 Mare
2249 3207 2541 3285 Bahali-s,

425 3311 486 3367 et
529 3306 884 3387 arefaciam
925 3307 1387 3387 &eatur-iyinem
1434 3309 1571 3392 qius
1587 3330 1608 3370 .·
1660 3308 1951 3370 ascendet
2009 3330 2198 3390 super
2236 3307 2543 3372 Babelem

425 3426 625 3480 mare,
654 3404 1094 3468 ‘multitudine
1117 3407 1441 3486 fluctuum
1483 3429 1747 3471 suorum
1782 3410 2019 3471 obtecta
2062 3410 2231 3472 πῖθ’(
2269 3410 2381 3470 LI:
2424 3413 2536 3470 36.

428 3512 556 3569 42:
611 3526 721 3586 per
754 3508 1044 3568 Babelem
1095 3509 1508 3586 intelliguntur
1558 3512 1661 3586 qui
1709 3511 2089 3587 prophanant
2121 3511 2281 3570 bona
2289 3530 2309 3586 3
2367 3509 2533 3567 Maro

421 3610 666 3670 Babelis
703 3618 842 3668 sunt
879 3610 1228 3669 traditiones
1267 3627 1491 3684 eorum,
1533 3626 1687 3686 quae
1717 3616 1857 3668 sunt
1892 3611 2355 3670 adulterationes
2389 3606 2535 3666 boni

425 3727 503 3770 ex
531 3709 762 3784 Verb03
799 3710 1014 3769 fluctus
1051 3715 1191 3770 sunt
1218 3709 1375 3769 falsa
1406 3727 1644 3784 eorum3
1684 3709 2009 3770 destructio
2038 3729 2262 3783 eorum,
2303 3707 2537 3786 quando

422 3808 694 3868 ultimum
729 3809 1065 3885 Judicium,
1121 3809 1475 3870 describitur
1509 3826 1620 3885 per
1652 3809 1759 3868 illa
1796 3810 1999 3870 verba.
2054 3810 2238 3888 Apud
2270 3809 2539 3870 Eundem

423 3906 766 3987 „Populus
805 3910 1054 3970 veniens
1087 3929 1140 3976 ‚a
1177 3907 1625 3988 septentrione,
1664 3913 1726 3968 et
1762 3927 1920 3988 yens
1958 3929 2216 3989 mayna,
2263 3914 2325 3970 et
2362 3925 2539 3988 reyes

421 4003 617 4064 multi
641 4007 1086 4070 excitabuntur
1109 4028 1153 4070 a
1173 4005 1480 4070 lateribus
1506 4013 1737 4081 terrm
1766 4028 1890 4071 vox
1914 4028 2131 4072 eorum
2156 4009 2327 4071 siout
2349 4007 2538 4069 Mare

423 4099 875 4176 tumultuatur,
907 4114 968 4168 et
995 4127 1186 4188 cuper
1218 4109 1394 4188 equis·
1420 4109 1750 4188 equitant“
1789 4109 1871 4169 L:
1902 4099 2077 4198 [41]
2114 4112 2201 4169 42
2219 4129 2237 4185 3
2274 4108 2538 4186 populus

423 4196 672 4258 veniens
701 4215 740 4255 a
763 4209 1187 4283 septentrione,
1226 4214 1367 4268 sunt
1402 4211 1505 4284 qui
1536 4211 1599 4268 in
1631 4207 1800 4270 falsis
1832 4227 1907 4270 ex
1932 4210 2109 4286 malo,
2146 4226 2295 4288 gens
2324 4223 2539 4285 magna
