2700 4792
451 383 564 436 204
871 369 1363 428 APOCALYPSIS
1404 369 1835 428 EXPLICATA.
1874 371 1926 440 §.
1986 378 2113 430 151.
2596 388 2625 494 J

451 532 558 610 qui
595 532 800 608 Ipsius
831 531 1112 590 Divinum
1139 533 1200 590 in
1230 531 1513 590 Humano
1542 536 1878 608 agnoscunt
1914 535 1978 590 et
2000 528 2231 589 colunt:
2276 527 2376 587 hoc
2392 547 2497 587 ma-

451 632 796 692 nifestatum
827 639 920 690 est
941 631 1214 710 plurimis
1241 633 1302 690 in
1326 632 1478 692 locis
1506 631 1672 708 apud
1696 631 2037 708 Prophetas
2062 629 2295 688 Veteris
2320 628 2499 688 Testa-

455 734 676 806 menti,
733 739 794 792 et
829 749 1068 809 quoque
1107 731 1268 808 apud
1302 731 1756 810 Evangelistas,
1810 751 1886 792 ex
1922 730 2142 808 quibus
2180 729 2356 788 solum
2384 729 2506 788 haec
2627 738 2634 789 i

451 831 616 910 apud
649 831 987 892 Johannem
1029 832 1172 891 volo
1207 832 1423 892 afferre
1464 831 1595 908 „In
1619 831 1943 912 pomae-ipio
1980 835 2125 892 erat
2170 828 2435 903 Verbum,
2464 832 2509 886 et
2625 828 2635 947 l

465 929 734 994 Verbum
759 938 898 993 erat
931 931 1112 1012 apud
1149 931 1406 1008 Deum,
1460 939 1521 993 et
1560 931 1755 994 Deus
1796 937 1935 994 erat
1986 929 2290 994 Verbum.-
2340 928 2512 988 omnia
2633 949 2635 998 i

443 1053 566 1114 per
597 1031 830 1116 Ipsum
849 1033 1042 1113 sacta
1069 1038 1248 1108 sunt,
1289 1038 1350 1092 et
1376 1033 1606 1113 absque
1638 1031 1743 1093 Eo
1765 1034 2033 1114 sactum
2066 1036 2161 1090 eet
2196 1026 2353 1090 nihil
2382 1025 2511 1107 quod
2628 1011 2635 1104 j

442 1135 704 1216 factum
729 1138 842 1193 eet.
899 1132 982 1194 In
1017 1131 1168 1214 Ipso
1194 1133 1332 1194 m‘ta
1366 1139 1535 1210 erat,
1578 1139 1637 1193 et
1664 1134 1801 1195 vita
1826 1139 1965 1194 erat
1996 1131 2163 1194 Luoe
2196 1129 2484 1192 hominum
2492 1147 2511 1198 ;
2633 1141 2635 1150 ’

455 1240 518 1296 et
553 1232 710 1296 Luoe
746 1230 870 1294 illa
901 1233 974 1294 in
1027 1233 1294 1295 tenebris
1331 1229 1527 1305 lucet,
1598 1241 1656 1294 et
1692 1235 1971 1296 tenebrae
2004 1230 2201 1293 illam
2232 1249 2351 1290 non
2384 1247 2513 1288 com·

447 1333 929 1416 prehenderunt.
1029 1333 1208 1396 Erat
1260 1331 1419 1394 Lux
1494 1333 1660 1399 Vera
1718 1353 1878 1415 quae
1926 1331 2265 1395 illuminat
2320 1346 2515 1389 omnem

451 1435 766 1498 homimem
827 1435 1164 1496 venientem
1224 1435 1295 1494 in
1356 1435 1669 1498 mundum
1686 1459 1705 1497 :
1786 1437 1856 1497 in
1914 1434 2159 1496 mundo
2212 1436 2345 1494 erat
2356 1473 2372 1504 ,
2432 1425 2516 1487 8θᾶ

449 1535 732 1598 mundus
789 1533 970 1596 Eum
1022 1553 1148 1596 non
1191 1534 1475 1615 aynovit.
1579 1535 1677 1598 Et
1756 1535 2025 1599 Verbum
2090 1533 2261 1596 Caro
2305 1531 2513 1612 sactum

449 1642 576 1707 eat,
645 1641 705 1696 et
749 1633 1064 1696 habitavit
1111 1637 1278 1696 inter
1321 1653 1467 1710 noe,
1521 1643 1582 1697 et
1630 1635 1915 1698 vidimus
1956 1634 2249 1716 yloriam
2274 1629 2510 1712 ·Ip02·us“

446 1737 506 1798 1:
560 1740 587 1795 l
626 1735 704 1794 ad
739 1739 864 1812 143
935 1736 1096 1813 quod
1132 1738 1427 1796 Dominus
1469 1739 1667 1814 quoad
1694 1739 2039 1797 Humanum
2076 1738 2163 1798 ibi
2198 1732 2511 1807 intelligatur

452 1855 565 1915 per
600 1836 896 1912 Verbum,
951 1845 1122 1914 patet
1159 1837 1359 1911 clare,
1412 1855 1549 1898 nam
1588 1839 1805 1899 dieitur
1841 1839 2111 1898 Verbum
2150 1835 2305 1897 Caro
2338 1833 2509 1890 facum

453 1943 582 2010 est,
639 1941 702 1995 et
743 1935 1030 1996 habitavit
1073 1940 1230 1998 inter
1271 1955 1413 2014 noS,
1488 1947 1549 1999 et
1580 1939 1840 1999 vidimus
1891 1940 2149 2016 gloriam
2204 1931 2419 2012 Ipsius3
2468 1932 2512 1986 et

453 2036 616 2115 quod
655 2037 994 2096 Humanum
1033 2055 1208 2098 suum
1249 2039 1536 2100 Divinum
1564 2038 1797 2115 fecerit,
1839 2043 2019 2100 etiam
2055 2045 2261 2118 patet,
2295 2031 2508 2093 Verbum

455 2145 588 2198 erat
621 2136 784 2213 apud
825 2136 1054 2209 Deum,
1091 2147 1152 2198 et
1190 2139 1364 2199 Deus
1404 2150 1533 2200 erat
1568 2140 1866 2215 Verbum,
1906 2147 1968 2200 et
1995 2141 2113 2201 hoc
2156 2139 2309 2200 Caro
2336 2135 2508 2192 factum

455 2245 574 2313 est,
626 2237 740 2296 hoe
781 2243 907 2313 est,
962 2240 1168 2300 homo:
1225 2247 1287 2299 et
1313 2243 1453 2316 quia
1488 2259 1660 2300 omne
1698 2241 1981 2300 Divinum
2021 2241 2256 2300 Verum
2289 2228 2507 2312 procedit

449 2357 492 2397 a
533 2338 754 2398 Divino
807 2337 1086 2399 Humano
1142 2341 1409 2416 Domini,
1476 2349 1537 2401 et
1582 2321 1732 2400 illud
1786 2348 1879 2400 est
1917 2341 2207 2401 Divinum
2254 2337 2433 2414 Ipsius
2466 2329 2506 2384 in
2542 2415 2547 2421 Β

450 2437 652 2500 Coelis
673 2482 691 2513 ,
743 2437 878 2498 ideo
921 2443 1102 2500 etiam
1137 2459 1250 2518 per
1295 2441 1565 2502 Verbum
1602 2441 1971 2519 significatur
1994 2443 2285 2503 Divinum
2315 2435 2503 2500 verum,

447 2547 511 2601 et
569 2540 706 2600 ideo
759 2539 974 2600 dieitur
1019 2542 1160 2618 Ipse
1209 2541 1343 2600 Lux
1404 2560 1561 2619 quae
1610 2542 1906 2602 illuminat
1962 2561 2203 2603 omnem
2264 2536 2507 2600 hominem

447 2645 788 2703 venientem
828 2643 889 2700 in
943 2641 1254 2716 mundum,
1311 2642 1447 2702 Lux
1488 2649 1581 2702 est
1634 2646 1811 2702 etiam
1852 2643 2137 2704 Divinum
2191 2641 2426 2708 Veru1n3
2466 2631 2507 2686 et

445 2747 601 2828 quia
641 2742 914 2802 homines
949 2743 1027 2802 ab
1067 2745 1316 2802 internis
1351 2745 1437 2802 ita
1472 2747 1703 2804 externi
1740 2759 1847 2802 seu
1886 2745 2195 2805 naturales
2232 2740 2367 2802 fact-i
2388 2734 2509 2795 sunt,

447 2850 522 2904 ut
555 2861 676 2904 non
712 2843 971 2920 amplius
1009 2846 1363 2920 agnoverint
1400 2843 1685 2904 Divinum
1735 2845 1991 2919 Verum,
2046 2847 2133 2904 ita
2172 2861 2285 2904 nec
2338 2831 2505 2898 Domi-

449 2961 610 3017 num,
648 2941 782 3001 ideo
821 2944 1038 3004 dicitur
1078 2943 1246 3021 quod·
1275 2944 1561 3004 tenebrae
1597 2945 1793 3004 lucem
1824 2963 1943 3004 non
1976 2933 2506 3022 comprehenderint,

457 3050 518 3102 et
570 3042 729 3117 quod
775 3027 1030 3104 mund'us
1082 3044 1295 3120 Ipsum
1347 3061 1467 3104 non
1519 3047 1844 3122 agnoverit.
1936 3044 2113 3121 Quod
2162 3043 2415 3106 Verbum
2456 3031 2508 3088 sit

449 3143 748 3202 Dominus
777 3144 978 3219 quoad
1010 3145 1296 3204 Divinum
1329 3145 1671 3205 Humanum
1693 3191 1709 3220 ,
1750 3153 1809 3204 et
1846 3145 1985 3205 inde
2018 3145 2307 3205 Divinum
2328 3140 2509 3198 Verum

449 3240 785 3320 procedens
807 3287 823 3314 ‚
877 3243 1158 3304 videatur
1205 3248 1266 3304 in
1309 3245 1637 3305 Docrnnu
1686 3246 1899 3306 Novar.
1947 3245 2419 3305 Hmnosommn
2458 3247 2506 3289 ¹¹²

453 3344 595 3403 263
640 3351 701 3402 et
733 3346 894 3404 304.
973 3343 1148 3419 Quod
1180 3346 1312 3405 Lux
1347 3349 1428 3404 sit
1452 3347 1737 3406 Divinum
1765 3346 2022 3420 Verum,
2064 3353 2124 3406 et
2160 3344 2321 3423 quod
2350 3340 2507 3401 Tene·

451 3445 598 3506 brae
635 3448 753 3504 sint
789 3442 945 3504 falsa
977 3446 1038 3503 in
1077 3444 1292 3521 quibus
1345 3453 1485 3504 sunt
1520 3449 1622 3523 qui
1658 3464 1779 3506 non
1816 3449 1877 3506 in
1926 3445 2061 3506 luce
2081 3491 2097 3521 ,
2146 3449 2207 3505 in
2244 3446 2427 3522 Opere
2455 3430 2506 3490 ὅθ
2596 3475 2603 3486 -

448 3545 658 3606 Coeno
695 3564 774 3605 ur
802 3545 1110 3617 Inrnnno,
1163 3563 1231 3604 n:
1283 3549 1421 3606 126
1456 3546 1534 3605 ad
1570 3551 1727 3608 140.
1770 3550 1855 3607 ‘27
1874 3548 1931 3606 5.
2016 3546 2191 3622 Quod
2228 3546 2329 3625 qui
2360 3549 2506 3614 agno·

445 3653 626 3706 scunt
655 3645 1004 3720 Dominum,
1046 3652 1107 3704 et
1141 3646 1346 3705 colunt
1380 3647 1591 3724 Ipsum
1612 3653 1699 3708 'ex
1728 3664 1933 3707 amore
1972 3654 2033 3706 et
2063 3647 2201 3722 fide,
2244 3655 2303 3706 et
2335 3655 2438 3702 non
2462 3634 2505 3690 in

444 3744 748 3806 amoribus
779 3747 873 3804 sui
909 3752 970 3806 et
1004 3747 1206 3806 mundi
1233 3753 1393 3816 sunt,
1432 3755 1863 3823 regenerentur
1904 3755 1965 3807 et
2000 3748 2333 3821 salventur,
2369 3738 2506 3800 etiam

445 3848 529 3907 ibi
560 3843 826 3920 docetur,
858 3845 952 3906 his
979 3847 1180 3906 verbis
1213 3845 1586 3927 „Quotquot
1611 3847 1841 3928 Ipsum
1864 3853 2239 3927 receperunt,
2262 3840 2421 3908 dedit
2440 3829 2503 3892 2⁰5⁸
2623 3848 2631 3887 i

381 3933 394 3948 ³
432 3950 821 4028 potestatem
841 3952 917 4006 ut
927 3944 1070 4027 filii
1093 3946 1232 4006 Dei
1257 3953 1483 4020 essent,
1518 3947 1913 4010 credentibus
1942 3948 2016 4008 in
2041 3947 2287 4022 Nomen
2309 3937 2505 4028 Ipsius,
2619 3912 2633 4045 J

2623 4224 2631 4261 i

2623 586 2630 677 ἱ

443 4045 555 4128 qui
579 4065 702 4108 non
731 4066 811 4108 ex
841 4046 1285 4128 sanyuinibu3‚
1309 4066 1502 4127 neque
1535 4068 1615 4109 ex·
1643 4047 1967 4110 voluntate
1990 4047 2225 4125 earnis,
2256 4057 2425 4127 neque
2443 4046 2499 4093 εὖ

442 4144 764 4209 voluntate
789 4146 937 4218 viri,
973 4147 1087 4208 sed
1115 4166 1195 4208 ex
1217 4147 1367 4208 Deo
1398 4150 1543 4209 nati
1576 4153 1775 4210 eunt“
1805 4148 1956 4226 Cap:
1982 4149 2033 4208 1:
2073 4149 2263 4209 Vers:
2302 4134 2501 4206 12.13;
2621 4186 2629 4215 Δ

444 4249 526 4308 ibi
575 4266 650 4307 ex
702 4247 1096 4323 sanguinibus
1147 4255 1287 4306 sunt
1332 4248 1421 4307 illi
1474 4251 1575 4324 qui
1622 4247 1939 4308 dest-ruunt
1986 4266 2253 4309 amorem
2292 4256 2349 4308 et
2388 4239 2496 4302 cha‘

2637 4415 2640 4566 n

2634 4585 2641 4757 Ἴ
