2700 4792
255 3575 418 3639 [132]

465 378 572 436 192
763 366 1248 433 APOCALYPSIS
1289 368 1723 428 EXPLICATA.
1806 370 1854 438 §-
1896 376 2207 435 iti-144.

2610 387 2621 503 l

463 527 682 606 quibus
719 526 925 588 Levit:
961 527 1116 590 XX:
1164 531 1194 588 1
1213 532 1244 586 1
1291 527 1371 588 ad
1402 531 1437 586 2
1456 531 1515 602 1,
1554 527 2024 606 correspondent
2057 527 2207 587 tales
2240 528 2503 606 sphaerae,

465 647 604 690 cum
637 627 969 688 differentia
1003 629 1340 692 secundum
1378 627 1845 705 applicationem
1870 645 2151 688 verorum
2184 629 2258 688 ad
2288 630 2437 701 salsa,
2464 637 2512 690 et
2618 627 2620 648 ²

465 728 811 790 secundum-
831 730 1310 807 conjunctionem
1343 729 1634 790 falsorum
1670 746 1805 788 cum
1842 729 2047 801 malis,
2108 730 2375 806 imprimis
2404 747 2512 789 eum

465 828 639 890 malis
677 829 1142 890 scaturientibus
1179 845 1256 889 ex
1291 845 1495 888 amore
1530 831 1627 888 sui
1642 873 1660 905 ,
1720 829 1795 888 de
1834 829 2050 905 quibus
2103 829 2275 906 plura
2304 829 2511 898 videan-

465 937 566 988 tur
599 931 660 988 in
710 927 910 1006 Opere
965 930 1039 990 de
1077 929 1280 990 Cotto
1317 948 1396 988 nr
1432 929 1737 1004 larnano,
1784 947 1857 988 n:
1902 931 2065 988 384.
2110 931 2267 989 385.
2309 931 2446 990 386.

625 1032 654 1088 1
671 1031 786 1088 42.
840 1030 934 1090 Ita
959 1030 1152 1090 habes
1179 1036 1246 1089 tu
1283 1036 1555 1090 tenentes
1586 1029 1915 1090 doctrinam
1940 1030 2363 1090 Nicolaitarnm
2392 1029 2515 1106 quod

467 1131 596 1206 odi,
656 1129 815 1206 quod
863 1131 1160 1210 significet
1213 1130 1346 1190 illos
1398 1132 1499 1206 qui
1548 1135 1836 1206 separant
1886 1131 2115 1190 bonum
2170 1147 2209 1188 a
2262 1147 2391 1191 vero
2432 1145 2515 1188 seu

467 1232 820 1292 charitatem
855 1249 892 1290 a
933 1231 1079 1305 fide,
1137 1230 1298 1307 quod
1333 1235 1427 1290 est
1462 1237 1673 1290 contra
1714 1230 2003 1290 Divinum
2042 1230 2345 1305 Ordinem,
2400 1246 2512 1288 con-

469 1339 593 1398 stat
643 1348 718 1390 ex
767 1331 886 1392 illis
935 1348 1090 1409 quae
1127 1347 1314 1408 supra
1358 1349 1430 1388 n:
1502 1333 1635 1392 107
1680 1329 1839 1390 dicta
1874 1336 1938 1392 et
1970 1339 2218 1392 ostensa
2252 1336 2402 1405 sunt,
2440 1329 2517 1388 ubi

465 1433 702 1494 similia.
787 1431 1018 1508 Quibus
1067 1431 1407 1492 addendum
1446 1438 1563 1508 est,
1630 1431 1787 1508 quod
1827 1434 1929 1510 qui
1960 1438 2251 1510 separant
2284 1447 2461 1490 verum
2487 1446 2517 1486 a

463 1533 622 1594 bono
661 1550 774 1594 seu
818 1533 996 1592 fidem
1033 1551 1070 1592 a
1109 1533 1400 1592 charitate
1420 1577 1437 1608 ,
1495 1539 1771 1592 avertant
1820 1551 1857 1592 a
1903 1549 1971 1592 se
2010 1551 2245 1594 omnem
2276 1531 2515 1590 influxum

465 1635 622 1694 coeli
653 1636 716 1692 in
751 1634 908 1694 bona
935 1651 1092 1711 quae
1129 1634 1371 1708 faciunt,
1420 1633 1578 1693 'unde
1604 1633 1763 1693 bona
1794 1633 2033 1693 illorum
2062 1651 2183 1694 non
2216 1637 2349 1692 sunt
2375 1631 2511 1705 bona,

465 1735 657 1794 influit
693 1737 846 1794 enim
877 1734 1140 1808 Ocelum,
1183 1733 1298 1794 hoc
1337 1741 1461 1804 est,
1495 1751 1607 1811 per
1644 1733 1893 1794 Coelum
1928 1735 2227 1794 Dominus
2260 1736 2317 1794 in
2338 1733 2512 1790 bonum

467 1837 686 1894 amoris
743 1835 1028 1910 hominis,
1095 1843 1467 1912 quapropter
1516 1837 1619 1911 qui
1666 1835 1862 1911 rejicit
1896 1835 2121 1896 bonum
2178 1834 2451 1894 charitatis
2483 1846 2511 1888 a

467 1935 738 1994 doctrina
771 1935 1118 2010 Ecclesiae,
1177 1942 1238 1994 et
1269 1935 1403 1996 loco
1458 1936 1589 2013 ejus
1627 1937 1839 2012 recipit
1872 1936 1977 1995 illa
2012 1937 2213 1996 solum
2248 1951 2387 2012 quae
2428 1947 2511 1988 vo-

466 2041 676 2096 cantur
727 2035 894 2111 fidei,
953 2036 1236 2096 exclusus
1288 2043 1383 2096 est
1432 2053 1465 2094 e
1526 2036 1731 2111 coelo,
1813 2053 1961 2098 vera
2016 2037 2183 2114 apud
2230 2036 2383 2096 illum
2422 2047 2511 2090 non

361 2163 367 2168 ·
462 2135 687 2196 habent
725 2139 936 2210 vitam,
988 2153 1058 2196 ac
1106 2139 1232 2196 vita
1263 2138 1423 2212 veri,
1478 2153 1630 2212 quae
1669 2143 1762 2195 est
1795 2135 2049 2215 bonum,
2090 2136 2396 2217 conjungit,
2421 2147 2511 2189 non

465 2242 666 2296 autem
708 2254 919 2296 verum
955 2236 1184 2312 absque
1218 2239 1377 2310 vita,
1430 2253 1541 2297 seu
1588 2237 1737 2296 fides
1794 2237 2025 2316 absque
2078 2241 2389 2311 charitate,
2430 2229 2510 2290 sed

462 2336 642 2414 plura
679 2337 753 2396 de
806 2337 898 2396 his
943 2337 1259 2396 videantur
1303 2339 1365 2397 in
1415 2339 1746 2398 Doc'rnma
1790 2337 2013 2400 Novia
2060 2342 2507 2402 mansamuz,
2618 2341 2620 2362 ³

461 2437 566 2498 ubi
602 2437 676 2499 de
723 2437 1028 2498 charitate
1081 2456 1148 2496 n:
1217 2440 1306 2498 84
1365 2438 1442 2498 ad
1503 2441 1659 2513 107,
1718 2447 1777 2498 et
1838 2440 1911 2500 de
1960 2441 2109 2502 Fide
2172 2459 2241 2500 n:
2293 2437 2411 2499 108
2452 2428 2507 2490 ad

473 2543 628 2600 122.
1222 2617 1226 2620 ‚

621 2644 779 2702 143.
833 2641 1188 2719 Resipisce,
1243 2640 1401 2718 quod
1448 2642 1743 2718 significet
1786 2640 2269 2703 dissociationem
2311 2637 2378 2698 ab
2406 2634 2511 2702 illis,

461 2749 698 2802 constat
731 2761 806 2803 ex
849 2742 1280 2820 significatione
1320 2743 1711 2820 resipiscere,
1750 2759 1887 2800 cum
1922 2743 1997 2802 de
2030 2743 2155 2804 illis
2192 2757 2340 2818 quae
2366 2733 2511 2810 signi-

457 2841 709 2904 ficantur
748 2861 858 2920 per
895 2844 1226 2902 doctrinam
1265 2842 1552 2916 Balaam,
1610 2851 1671 2902 et
1718 2859 1831 2918 per
1865 2842 2197 2907 doctrinam
2229 2831 2509 2914 Nicolaita-

457 2958 618 3016 rum,
661 2944 822 3020 quod
855 2947 934 3004 sit
967 2943 1280 3004 dissociari
1319 2943 1395 3002 ab
1435 2943 1584 3018 iilis;
1639 2944 2060 3020 resipiscentia
2094 2961 2209 3005 nec
2248 2937 2397 3002 aliud
2426 2937 2509 3004 est,

461 3059 598 3100 nam
667 3060 786 3102 non
841 3050 934 3103 est
989 3045 1168 3104 alicui
1221 3045 1669 3121 resipiscentia,
1758 3047 1874 3104 nisi
1932 3046 2279 3107 actualiter.
2310 3036 2509 3116 separet

461 3157 529 3200 se
581 3143 656 3202 ab
701 3143 819 3203 illis
861 3162 898 3202 a
938 3145 1152 3221 quibus
1205 3146 1494 3221 resipuit,
1568 3152 1629 3204 et
1675 3152 1819 3204 tunc
1872 3134 2118 3222 separat
2174 3163 2241 3204 se
2290 3141 2359 3200 ab
2404 3135 2507 3204 illis,

461 3259 598 3302 cum
650 3243 802 3320 fugit
832 3243 973 3312 illa,
1031 3251 1091 3303 et
1129 3252 1444 3306 aversatur
1478 3245 1615 3321 illa3
1668 3247 1827 3322 quod
1870 3246 1985 3304 hoc
2024 3250 2101 3306 sit
2140 3234 2507 3322 resipiscentia

459 3359 568 3404 seu
615 3345 1010 3422 poenitentia,
1069 3345 1344 3404 videatur
1399 3347 1459 3404 in
1520 3345 1847 3406 Docrnnu
1898 3346 2111 3408 Noun
2156 3347 2503 3406 Hmnosom-

459 3465 588 3504 nun
640 3465 706 3506 n:
779 3447 916 3505 159
953 3445 1220 3504 ad172.
2236 3460 2242 3464 ·

619 3550 780 3606 144.
837 3545 942 3604 Sin
981 3547 1206 3618 minus,
1267 3547 1505 3606 veniam
1540 3545 1647 3606 tibi
1685 3549 1832 3617 cito,
1896 3554 1955 3607 et
2006 3545 2284 3624 pugnabo
2338 3539 2505 3600 contra
2618 3561 2620 3576 ι

455 3647 590 3707 illos
627 3646 960 3723 romphaea
1003 3648 1120 3704 oris
1158 3649 1292 3722 mei,
1349 3648 1507 3724 quod
1540 3648 1853 3724 significet,
1895 3650 1947 3707 si
1986 3667 2128 3723 non,
2169 3663 2299 3707 cum
2333 3637 2501 3702 visita-
2619 3695 2620 3698 ,

456 3750 538 3806 tio
572 3749 763 3820 venit,
812 3747 969 3823 quod
1008 3745 1455 3824 dispergentur,
1504 3756 1737 3808 constat
1778 3767 1855 3808 ex
1890 3748 2313 3824 significatione
2340 3735 2503 3798 venire
2618 3799 2620 3814 Ι

454 3848 562 3906 tibi
597 3849 730 3922 cit0,
771 3865 912 3906 cum*
931 3847 1004 3908 de
1034 3847 1312 3919 Domin0‚
1351 3848 1511 3926 quod
1546 3850 1625 3909 sit
1650 3851 1937 3919 visitatio,
1982 3849 2056 3908 de
2094 3866 2213 3926 qua
2244 3841 2499 3920 sequium

409 3995 420 4004 .
457 3951 518 4007 et
553 3963 630 4006 ex
664 3947 1094 4025 significatione
1130 3950 1497 4026 romphaeae
1534 3953 1685 4024 oriS,
1728 3950 1889 4027 quod
1923 3952 2001 4010 sit
2034 3966 2239 4010 verum
2270 3942 2501 4022 pugnans
2618 3975 2620 4036 5

455 4053 662 4107 contra
705 4049 960 4124 falsum,
1025 4054 1084 4108 et
1137 4055 1280 4108 tunc
1326 4049 1621 4127 dispersio
1672 4050 1989 4126 falsorum,
2058 4049 2135 4110 de
2186 4063 2297 4126 qua
2336 4046 2493 4113 suPffl’

451 4166 524 4207 n:
587 4153 618 4208 7
635 4151 670 4208 3
731 4156 790 4210 et
851 4150 1020 4225 1313
1092 4150 1188 4210 hic
1243 4157 1445 4210 autem
1502 4151 1799 4226 dispersio
1850 4150 2121 4226 illorum,
2205 4147 2300 4224 qui
2336 4131 2498 4240 tenen}

453 4247 782 4312 doctrinam
815 4248 1095 4324 Balaam,
1153 4255 1212 4308 et
1253 4249 1580 4310 doctrinam
1613 4250 2070 4327 Nicolaitarum,
2109 4251 2220 4310 hoc
2258 4249 2371 4316 est,
2419 4243 2497 4307 <1⁰¹
