2700 4792
471 379 585 434 224
854 365 1338 423 APOCALYPSIS
1382 365 1816 424 EXPLICATA.
1896 367 1943 435 §.
1988 374 2113 428 163.

475 532 580 607 qui
619 530 982 604 transgressi
1027 533 1169 587 sunt
1223 535 1285 598 et
1341 534 1782 604 peccaverunt3
1866 529 2227 602 quapropter
2276 524 2513 588 Dominus
2594 449 2611 536 Ἴ

475 630 626 688 dixit
669 633 916 705 aegroto
956 627 1034 687 ad
1067 629 1363 705 piscinam
1398 625 1743 686 Bethesdae
1799 626 2005 700 „Ecce
2032 640 2212 684 sanus
2252 625 2419 686 sactus
2450 644 2514 702 es,
2610 637 2612 684 2

473 747 553 790 ne
588 744 779 805 pecca
805 728 1080 804 amplius,
1119 745 1193 787 ne
1233 727 1381 804 quid
1404 727 1583 804 pejus
1620 727 1729 785 tibi
1762 725 1951 802 fiat;“
2002 732 2065 784 et
2097 724 2402 803 paralytico
2437 745 2522 804 per

475 836 704 888 tectum
753 828 1018 888 demisso
1065 830 1128 888 in
1171 828 1359 902 lecto,
1431 827 1575 904 quid
1614 833 1711 886 est
1756 825 1993 886 facilius
2044 826 2269 900 dicere,
2320 829 2524 886 remissa

477 935 618 990 sunt
643 927 752 988 tibi
785 934 1057 1006 peccata,
1095 929 1224 988 sive
1253 943 1433 1005 surge
1468 927 1613 986 tolle
1648 926 1871 988 lectum
1910 933 1971 986 et
2004 925 2273 986 ambula:
2322 929 2526 1004 quinon
2612 926 2614 1008 1

477 1031 674 1090 sciunt
709 1028 934 1107 aliquid
969 1029 1042 1089 de
1071 1044 1256 1088 sensu
1283 1029 1517 1088 interno
1548 1027 1765 1102 Verbi,
1820 1027 2072 1087 credere
2111 1034 2367 1103 possunt,
2408 1027 2527 1103 quod
2612 1009 2614 1086 ῗ

477 1129 668 1190 verba
693 1146 848 1206 quac
887 1129 1181 1189 Dominus
1210 1127 1499 1206 loquutus
1538 1133 1658 1196 est,
1720 1144 1841 1186 non
1874 1126 2015 1203 plus
2052 1125 2349 1186 involvant
2388 1145 2525 1203 quam

481 1247 636 1308 quae
663 1235 904 1289 exstant
925 1231 988 1288 in
1017 1244 1200 1288 sensu
1226 1227 1457 1302 literae,
1497 1227 1610 1288 sed
1644 1244 1839 1304 usquc
1872 1228 2148 1304 singula,
2186 1245 2333 1304 quae
2360 1227 2525 1285 Domi-

479 1347 596 1390 nus
624 1330 908 1406 loquutus
945 1336 1071 1399 est,
1135 1329 1509 1406 spiritualem
1549 1343 1796 1388 sensum
1834 1327 2093 1398 habent,
2126 1345 2261 1386 nam
2298 1327 2524 1404 loquutus

481 1437 578 1492 cst
615 1447 692 1490 ex
725 1430 983 1500 Divino,
1045 1428 1130 1488 ac'
1157 1431 1244 1494 ita
1275 1429 1457 1489 simul
1492 1445 1695 1488 coram
1726 1427 1913 1489 Coelo
1942 1446 2085 1488 cum
2118 1445 2315 1488 coram
2338 1427 2523 1500 mundo,

484 1531 757 1592 videatur
793 1549 858 1590 n:
889 1531 1103 1590 2533.
1126 1531 1338 1590 4631.
1368 1531 1583 1589 4807.
1614 1530 1825 1588 9048.
1851 1531 2066 1589 9063.
2090 1530 2297 1590 9086.
2318 1529 2520 1588 10126.

495 1633 753 1692 10126.
829 1629 1208 1690 Describitur
1257 1629 1481 1690 Lectus
1520 1629 1637 1707 Ogi
1682 1629 1867 1708 Regis
1902 1630 2241 1690 Baschanis
2280 1629 2359 1688 ita
2408 1626 2526 1704 apud

479 1733 694 1792 Mosen
780 1773 818 1806 „
833 1727 1016 1811 oyus
1061 1730 1214 1791 Rem
1255 1728 1631 1792 Bacchanie
1660 1701 1945 1792 ‘relictas
1976 1731 2133 1811 suit
2182 1730 2261 1791 de
2293 1726 2525 1808 reliquiis

479 1829 838 1909 Rephaim
883 1849 1014 1892 ecce
1049 1828 1248 1892 lectus
1283 1831 1421 1914 ejus
1452 1830 1651 1893 leot-ae
1673 1831 1867 1912 fem-2⁶,
1912 1849 2120 1892 nonne
2153 1829 2265 1894 ille
2296 1830 2361 1890 in
2390 1827 2523 1890 Rab-
2616 1845 2618 1872 ³

481 1930 630 1991 bath
643 1927 938 2011 filioram
961 1931 1318 2004 Ammonis,
1349 1932 1533 2015 cujus
1568 1929 1903 2011 lonyitudo
1935 1950 2159 1994 novem
2182 1927 2465 2003 ulnarum,
2486 1929 2525 1985 et

477 2035 754 2111 quatuor
777 2028 1080 2092 ulnarum
1121 2029 1418 2108 latitudo,
1456 2033 1528 2094 in
1560 2032 1765 2094 cubito
1791 2031 1986 2107 viri,“
2044 2033 2261 2093 Doutr:
2288 2031 2400 2092 111:
2436 2029 2521 2100 113

481 2131 838 2191 describitur
877 2131 960 2190 ibi
989 2131 1104 2210 Ogi
1144 2132 1341 2192 lectus
1361 2176 1378 2205 ,
1440 2136 1585 2211 quia
1638 2141 1769 2193 erat
1830 2151 1907 2193 ex
1958 2135 2235 2211 reliquiis
2268 2131 2523 2208 Rephaim,

481 2239 543 2291 et
570 2233 710 2309 quia
735 2237 866 2291 erat
898 2231 1030 2292 Rex
1054 2233 1432 2309 Baschanis3
1480 2252 1591 2311 per
1624 2233 1925 2311 chhaim
1961 2237 2125 2294 enim
2162 2230 2525 2312 significaban-

481 2339 580 2391 tur
608 2333 794 2408 quiin
835 2350 1038 2394 amore
1075 2335 1169 2392 sui
1205 2351 1357 2410 prae
1398 2334 1533 2394 aliis
1570 2341 1755 2410 erant,
1796 2340 1859 2394 et
1892 2332 2034 2394 inde
2066 2351 2299 2395 summe
2333 2337 2524 2390 natura·
2618 2375 2620 2382 .

479 2431 592 2508 les,
645 2439 706 2492 et
743 2449 820 2492 ex
855 2437 1248 2510 persuasione
1284 2451 1437 2500 suae
1480 2437 1836 2494 eminentiae
1877 2451 2062 2510 super
2100 2436 2255 2495 alios
2298 2437 2355 2493 in
2387 2429 2528 2490 omnis

277 2554 440 2618 [152]
479 2535 720 2611 generis
759 2532 950 2604 falsis,
993 2534 1268 2594 videatur
1307 2553 1379 2594 n:
1432 2537 1592 2595 581.
1632 2537 1841 2594 1268.
1882 2538 2091 2595 1270.
2132 2529 2524 2596 1271.1673.

493 2637 678 2694 7686
697 2653 716 2710 3
759 2642 820 2694 et
855 2651 968 2711 per
993 2634 1373 2694 Basehanem
1406 2635 1851 2712 significabatur
1886 2635 2218 2696 Externum
2256 2632 2525 2699 Ecclesiae,

477 2739 563 2796 ita
609 2735 902 2802 naturale,
943 2741 1072 2793 erat
1113 2737 1270 2794 enim
1303 2735 1587 2794 Baschan
1636 2742 1806 2796 extra
1848 2742 2069 2795 terram
2098 2736 2425 2797 Canaanem
2456 2725 2528 2785 ubi

477 2835 770 2907 Ecclesia,
813 2835 949 2894 ideo
985 2835 1208 2894 Lectus
1237 2835 1371 2912 ejus
1401 2836 1788 2910 describitur,
1834 2838 2081 2913 quinon
2116 2837 2435 2911 descriptus
2456 2843 2525 2886 es-

479 2940 593 3008 set,
637 2937 751 2993 nisi
791 2935 938 2994 talia
963 2953 1074 3013 per
1102 2934 1300 3013 Ogum
1335 2936 1669 3014 significata
1690 2936 1975 3013 fuissent3
2026 2955 2169 2996 nam
2206 2929 2461 3014 quicquid
2488 2927 2528 2983 in
2578 2968 2582 2975 -

480 3033 720 3104 Verbo,
779 3037 958 3094 etiam
1001 3036 1338 3106 Historico,
1396 3042 1788 3112 memoratur,
1845 3038 2045 3113 quoad
2090 3053 2321 3098 ornnem
2367 3042 2527 3090 vocem

481 3131 840 3209 significant,
880 3135 1018 3194 inde
1057 3143 1153 3194 est
1190 3137 1354 3213 quod
1398 3136 1671 3198 Verbum
1706 3139 1787 3195 sit
1818 3139 1878 3196 in
1918 3137 2195 3198 omnibus
2236 3142 2295 3195 et
2330 3126 2528 3206 singulis

483 3232 820 3309 spirituale,
867 3235 1116 3311 proinde
1157 3236 1233 3294 ab
1268 3238 1489 3296 intimis
1528 3238 1607 3299 ad
1640 3236 1850 3297 ultima
1874 3238 2166 3297 Divinum
2181 3258 2198 3314 ;
2248 3235 2379 3294 inde
2412 3243 2526 3306 quo·

482 3349 602 3411 que
642 3339 788 3407 cst,·
826 3334 985 3410 quod
1039 3338 1220 3399 etiam
1254 3343 1653 3398 memoratum
1690 3339 1800 3407 sit,
1853 3339 2013 3415 quod
2046 3339 2268 3398 Lectus
2304 3336 2449 3395 esset
2474 3340 2529 3384 ex

480 3435 638 3496 ferro
653 3478 671 3509 ,
729 3439 790 3492 et
823 3434 985 3510 quod
1021 3443 1184 3495 esset
1219 3439 1280 3496 in
1319 3437 1600 3498 Rabbath
1634 3437 1889 3498 filiorum
1925 3439 2267 3511 Ammonis,
2322 3441 2377 3494 ot
2408 3421 2529 3506 quod

481 3534 788 3612 longitudo
835 3534 966 3611 ejus
1005 3542 1170 3594 esset
1209 3555 1429 3597 novem
1464 3538 1769 3613 ulnarum,
1827 3545 1889 3598 et
1919 3539 2177 3598 latitudo
2222 3541 2450 3615 quatuor
2484 3525 2528 3581 in

481 3636 680 3694 cubito
716 3634 853 3708 viri,
921 3634 1144 3694 ferrum
1199 3639 1357 3696 enim
1404 3638 1703 3715 significat
1738 3637 2062 3713 Naturale,
2121 3639 2380 3697 videatur
2412 3624 2527 3687 infr²

482 3753 551 3792 n:
613 3738 639 3792 1
663 3738 692 3791 7
711 3736 781 3809 63
823 3734 1108 3794 Rabbath
1145 3736 1455 3798 Ammonis
1485 3739 1781 3814 significat
1815 3739 2259 3798 falsificationes
2284 3732 2423 3802 veri,
2453 3724 2524 3780 vi·

482 3834 780 3894 deaturin
817 3834 1158 3895 Ancams
1199 3835 1761 3900 Gonnum-nnus
1826 3857 1894 3898 n:
1940 3841 2166 3909 2468;
2206 3855 2274 3897 ac
2312 3827 2520 3905 longiffl·

481 3933 558 3992 do
593 3950 806 3996 novem
833 3935 1110 3995 ulnarum
1139 3942 1202 3996 et
1236 3936 1489 3997 latitudo
1528 3946 1787 4015 quatuor
1814 3940 1877 3998 in
1916 3937 2115 3998 cubito
2152 3940 2263 3996 viri
2281 3979 2298 4011 ,
2342 3920 2522 4004 signifi-

482 4039 580 4093 cat
615 4037 1088 4114 conjunctionem
1135 4036 1276 4096 mali
1328 4044 1390 4096 et
1436 4037 1609 4098 falsi:
1674 4057 1751 4098 cx
1794 4039 1889 4098 his
1932 4038 2125 4098 videri
2161 4039 2349 4115 potest
2384 4017 2516 4102 qualo

481 4140 577 4194 est
608 4133 876 4194 Verbum
911 4139 972 4195 in
1007 4153 1118 4195 suo
1159 4138 1312 4195 sinu.
1400 4137 1558 4212 Quia
1606 4139 1830 4198 Lectus
1882 4137 2177 4216 significat
2228 4130 2513 4196 doctrinam,

476 4233 612 4292 ideo
639 4235 794 4293 inter
821 4241 1050 4294 statuta
1080 4236 1141 4291 in
1167 4234 1441 4294 Ecclesia
1470 4237 1631 4311 apud
1656 4237 1841 4296 Filios
1870 4237 2121 4297 Israe'lis
2160 4241 2283 4298 erat
2327 4211 2512 4306 „Qffd
