2700 4792
333 378 572 434 CAPUT
615 377 1023 437 SECUNDUM.
1701 379 1921 436 VER82
1964 392 2018 444 4.
2180 393 2285 446 127

147 545 372 602 tiones
411 540 542 598 veri
576 545 638 598 et
671 537 813 598 boni
845 539 1238 616 implantatae
1273 547 1415 600 sunt
1448 542 1609 600 vitae
1631 586 1647 614 ,
1699 557 1773 600 n:
1819 542 1906 602 33
1925 545 2031 602 10.
2112 542 2291 620 Quod

153 643 456 704 Charitas
509 640 692 698 faciat
754 639 1123 715 Ecclesiam,
1191 659 1264 700 n:
1341 643 1503 700 809.
1568 643 1728 700 916.
1795 644 2004 703 1798.
2076 645 2285 704 1799.

165 744 400 803 1844.
470 741 680 799 1894.
765 739 941 814 Quod
997 742 1296 799 internum
1358 741 1671 802 Ecclesiae
1720 744 1799 801 sit
1854 742 2145 820 charitas,
2212 762 2285 805 nt

163 844 401 904 4766.
451 841 583 900 582
601 842 660 898 6.
747 839 922 914 Quod
959 857 1080 898 una
1125 841 1403 900 Ecclesia
1454 842 1637 916 soret,
1704 849 1767 902 ct
1812 860 1931 902 non
1976 844 2185 919 plures
2222 851 2290 903 ut

159 943 392 1015 hodie,
445 943 500 999 si
553 957 758 999 omnes
809 947 1228 1016 spectarentur
1279 960 1361 1000 ex
1406 941 1727 1017 charitate,
1798 945 2040 1004 tametsi
2088 944 2289 1026 quoad

162 1041 536 1104 doctrinalia
568 1041 710 1100 fidei
749 1047 808 1098 et
835 1041 1033 1117 quoad
1065 1041 1306 1100 ritualia
1341 1040 1537 1100 cultus
1580 1042 1910 1116 differrent,
1960 1061 2030 1102 n:
2062 1047 2103 1102 .1
2125 1046 2285 1104 286.

173 1145 398 1206 1316.
456 1142 664 1200 1798.
727 1143 935 1199 1799.
995 1142 1204 1200 1834.
1265 1143 1475 1200 1844.
1534 1143 1748 1202 2385.
1802 1144 2015 1201 2982.
2070 1145 2283 1203 3267.

175 1246 404 1306 3451.
488 1240 665 1316 Quod
705 1241 903 1300 cultus
950 1242 1194 1300 Domini
1227 1243 1517 1300 consistat
1550 1244 1613 1300 in
1648 1245 1773 1302 vita
1819 1242 2155 1318 charitatiS,
2210 1261 2285 1302 n:

178 1348 272 1405 82
293 1345 403 1404 54.
455 1342 668 1402 8256.
753 1341 928 1416 Quod
963 1341 1144 1418 quale
1171 1342 1369 1402 cultus
1406 1342 1483 1401 sit
1520 1343 1844 1402 secundum
1874 1343 2053 1420 quale
2089 1343 2291 1404 chari-
2401 1332 2407 1342 ⁸

169 1447 360 1514 tatis,
407 1461 479 1501 n:
534 1445 616 1500 21
637 1443 747 1500 90.

359 1544 508 1601 105.
572 1541 803 1600 Memor
845 1548 976 1601 esto
1027 1543 1230 1618 itaque
1279 1542 1437 1602 unde
1476 1543 1797 1618 excideris,
1866 1550 1925 1602 et
1973 1545 2283 1620 resipisce,

183 1650 256 1703 et
303 1644 492 1718 prima
533 1657 722 1718 opera
759 1643 887 1711 sac,
939 1641 1102 1717 quod
1145 1642 1441 1717 significet
1486 1642 1963 1703 recordationem
2002 1645 2283 1720 priorum,

179 1751 252 1804 et
294 1743 432 1802 inde
467 1741 626 1819 quod
688 1743 1058 1802 deviaverint
1093 1759 1130 1799 a
1163 1759 1338 1816 vero,
1404 1759 1475 1801 ac
1524 1750 1592 1802 ut
1648 1746 1710 1801 in
1764 1746 2025 1802 animum
2085 1745 2291 1804 veniat

176 1846 406 1904 bonum
449 1845 613 1902 vitae
657 1843 1008 1908 inchoantis.
1043 1841 1389 1918 Ecclesiae,
1448 1849 1681 1902 constat
1732 1861 1806 1902 ex
1856 1844 2287 1920 significatione

175 1961 412 2004 memor
449 1959 619 2016 esse,
679 1943 840 2017 quod
873 1943 970 2002 hic
1005 1945 1088 2002 sit
1121 1942 1459 2002 recordatio
1499 1946 1763 2019 priorum
1782 1963 1797 2018 3
1870 1961 1944 2002 ex
1982 1945 2285 2020 significa-

171 2047 342 2103 tione
377 2042 537 2100 unde
575 2042 904 2117 excideriS,
963 2041 1123 2118 quod
1161 2044 1240 2101 sit
1281 2043 1541 2102 deviatio
1581 2043 1751 2117 inde,
1814 2047 1899 2102 ita
1942 2044 2205 2104 deviatio
2250 2063 2289 2102 a

171 2161 324 2204 vero
341 2164 358 2219 3
411 2160 490 2202 ex
525 2142 958 2218 significatione
994 2145 1385 2218 resipiscere,
1448 2143 1609 2220 quod
1660 2146 1738 2202 sit
1788 2151 1853 2202 ut
1914 2145 1977 2202 in
2027 2147 2288 2203 animum

185 2246 422 2318 veniat3
499 2248 558 2302 et
607 2259 683 2302 ex
735 2242 1164 2318 significatione
1212 2244 1407 2318 prima
1465 2261 1651 2319 opera
1700 2243 1931 2318 facere,
2001 2244 2161 2318 quod
2206 2247 2291 2302 sit

177 2345 406 2404 bonum
434 2345 597 2400 vit-ae
621 2343 955 2402 inchoantis
991 2343 1328 2419 Ecclesiae3
1386 2345 1547 2420 quod
1584 2360 1771 2420 opera
1804 2345 1923 2404 sint
1960 2346 2157 2402 omnia
2180 2343 2287 2402 illa

175 2448 346 2504 vitae
401 2458 558 2518 quae
595 2443 926 2517 procedunt
955 2461 1030 2502 ex
1065 2460 1268 2502 amore
1300 2450 1361 2503 et
1384 2443 1533 2513 fide,
1576 2443 1853 2525 videatur
1912 2460 1990 2500 n:
2050 2445 2171 2517 983
2228 2451 2289 2504 et

182 2543 356 2620 quod
387 2543 584 2616 prima
615 2559 826 2617 opera,
881 2561 1036 2619 quae
1071 2549 1212 2602 sunt
1262 2542 1596 2618 charitaiis,
1654 2545 1776 2601 sint·
1808 2558 1963 2617 quae
1995 2541 2285 2601 inchoan·-

183 2646 272 2703 tis
319 2640 667 2714 Ecclesiae,
726 2660 862 2700 mox
911 2659 1102 2720 supra
1175 2661 1242 2702 n:
1305 2645 1463 2702 104.
1566 2641 1745 2717 Quod
1792 2643 1920 2699 vita
1958 2641 2288 2700 secundum

175 2743 568 2821 cogniti-ones
607 2744 686 2800 sit
725 2745 1046 2803 essentiale
1087 2744 1425 2818 Ecclesiae,
1486 2749 1547 2802 et
1580 2760 1700 2801 non
1738 2741 2103 2818 cognitiones
2140 2740 2287 2800 abs-

179 2863 302 2922 que
331 2844 459 2901 vita
487 2843 814 2903 secundum
839 2844 1005 2919 illas,
1037 2850 1312 2904 constare
1347 2849 1551 2921 potest
1589 2844 1881 2904 unicuivis
1910 2843 2015 2918 qui
2050 2858 2284 2919 expen-

179 2945 298 3018 dit3
361 2944 728 3018 cognitiones
779 2947 960 3019 enim,
1019 2945 1303 3021 quamdiu
1349 2963 1469 3002 non
1504 2945 1725 3004 vivitur
1760 2942 2088 3002 secundum
2126 2941 2283 3014 illas,
2328 2950 2448 3014 [91]

183 3043 451 3104 resident
495 3045 688 3102 solum
723 3046 784 3102 in
831 3046 1148 3119 memoria,
1219 3051 1278 3103 et
1321 3044 1603 3120 quamdiu
1640 3045 1723 3104 ibi
1770 3043 1964 3102 solum
2002 3044 2287 3114 resident,

186 3159 313 3202 non
356 3141 618 3202 afficiunt
665 3145 950 3204 interiora
987 3145 1272 3218 hominiS,
1344 3160 1481 3204 nam
1534 3147 1821 3203 memoria
1872 3145 2096 3203 homini
2148 3144 2289 3203 data

191 3248 322 3316 est,
361 3247 427 3298 ut
463 3244 538 3300 sit
572 3245 1050 3319 receptaculum,
1087 3263 1124 3304 a
1162 3262 1278 3321 quo
1315 3244 1703 3304 desumantur
1740 3261 1893 3320 quae
1931 3245 2289 3304 inservitura

187 3347 334 3400 sunt
381 3343 569 3412 vitae,
637 3350 697 3401 et
745 3349 888 3403 tunc
935 3347 1266 3405 inserviunt
1302 3345 1464 3402 vitae
1502 3345 1740 3420 quando
1780 3345 1959 3402 homo
2006 3343 2138 3402 vult
2180 3342 2288 3402 illa

181 3448 245 3502 et
279 3443 426 3500 facit
460 3441 598 3500 illa:
662 3449 826 3500 totus
873 3446 1120 3518 spiritus
1168 3444 1422 3502 hominis
1478 3461 1593 3502 non
1642 3450 1734 3502 est
1778 3445 1895 3503 nisi
1940 3461 2121 3524 quam
2175 3455 2287 3498 sua

182 3543 503 3610 voluntaS‚
548 3549 915 3620 quapropter
950 3544 1155 3616 homo,
1215 3561 1350 3602 cum
1378 3542 1443 3601 fit
1473 3545 1752 3620 spiritus,
1799 3559 1917 3601 non
1950 3545 2153 3617 potest
2185 3555 2286 3596 re-

179 3644 400 3700 sistere
452 3640 632 3700 alicui
690 3645 780 3700 rei
827 3661 982 3720 quae
1039 3649 1134 3702 est
1205 3649 1412 3702 contra
1456 3644 1827 3702 voluntatem
1885 3641 2050 3715 ejus,
2122 3643 2284 3696 totus

183 3743 344 3800 enim
402 3742 610 3799 nititur
657 3743 718 3798 in
759 3743 853 3802 id:
915 3743 1074 3818 quod
1113 3746 1199 3802 ita
1243 3745 1353 3816 sit,
1416 3744 1793 3800 notissimum
1842 3745 1937 3798 est
1974 3739 2033 3794 in
2069 3734 2285 3794 mundo

183 3841 506 3918 spirituali,
559 3847 620 3900 et
661 3858 904 3919 quoque
945 3842 1068 3902 vidi
1109 3843 1484 3918 exploratum
1524 3840 1873 3915 aliquotieS,
1926 3854 2067 3894 num
2104 3837 2283 3911 spiri-

184 3946 279 4000 tus
330 3941 529 4016 possit
577 3941 780 4000 facere
827 3950 1034 4002 eontra
1079 3959 1250 4001 suam
1296 3941 1697 4012 voluntatem,
1758 3952 1829 3996 ex
1868 3953 1988 4013 qua
2032 3935 2135 3996 ille
2174 3942 2285 4012 est,

186 4046 244 4098 et
291 4045 664 4115 compertum
712 4043 872 4116 quod
925 4059 1046 4100 non
1081 4048 1321 4118 posset:
1376 4037 1515 4098 inde
1556 4039 1780 4114 patuit,
1838 4038 1998 4116 quod
2032 4037 2289 4098 hominis

187 4140 461 4199 voluntas
511 4142 589 4198 sit
624 4158 780 4218 quae
815 4143 1032 4201 format
1067 4144 1339 4218 spiritum
1376 4140 1537 4216 ejus„
1594 4145 1655 4198 et
1692 4139 1852 4213 quod
1887 4140 2137 4214 spiritus
2172 4137 2289 4198 ho·

187 4241 387 4309 minis,
421 4245 744 4316 postquam
773 4242 1013 4318 reliquit
1039 4257 1275 4317 corpuS,
1323 4241 1401 4297 sit
1438 4255 1551 4296 sua
1586 4237 1881 4305 voluntas.
1942 4238 2084 4298 Sive
2123 4236 2291 4294 dicas
