2700 4792
426 377 534 429 35ss
833 361 1320 419 APOCALYPSIS
1368 363 1801 423 expuens
1876 365 1928 432 ς.
1974 371 2101 426 225.

425 527 648 599 scribe,
691 523 984 601 significat
1015 524 1152 582 illos
1190 525 1291 599 qui
1327 526 1387 582 in
1415 523 1545 582 soia
1578 524 1695 584 fide
1732 530 1886 597 sunt,
1926 526 2013 582 ita
2048 527 2149 600 qui
2178 526 2238 582 in
2270 523 2381 582 fide
2414 540 2505 582 se·
2617 519 2620 526 '

422 631 637 704 parata
673 643 709 684 a
743 625 1063 684 charitate:
1113 624 1264 683 haec
1301 624 1444 682 dicit
1476 625 1697 699 Amen,
1748 625 1950 684 Testis
1990 624 2183 683 fidelis
2232 630 2291 682 et
2322 637 2504 697 verus,

422 726 719 804 significat
764 741 802 784 a
836 724 968 800 Quo
1006 742 1178 783 omne
1211 742 1422 784 verum
1472 730 1535 783 et
1568 743 1739 784 omne
1776 725 1947 786 fidei:
2007 726 2361 801 principium
2392 725 2512 799 opi-

419 827 540 886 ficii
565 825 702 898 Dei,
731 824 1026 902 significat
1049 825 1226 884 fidem
1255 825 1332 884 ab
1358 825 1501 902 Ipso
1531 843 1685 902 quae
1713 827 1974 902 primum
2000 825 2310 883 Ecclesiae
2336 822 2517 898 quoad
2612 891 2621 908 ς

421 928 870 1004 apparentiam:
933 928 1073 984 novi
1124 931 1230 983 tua
1276 943 1491 1002 opera,
1554 925 1851 1002 significat
1896 929 2083 985 vitam
2132 925 2316 983 solius
2362 923 2513 982 fidei:

424 1027 584 1104 quod
630 1043 740 1085 nec
785 1027 1034 1102 frigidus
1087 1028 1170 1084 sis
1224 1043 1335 1085 nec
1372 1026 1632 1101 calidus,
1698 1026 1997 1103 significat
2034 1025 2196 1102 quod
2230 1027 2335 1098 sit,
2394 1025 2517 1098 quia

421 1127 652 1204 absque
681 1125 1012 1196 charitate,
1055 1129 1215 1184 inter
1264 1127 1498 1186 coelum
1552 1135 1612 1184 et
1644 1128 1973 1186 infernumz
2024 1127 2255 1184 utinam
2288 1123 2515 1200 frigidus

422 1245 592 1288 esses
642 1233 746 1286 aut
781 1226 1040 1300 calidus,
1080 1226 1377 1302 significat
1412 1225 1570 1304 quod
1603 1233 1875 1303 praestet
1910 1234 1977 1285 ut
2012 1227 2185 1285 nulla
2219 1224 2381 1296 fides,
2426 1228 2517 1279 aut

420 1334 488 1387 ut
521 1330 600 1386 sit
633 1327 764 1386 sola
797 1326 1086 1385 charitas:
1117 1329 1320 1402 itaque
1360 1329 1499 1402 quia
1525 1327 1765 1403 tepidus
1802 1344 1885 1402 es,
1941 1327 2243 1404 significat
2267 1324 2397 1383 illos
2430 1323 2519 1398 qui

425 1431 630 1488 vivunt
665 1445 740 1486 ex
769 1427 1038 1486 doctrina
1070 1427 1146 1486 de
1175 1427 1307 1485 sola
1331 1427 1449 1485 fide
1480 1434 1539 1486 et
1559 1427 2020 1504 justificatione:
2060 1434 2124 1486 et
2144 1443 2257 1486 nec
2292 1422 2515 1498 frigidus

421 1545 534 1587 nee
567 1528 828 1601 caliduS,
879 1527 1174 1604 significat
1221 1530 1363 1603 quia
1398 1528 1628 1604 absque
1672 1527 1965 1587 charitate
2014 1531 2175 1586 inter
2210 1525 2432 1584 coelum
2465 1526 2517 1578 et

417 1629 744 1687 infernum:
797 1628 1057 1685 futurum
1094 1633 1153 1686 te
1193 1644 1461 1686 evomam
1500 1646 1578 1686 ex
1616 1645 1719 1686 ore
1756 1645 1907 1700 meo,
1946 1628 2249 1705 significat
2283 1639 2515 1701 separa-

419 1731 638 1786 tionem
679 1744 711 1784 a
751 1728 1184 1803 cognitionibus
1223 1745 1296 1786 ex
1327 1726 1565 1788 Verbo:
1616 1726 1777 1804 quod
1814 1728 1979 1787 dicas
2020 1728 2184 1805 quod
2220 1727 2383 1785 dives
2418 1724 2515 1780 sim

421 1834 480 1886 et
513 1827 938 1903 locupletatus,
976 1835 1036 1886 et
1062 1828 1281 1886 nullius
1311 1845 1464 1904 opus
1490 1829 1766 1897 habeam3
1802 1829 2101 1906 significat
2126 1828 2302 1886 fidem
2334 1839 2514 1884 eorum

419 1926 578 2004 quod
615 1927 860 1986 credant
893 1943 960 1986 se
995 1930 1056 1986 in
1091 1931 1253 1987 veris
1291 1945 1427 1988 esse
1462 1947 1611 2004 prae
1648 1930 1812 1989 aliis:
1868 1936 1929 1988 et
1962 1947 2082 1988 non
2121 1929 2240 1988 scis
2278 1925 2427 2002 quod
2456 1929 2514 1979 tu

417 2031 502 2086 sis
542 2044 962 2100 aerumnos11S,
1020 2029 1316 2104 significat
1361 2029 1519 2104 quod
1552 2047 1671 2088 non
1708 2031 1901 2088 sciant
1938 2031 2099 2105 quod
2140 2029 2293 2088 falsa
2328 2037 2509 2084 eorum
2618 2085 2620 2088 Α

417 2145 552 2186 eum
598 2129 756 2186 veris
809 2128 1034 2186 nullam
1095 2129 1539 2188 cohaerentiam
1594 2130 1879 2189 habeant:
1946 2137 2005 2188 et
2060 2127 2411 2188 miserabilis
2460 2127 2512 2180 et

417 2245 682 2305 pauper,
745 2228 1037 2304 significat
1085 2230 1240 2305 quod
1275 2247 1388 2288 nec
1424 2233 1616 2288 sciant
1664 2230 1823 2306 quod
1854 2230 1973 2289 illis
2017 2249 2137 2288 non
2176 2231 2294 2287 sint
2328 2224 2507 2300 cogni-

415 2331 610 2388 tiones
651 2331 776 2387 veri
826 2344 937 2387 nec
987 2331 1353 2406 cognitiones
1400 2331 1569 2389 boni:
1610 2337 1671 2390 et
1706 2347 1924 2390 caecus
1962 2337 2024 2389 et
2056 2331 2287 2404 nudus,
2342 2324 2505 2400 signi-

417 2429 556 2488 ficat
605 2428 764 2506 quod
812 2432 934 2487 'sint
983 2431 1212 2506 absque
1247 2431 1559 2491 intellectu
1595 2433 1725 2490 veri
1760 2437 1821 2490 et
1856 2432 2087 2507 absque
2124 2429 2425 2490 intellectu
2456 2427 2506 2478 et

415 2529 723 2589 voluntate
758 2530 932 2588 boni:
986 2531 1212 2588 suadeo
1265 2531 1401 2604 tibi,
1452 2533 1747 2608 significat
1797 2533 2057 2591 medium
2096 2523 2504 2590 reformationis

413 2631 649 2690 illorum
689 2632 791 2707 qui
825 2633 884 2688 in
921 2630 1190 2689 doctrina
1225 2630 1298 2690 de
1337 2632 1469 2690 sola
1502 2631 1654 2691 fide:
1712 2649 1911 2692 emere
1950 2649 1987 2690 a
2021 2633 2121 2692 Me
2170 2645 2375 2689 aurum
2410 2640 2503 2682 ex-

415 2731 714 2808 ploratum
750 2733 884 2807 ign-e
919 2737 988 2788 ut
1022 2731 1243 2790 ditatus
1273 2733 1377 2804 sie,
1414 2733 1709 2809 significat
1732 2738 1802 2790 ut
1828 2751 1865 2791 a
1892 2734 2149 2792 Domino
2188 2725 2507 2804 comparent
2618 2719 2620 2722 ⁴

417 2831 534 2889 sibi
567 2833 885 2906 genuinum
921 2831 1140 2890 bonum
1178 2837 1244 2890 ut
1277 2823 1550 2908 recipere
1586 2835 1823 2909 possint
1856 2850 2005 2892 vera
2030 2833 2206 2892 fidei:
2247 2838 2304 2889 ct
2340 2823 2503 2884 vesti-

417 2937 620 2988 menta
653 2929 793 2987 alba
826 2937 892 2988 ut
925 2931 1217 3008 induaris,
1273 2934 1567 3010 significat
1604 2939 1663 2994 et
1697 2936 1954 3010 genuina
1986 2950 2136 2994 vera
2174 2939 2234 2990 et
2266 2927 2397 2988 inde
2426 2925 2502 2980 in-

417 3027 838 3104 telligentiam:
892 3048 967 3089 ne
1019 3039 1314 3109 appareat
1347 3034 1542 3110 pudor
1576 3033 1861 3094 nuditatis
1896 3041 2069 3108 tuae,
2125 3030 2408 3110 significat
2441 3035 2501 3078 ne

419 3131 625 3206 spurci
657 3146 924 3190 amores:
965 3139 1026 3190 et
1060 3132 1304 3210 collyrio
1339 3136 1563 3210 inunge
1600 3133 1806 3194 oculos
1842 3141 1912 3193 ut
1944 3131 2186 3206 videas,
2234 3124 2501 3207 significat

416 3235 486 3286 ut
535 3229 900 3305 aliquantum
961 3234 1266 3308 aperiatur
1315 3234 1690 3292 intellectus:
1752 3236 1880 3311 Ego
1932 3212 2317 3310 quoscunque
2366 3236 2496 3292 ³⁰¹⁰,

423 3346 609 3406 arguo
649 3337 708 3388 et
744 3334 989 3408 castigo,
1029 3333 1322 3408 significat
1358 3337 1717 3392 tentationes
1752 3341 1924 3394 tunc:
1980 3336 2260 3410 zeloage
2298 3343 2427 3403 ergo
2452 3325 2500 3378 θῑ

411 3427 733 3507 resipisce,
774 3431 1068 3507 significat
1103 3439 1168 3490 ut
1203 3435 1280 3491 sit
1315 3433 1431 3492 illis
1471 3434 1759 3492 char-itast
1799 3453 1941 3494 eece
1978 3445 2071 3494 sto
2109 3436 2186 3493 ad
2212 3434 2415 3493 ostium
2448 3425 2497 3478 et

416 3531 614 3608 pu180,
653 3531 946 3608 significat
974 3535 1375 3608 praesentiam
1404 3535 1644 3594 Domini
1683 3544 2067 3612 perpetuam:
2112 3538 2167 3594 si
2193 3536 2321 3612 quis
2348 3523 2496 3586 audi-

417 3634 574 3690 verit
606 3649 818 3690 vocem
853 3649 1076 3706 meam,
1133 3633 1428 3710 significat
1472 3638 1578 3716 qui
1614 3636 1867 3695 attendit
1911 3636 1986 3694 ad
2025 3639 2347 3714 praecepta
2380 3627 2489 3685 Βο-

419 3732 595 3790 mini:
665 3739 726 3790 et
761 3735 1064 3808 aperuerit
1101 3736 1344 3810 ostium,
1414 3734 1707 3811 significat
1740 3739 2149 3812 receptionem
2198 3731 2366 3794 corde
2398 3736 2493 3783 seu

415 3834 630 3893 vitam:
684 3833 916 3892 intrabo
971 3833 1047 3891 ad
1095 3834 1288 3909 illum,
1354 3836 1651 3913 significat
1685 3837 2195 3913 conjunctionem:
2258 3822 2487 3892 coenabo

419 3947 554 3992 cum
587 3932 690 3994 illo
728 3939 788 3992 et
821 3933 924 3993 ille
959 3933 1220 4008 Mecum,
1274 3936 1568 4011 significat
1620 3939 2210 3995 communicationem
2264 3947 2385 3993 cum
2418 3921 2488 3980 eiss

415 4031 762 4090 felicitatum
819 4034 1002 4093 coeli:
1061 4037 1304 4094 vincens
1354 4035 1508 4094 dabo
1558 4037 1613 4094 ei
1658 4036 1871 4096 sedere
1916 4037 2151 4096 Mecum
2206 4017 2262 4095 in
2306 4031 2484 4088 throno

419 4142 584 4196 meo,
638 4131 927 4220 significat
971 4135 1074 4207 qui
1109 4140 1248 4192 tunc
1296 4143 1611 4208 permanet
1656 4135 1734 4194 ad
1768 4137 1945 4194 finem
1980 4141 2140 4196 vitae
2180 4132 2331 4213 quod
2362 4137 2482 4187 001¹·

412 4221 658 4294 junctus
697 4227 808 4282 erit
839 4229 1006 4284 coelo
1058 4232 1158 4288 ubi
1193 4233 1521 4290 Dominus:
1584 4237 1739 4293 sicut
1774 4237 1995 4313 et„Eg0
2034 4240 2184 4306 vici,
2245 4241 2302 4294 et
2333 4222 2481 4288 sod0⁰
