2700 4792
3 10 151 417 τ
400 381 638 437 CAPUT
679 379 1047 447 QUARTUM.
1778 381 1989 436 VERS=
2032 393 2087 445 4.
2246 395 2351 448 451

241 538 416 614 stoli,
473 538 548 598 de
585 537 803 614 quibus
839 536 1054 596 dicitur
1091 536 1250 614 quod
1285 537 1517 597 sessuri
1564 539 1685 598 sint
1718 554 1905 616 super
1938 542 2165 604 thronis
2192 545 2358 622 judi-

241 643 456 700 cantes
515 638 830 698 duodecim
879 635 1100 698 Tribus
1135 636 1401 698 Israe‘lis.
1481 636 1660 714 Quod
1718 638 2032 701 duodecim
2086 644 2365 722 Apostoli

239 739 584 816 significent
621 741 818 798 omnia
864 755 1011 798 vera
1073 755 1148 796 ex
1197 737 1385 811 bono,
1436 738 1714 798 videatur
1772 758 1843 798 n:
1889 745 2101 804 2129.
2146 746 2359 806 3354.

245 841 466 900 3488.
511 841 722 900 3858.
769 840 954 900 6397
974 859 991 913 5
1046 837 1204 914 quod
1239 837 1457 898 similia
1490 837 1804 906 duodecim
1840 840 2059 902 Tribus
2092 843 2361 921 Isra'esslis,

239 958 316 998 n:
365 940 574 1000 3858.
641 942 854 1000 3926.
895 941 1110 999 4060.
1157 939 1369 998 6335.
1460 939 1537 998 Et
1596 939 1755 1015 quod
1815 941 2033 1001 similia
2092 946 2362 1006 seniores

239 1039 530 1111 Israelis,
601 1057 673 1100 n:
741 1041 954 1100 6524.
1025 1040 1236 1099 6525.
1309 1040 1521 1099 6890.
1593 1042 1802 1100 7912.
1862 1043 2073 1104 8578.
2146 1046 2357 1105 8585.

247 1141 466 1200 9376.
529 1142 737 1200 9404.
1057 1197 1064 1204 .

405 1243 490 1299 27
510 1244 569 1299 1.
625 1239 1109 1300 circumamictos
1138 1240 1405 1298 vestibus
1442 1239 1611 1315 albis,
1652 1241 1811 1317 quod
1845 1245 2141 1318 signfficet
2166 1248 2365 1306 omnia

239 1357 394 1399 vera
429 1357 508 1400 ex
539 1339 696 1400 bono
741 1343 804 1400 in
838 1340 1025 1400 coelis
1059 1340 1469 1414 inferioribus,
1526 1347 1761 1400 constat
1811 1359 1887 1402 ex
1933 1343 2362 1421 significatione

241 1443 506 1500 vestium
541 1441 840 1516 albarum,
901 1439 1060 1516 quod
1105 1443 1224 1501 sint
1258 1459 1407 1500 vera
1452 1439 1790 1510 minantia,
1842 1459 1995 1517 quae
2046 1445 2107 1503 in
2154 1447 2361 1520 specie

241 1547 388 1599 sunt
422 1559 570 1601 vera
607 1540 934 1601 scientifica
979 1547 1039 1600 et
1075 1543 1477 1618 cognitiones,
1535 1541 1609 1602 de
1668 1558 1788 1619 qua
1840 1558 2025 1618 supra
2085 1561 2154 1602 n:
2204 1545 2361 1604 195.

253 1645 285 1699 1
307 1641 417 1701 96.
465 1645 494 1700 1
515 1643 634 1717 985
674 1648 734 1700 et
769 1642 911 1718 quia
943 1644 1006 1700 in
1038 1641 1132 1701 his
1170 1644 1332 1701 veris
1371 1648 1510 1700 sunt
1540 1641 1707 1702 Coeli
1741 1643 2071 1719 inferiores,
2110 1642 2247 1704 ideo
2273 1643 2365 1705 illi

239 1741 670 1818 significantur.
729 1741 904 1818 Quod
929 1741 1152 1802 Vestes
1191 1741 1367 1802 albae
1404 1743 1737 1819 significent
1773 1742 1990 1804 Coelos
2026 1745 2359 1819 inferiores,

240 1859 543 1919 apparere
577 1847 780 1918 potest
825 1844 982 1900 sieut
1014 1842 1276 1901 alienum
1308 1843 1429 1902 illis
1476 1845 1581 1919 qui
1630 1862 1747 1904 non
1782 1847 1978 1904 sciunt
2024 1844 2252 1922 aliquid
2286 1846 2363 1907 de

242 1945 618 2020 apparentiis
681 1950 742 2000 ct
799 1944 1328 2018 repraesentativis
1389 1945 1453 2002 in
1498 1943 1713 2020 Coe103
1794 1963 2001 2006 omnes
2050 1949 2112 2006 in
2163 1945 2363 2008 Coelis

241 2045 584 2102 vestiuntur
629 2040 962 2103 secundum
1006 2059 1182 2115 vera,
1251 2059 1320 2101 ac
1368 2061 1515 2102 vera
1564 2045 1845 2104 inferiora
1892 2047 2366 2123 correspondent

239 2142 552 2215 Vestibus,
596 2150 656 2201 et
695 2145 834 2218 quia
871 2141 1040 2201 Coeli
1072 2143 1385 2202 inferiores
1420 2145 1481 2202 in
1514 2143 1607 2202 his
1636 2146 1791 2202 veris
1829 2152 1999 2220 sunt,
2036 2146 2174 2205 ideo
2212 2163 2365 2223 quo-

237 2260 360 2319 que
396 2242 620 2302 Vestes
659 2241 1024 2320 Angelorum
1075 2245 1136 2301 in
1190 2242 1605 2318 superioribus
1644 2243 1843 2302 Coelis
1892 2246 2365 2322 correspondent

246 2341 406 2401 mist
471 2343 578 2402 sed
623 2343 737 2402 hoc
785 2359 1063 2402 arcanum
1128 2341 1348 2401 clarius
1394 2342 1817 2416 comprehendi
1862 2352 2065 2419 potest
2112 2364 2190 2405 ex
2222 2345 2363 2417 illis,

255 2457 413 2514 quae
461 2443 532 2501 de
580 2443 869 2503 Vestibus
933 2442 1148 2518 quibus
1197 2441 1389 2500 induti
1447 2448 1589 2500 sunt
1626 2440 1871 2518 Angeli,
1938 2446 2000 2502 in
2034 2443 2238 2521 Opere
2285 2446 2363 2506 de

257 2537 470 2598 Conso
497 2559 570 2599 nr
593 2543 864 2602 Ins-nano
900 2561 970 2602 n:
1008 2546 1035 2601 l
1056 2547 1088 2602 7
1107 2549 1137 2602 7
1175 2542 1252 2600 ad
1287 2544 1445 2617 182,
1485 2541 1643 2601 dicta
1670 2549 1731 2602 et
1757 2547 2001 2601 ostensa
2026 2549 2167 2600 sunt
2178 2563 2195 2616 3
2235 2551 2362 2604 tum

243 2657 326 2699 ex
363 2639 483 2700 illis
519 2659 668 2718 quae
703 2648 1160 2720 repraesentata
1186 2650 1246 2702 et
1273 2643 1606 2720 significata
1633 2649 1771 2702 sunt
1803 2659 1914 2718 per
1940 2641 2161 2702 Vestes
2190 2636 2360 2703 Aha-

239 2743 406 2802 ronis
463 2749 524 2802 et
570 2743 853 2802 Filiorum
903 2743 1062 2821 ejus,
1135 2742 1210 2802 de
1261 2744 1476 2820 quibus
1512 2745 1573 2802 in
1608 2745 1883 2804 Ancams
1922 2741 2358 2818 contusa-mus,

237 2859 310 2901 nx
356 2844 567 2903 9814.
616 2846 890 2920 100685
944 2850 1011 2902 ut
1048 2849 1108 2903 et
1143 2844 1283 2920 quid
1316 2861 1429 2922 per
1462 2843 1685 2904 Vestes
1711 2843 1953 2903 Domini
1988 2859 2122 2902 cum
2156 2848 2359 2902 trans-

237 2941 566 3015 formatuS,
603 2961 672 3002 n:
717 2946 924 3002 9212.
971 2945 1181 3003 9216.

399 3047 562 3102 272.
616 3045 694 3102 Et
725 3043 1030 3103 habebant
1063 3059 1250 3119 super
1284 3043 1583 3120 capitibus
1644 3045 1771 3104 suis
1836 3061 2087 3106 coronas
2124 3060 2360 3115 aureas,

237 3135 402 3218 quod
437 3143 733 3220 significet
760 3146 958 3203 omnia
987 3160 1134 3202 vera
1157 3145 1220 3202 in
1246 3143 1513 3203 ordinem
1540 3144 1835 3223 disposita
1861 3163 1898 3202 a
1923 3147 2143 3207 Divino
2170 3145 2359 3220 Bone,

233 3242 328 3300 ita
363 3259 602 3320 quoque
665 3261 870 3303 omnes
909 3242 1123 3303 Coelos
1185 3245 1451 3320 priores,
1508 3253 1743 3304 constat
1800 3263 1877 3304 ex
1928 3247 2362 3325 significatione

235 3342 452 3419 viginti
503 3349 758 3420 quatuor
803 3345 1106 3404 seniorum
1167 3345 1270 3422 qui
1317 3360 1503 3420 super
1555 3347 1765 3422 viginti
1828 3354 2087 3421 quatuor
2132 3348 2362 3408 thronis

239 3444 444 3502 amicti
485 3443 761 3503 vestibus
815 3443 996 3517 albis,
1067 3442 1225 3520 quod
1273 3444 1393 3502 sint
1442 3445 1639 3504 omnia
1673 3445 1841 3505 Vera
1876 3444 2225 3516 Coelorum,
2275 3448 2361 3504 ita

7 3532 11 3667 ἰ
237 3557 446 3601 omnes
471 3543 627 3603 coeli
651 3523 772 3603 tam
801 3545 1143 3619 superiores
1173 3561 1351 3619 quam
1374 3544 1706 3615 inferiores,
1744 3543 1817 3602 de
1856 3561 1977 3619 qua
2003 3561 2142 3603 mox
2168 3560 2359 3620 supra
2397 3555 2558 3620 [298]

234 3657 307 3700 n:
353 3645 515 3701 270.
559 3647 736 3718 2715
793 3650 852 3702 et
889 3659 965 3702 ex
1000 3642 1433 3719 significatione
1470 3659 1727 3702 coronae
1765 3659 2015 3718 aureae,
2073 3643 2235 3728 quod
2281 3645 2362 3706 sit

233 3739 518 3800 Divinum
551 3741 821 3813 Bonum,
873 3761 948 3804 ex
985 3759 1100 3818 quo
1134 3758 1311 3813 vera,
1364 3741 1439 3801 de
1476 3758 1595 3816 qua
1627 3742 1924 3817 sequitur:
1980 3744 2179 3801 omnia
2215 3761 2365 3805 vera

235 3839 407 3900 Coeli
441 3847 504 3902 et
529 3842 842 3903 Ecclesiae
877 3849 1018 3902 sunt
1055 3861 1132 3902 ex
1166 3841 1387 3900 Divino
1421 3841 1627 3917 Bono3
1680 3857 1830 3900 vera
1864 3857 2020 3917 quae
2067 3858 2186 3900 non
2220 3842 2361 3903 inde

235 3947 375 3998 sunt
406 3958 528 4001 nou
562 3950 702 4001 sunt
733 3961 910 4020 vera3
965 3960 1113 4002 vera
1149 3958 1304 4019 quae
1340 3959 1461 4001 non
1496 3958 1571 4002 ex
1603 3939 1760 4001 bono
1804 3947 1971 4016 sunt,
2028 3946 2173 4000 sunt
2206 3942 2363 4001 sicut

233 4045 473 4100 crustae
512 4041 742 4118 absque
780 4042 1015 4117 nucle0,
1074 4060 1144 4102 ac
1181 4043 1339 4102 sicut
1374 4043 1584 4104 domus
1621 4044 1682 4100 in
1718 4059 1839 4119 qua
1872 4058 1990 4100 non
2029 4041 2205 4112 homo
2240 4041 2356 4102 ha-

231 4139 413 4216 bitat,
467 4140 580 4202 sed
628 4142 758 4201 fera
767 4163 785 4220 3
842 4143 988 4202 talia
1037 4144 1218 4202 etiam
1284 4149 1425 4202 sunt
1480 4161 1622 4220 vera
1672 4159 1826 4220 quae
1882 4141 2023 4204 fidei
2067 4148 2359 4204 vocantur

228 4238 458 4316 absque
503 4240 663 4301 bono
711 4242 1050 4316 charitatiS,
1105 4242 1325 4302 bonum
1384 4245 1691 4307 charitatis
1743 4249 1841 4305 est
1872 4243 2095 4303 bonum
2152 4261 2187 4301 a
2222 4242 2355 4305 Do-

1872 4346 1907 4400 2
1924 4345 1958 4401 9
1999 4335 2036 4377 '⁸¹
