2700 4792
354 364 592 420 CAPUT
633 363 930 418 PRIMUM.
1634 363 1845 421 VERS:
1888 374 1944 426 2.
1990 375 2043 427 3.
2242 377 2311 428 13

21 519 53 570 V
179 528 394 595 tione,
453 525 598 599 quia
629 524 719 580 ita
747 522 901 581 vidit
941 529 1045 580 aut
1081 521 1338 598 audivit3
1396 539 1606 581 verum
1640 523 1701 582 in
1736 525 2154 600 spiritualibus
2194 526 2309 596 alh·

177 633 316 699 ter,
368 641 510 684 nam
543 623 696 682 haec
731 622 983 698 implent
1009 628 1194 681 totam
1227 623 1416 681 vitam
1453 629 1513 682 et
1552 623 1777 683 faciunt
1810 626 2005 700 illam3
2059 629 2307 703 spiritus

175 727 489 796 hominis,
542 725 602 781 in
640 741 758 800 quo
796 725 919 781 vita
941 724 1194 781 hominis
1230 725 1513 799 primario
1547 725 1801 800 residet,
1858 744 1977 785 non
2013 726 2178 785 aliud
2214 734 2311 787 est

179 845 380 904 quam
415 842 526 884 sua
560 824 838 882 voluntas
889 831 992 881 aut
1033 840 1180 882 suus
1223 841 1419 897 amor,
1486 841 1557 883 ac
1601 825 1739 884 inde
1786 842 1933 885 suus
1966 827 2308 888 intellectus

181 935 252 987 et
291 943 411 987 sua
445 925 626 994 fideS,
686 931 746 983 et
795 941 896 982 cor
942 927 1003 981 in
1038 923 1242 982 Verbo
1293 923 1590 999 significat
1638 925 2005 985 voluntatem
2040 933 2101 987 et
2136 944 2307 986 amo-

179 1046 356 1102 rem,
397 1033 460 1084 et
489 1025 628 1083 inde
655 1023 1024 1083 intellectum
1062 1031 1122 1082 et
1147 1022 1353 1082 fidem:
1406 1023 1545 1082 inde
1578 1031 1777 1100 patet,
1824 1026 1981 1085 unde
2022 1031 2116 1086 est
2151 1027 2337 1104 quod.

183 1146 312 1204 per
361 1128 572 1186 testari
617 1128 678 1184 in
726 1141 910 1182 sensu
959 1124 1256 1201 spirituali
1307 1123 1676 1200 intelligatur
1731 1141 2057 1201 agnoscere
2108 1128 2305 1186 corde.

187 1227 364 1305 Quia
396 1243 510 1302 per
547 1225 664 1285 Cor
713 1223 1082 1300 significatur
1126 1224 1347 1283 bonum
1397 1227 1645 1295 amoris,
1700 1232 1761 1284 et
1810 1225 1923 1285 hoc
1977 1227 2171 1286 solum
2216 1234 2310 1286 est

189 1329 368 1405 quod
404 1328 674 1401 agnoscit
709 1325 996 1383 Divinum
1042 1342 1284 1399 verum,
1351 1340 1423 1382 ac
1470 1324 1755 1383 Divinum
1801 1325 2042 1385 Domini
2074 1328 2135 1385 in
2170 1327 2305 1386 Hu-

186 1445 385 1486 mano
416 1425 650 1501 Ipsius,
706 1432 764 1484 et
812 1425 874 1483 id
921 1424 1143 1484 bonum
1193 1441 1303 1500 per
1339 1423 1688 1485 Johannem
1716 1427 2111 1502 significatur,
2171 1427 2309 1486 ideo

197 1531 392 1587 etiam
431 1524 732 1585 Johannes
769 1525 939 1600 dicit,
1006 1525 1166 1602 quod
1203 1530 1455 1583 testetur
1488 1525 1737 1584 verbum
1782 1526 1901 1586 Dei
1938 1533 1998 1585 et
2034 1529 2307 1587 testimo-

189 1631 368 1686 nium
403 1626 556 1698 Jesu
593 1625 841 1700 Christi3
897 1632 963 1683 ut
1000 1643 1116 1702 quo
1131 1643 1247 1702 que
1275 1612 1419 1683 alibi
1464 1623 1606 1699 „Et
1632 1624 1853 1686 videm
1886 1631 2159 1688 testatus
2191 1631 2305 1704 est,

189 1733 258 1787 et
294 1745 512 1788 verum
549 1731 642 1785 est
677 1725 1111 1786 testimonium
1144 1722 1362 1799 illius,
1421 1730 1481 1784 et
1514 1722 1627 1786 ille
1659 1726 1782 1786 ecit
1817 1725 1985 1806 quod
2017 1745 2167 1788 vera
2200 1726 2309 1788 da·-

190 1834 330 1904 cat,
381 1835 455 1890 ut
481 1845 592 1888 vos
626 1825 948 1887 σνεείοιτίε(ί
997 1827 1216 1886 Johan:
1284 1823 1460 1884 XIX:
1524 1827 1647 1886 35:
1704 1833 1766 1886 et
1798 1827 1940 1886 alibi
1991 1826 2176 1902 „Hic
2212 1832 2309 1887 est

188 1925 562 2010 discipulus
598 1932 839 1987 testans
870 1924 948 1986 de
979 1925 1118 1996 hic,
1155 1931 1215 1986 ec
1248 1926 1526 1986 scribens
1559 1926 1710 1987 haec
1721 1972 1738 2002 ,
1782 1933 1842 1986 et
1877 1927 2115 1989 scimus
2138 1926 2307 2007 quod

183 2047 413 2091 verum
449 2029 539 2088 sit
583 2027 1013 2088 testimonium
1040 2026 1223 2108 ᾐτιᾶτ’(
1267 2026 1308 2085 J
1312 2027 1487 2085 ohan:
1524 2026 1701 2086 XXI:
1746 2031 1857 2086 24.

359 2135 389 2188 1
413 2134 467 2188 1.
509 2129 914 2205 Quaecunque
937 2128 1102 2201 vidit,
1134 2126 1294 2203 quod
1323 2127 1619 2203 significet
1636 2128 2005 2188 intellectum
2020 2129 2141 2188 iuis
2164 2129 2315 2188 illu-

187 2239 485 2304 stratum,
528 2236 762 2288 constat
799 2245 874 2287 ex
910 2223 1340 2304 significatione
1370 2227 1603 2302 videre,
1647 2229 1805 2304 quod
1838 2231 1917 2287 sit
1946 2215 2301 2306 intelligere,

187 2332 270 2392 de
312 2349 432 2408 qua
465 2349 537 2389 n:
572 2331 784 2388 2150.
829 2330 1041 2388 2325.
1088 2330 1300 2387 2807.
1347 2330 1555 2387 3764.
1603 2331 1813 2390 3863.
1853 2331 2063 2389 3869.
2108 2331 2299 2390 4403

187 2433 278 2490 ad
317 2433 458 2488 442
481 2434 540 2488 1.
599 2432 729 2487 107
746 2429 834 2502 Οξ)
854 2448 870 2503 ;
924 2428 1022 2489 hic
1054 2428 1391 2505 intelligere
1429 2446 1505 2488 ex
1538 2428 1969 2500 illustratione,
2028 2432 2305 2507 quoniam

191 2533 402 2608 agitur
437 2529 514 2588 de
547 2527 728 2586 rebus
763 2528 1074 2586 Ecclesiae
1112 2535 1172 2587 et
1211 2528 1407 2603 Coeli,
1457 2545 1611 2604 quae
1646 2548 1764 2589 non
1798 2530 2210 2606 intelliguntur
2245 2535 2307 2588 et

185 2632 612 2707 percipiuntur
641 2645 818 2702 quam
846 2644 919 2686 ex
945 2626 1349 2705 illustratione;
1383 2645 1481 2688 res
1512 2631 1667 2688 enim
1684 2629 1993 2688 Ecclesiae
2034 2635 2093 2688 et
2114 2627 2301 2702 Coeli,

190 2747 354 2807 quae
381 2729 720 2806 spiritualia
754 2734 1072 2804 vocantur,
1131 2746 1246 2787 non
1283 2732 1508 2788 intrant
1543 2731 1605 2786 in
1635 2729 2001 2788 intellectum
2025 2728 2301 2803 hominis,

185 2849 374 2907 »quam
411 2829 609 2888 media
632 2829 768 2888 luce
811 2827 995 2898 Coeli,
1035 2834 1094 2888 et
1119 2829 1225 2888 lux
1260 2821 1428 2890 Coeli
1463 2828 1723 2888 illustrat
1746 2830 1940 2889 illum:
1990 2829 2095 2888 illa
2121 2844 2307 2888 causa

193 2937 327 3006 est,
387 2931 546 3006 quod
579 2929 877 2999 Verbum,
926 2931 988 2986 in
1026 2945 1142 3004 quo
1179 2947 1277 2988 res
1313 2929 1628 2988 Ecclesiae
1666 2937 1727 2989 et
1764 2930 1931 2990 Coeli
1964 2937 2130 3002 sunt,
2184 2947 2303 2988 non

191 3034 394 3107 possit
427 3029 677 3105 intelligi
705 3049 882 3106 quam
911 3029 986 3088 ab
1012 3029 1339 3104 illustram,
1382 3037 1442 3089 et
1467 3030 1841 3090 illustrantur
1874 3031 1962 3091 illi
2010 3031 2150 3106 soli,
2202 3033 2305 3107 qui

192 3131 610 3189 inaffectione
653 3133 780 3192 veri
819 3148 891 3189 ex
926 3130 1084 3188 bono
1121 3136 1262 3188 sunt
1275 3150 1290 3205 3
1351 3131 1600 3206 proinde
1644 3131 1730 3190 illi
1766 3135 1867 3210 qui
1903 3134 1966 3190 in
2000 3149 2203 3191 amore
2240 3133 2303 3188 in

190 3230 516 3289 Dominum
564 3237 620 3288 et
667 3232 725 3287 in
780 3230 1072 3288 charitate
1130 3247 1274 3305 erga
1325 3233 1659 3306 proxi-mum
1710 3240 1875 3308 sunt,
1923 3218 2141 3291 ¹horum
2185 3230 2299 3289 bo-

189 3347 336 3389 num
375 3337 467 3389 est
503 3331 719 3388 bonum
747 3329 1092 3406 spirituale,
1146 3346 1280 3388 cum
1319 3347 1437 3405 quo
1481 3336 1541 3388 et
1576 3347 1647 3392 ex
1688 3351 1804 3410 quo
1844 3340 1937 3392 est
1969 3332 2075 3391 lux
2110 3330 2297 3406 Coeli,

191 3447 348 3505 quae
382 3430 664 3489 illustrat.

355 3533 464 3588 12.
530 3531 778 3605 Beatus,
821 3530 980 3605 quod
1013 3529 1308 3605 significet
1341 3531 1477 3590 illos
1517 3534 1577 3590 in
1606 3533 1822 3608 quibus
1860 3530 2116 3597 coelum,
2152 3545 2299 3586 con-

191 3636 310 3689 stat
349 3647 424 3690 ex
469 3631 902 3708 significatione
947 3630 1144 3700 beati,
1208 3631 1367 3707 quod
1418 3633 1497 3690 sit
1541 3635 1640 3708 qui
1688 3635 1749 3689 in
1798 3638 2110 3688 aeternum
2156 3626 2301 3685 felix

191 3737 301 3806 est,
347 3733 432 3788 ita
465 3733 526 3788 in
567 3749 684 3807 quo
715 3737 807 3790 est
843 3729 1108 3804 coelum3
1159 3730 1707 3808 beatitudo,³quae
1745 3731 1863 3786 non
1901 3734 2149 3787 aeterna
2186 3732 2299 3801 est,

189 3837 442 3889 vocatur
504 3832 746 3907 quidem
802 3829 1143 3904 beatitudO,
1207 3831 1318 3890 sed
1365 3847 1559 3905 usque
1618 3830 1957 3904 respective
2007 3844 2126 3885 non
2186 3833 2297 3904 est,

189 3933 401 3989 transit
436 3933 609 4005 enim,
651 3937 712 3990 et
736 3930 897 4007 quod
935 3932 1150 3989 transit
1181 3932 1519 4006 respective
1552 3930 1628 3988 ad
1659 3929 1722 3987 id
1751 3927 1911 4005 quod
1944 3946 2062 3987 non
2088 3930 2303 3988 transit

193 4038 282 4089 est
318 4034 475 4089 sicut
509 4031 672 4090 nihil.
742 4032 978 4090 Dicitur
1011 4032 1074 4088 in
1122 4048 1238 4107 quo
1287 4029 1555 4105 coelum,
1623 4031 1763 4105 quia
1816 4030 2050 4089 coelum
2100 4035 2193 4090 est
2239 4031 2303 4088 in

189 4128 456 4206 homine,
515 4133 748 4192 coelum
786 4132 944 4208 quod
991 4138 1162 4190 extra
1207 4132 1509 4190 hominem
1548 4136 1669 4199 est,
1736 4131 1926 4190 influit
1969 4133 2031 4190 in
2068 4127 2304 4189 coelum

194 4233 343 4304 quod
376 4235 436 4290 in
471 4232 606 4308 illo,
661 4239 718 4291 et
753 4234 1038 4307 recipitur
1075 4237 1365 4308 quantum
1400 4231 1900 4308 correspondent:
1958 4230 2118 4309 quod
2154 4245 2300 4288 coe-
2342 4236 2465 4299 [12]
