2700 4792
338 313 576 372 CAPUT
613 314 915 376 PRIMUM.
1197 377 1202 380 ,
1750 315 1961 372 VERS=
2016 329 2071 378 7.
2228 329 2298 382 41

47 483 84 528 ν
177 491 256 534 ac
297 472 601 535 'Ultimum
651 472 964 534 Judicium
1008 477 1355 550 peractum,
1425 479 1486 533 et
1538 489 1775 550 quoque
1812 475 1973 551 quod
2007 473 2301 536 Dominus

177 575 423 634 venerit
455 575 517 632 in
551 572 828 632 Nubibus
868 572 1067 648 Coeli,
1121 573 1237 633 hoc
1273 579 1399 648 est,
1443 573 1807 634 revelaverit
1832 591 2077 636 sensum
2108 579 2299 637 inter-

177 693 330 734 num
365 673 591 747 Verbi,
646 680 924 733 constare
959 679 1164 751 potest
1189 691 1267 734 ex
1302 672 1612 751 Opusculo
1648 673 1723 734 de
1757 673 1998 736 Unmuo
2034 674 2301 750 JUchlo,

178 793 220 834 a
253 776 555 852 principio
609 773 687 832 ad
721 773 930 850 finem3
988 779 1049 833 et
1097 790 1334 851 quoque
1382 775 1444 832 iu
1479 773 1679 851 Opere
1716 775 1807 834 de-
1830 774 2035 836 Coeno
2077 793 2155 836 m
2186 777 2295 836 In-

185 890 404 936 rmmo
421 917 439 950 ,
503 891 578 932 n:
633 877 664 932 1
686 870 727 949 ς’
756 881 880 932 tum
923 876 986 934 in
1026 875 1363 934 Dee-ruma
1402 873 1617 934 Novar.
1652 874 2174 952 Hmuosonnun,
2226 895 2297 936 n:

195 977 344 1034 249
377 973 456 1033 ad
488 975 650 1034 266.
734 973 908 1050 Quod
945 974 1391 1035 Consummatio
1426 975 1657 1034 saeculi
1690 975 1984 1052 significet
2014 975 2303 1038 Ultimum

193 1075 468 1152 Tempus
517 1073 866 1144 Ecclesiae,
914 1074 1191 1136 videatur
1235 1093 1306 1133 n:
1360 1075 1573 1136 4535.
1634 1077 1905 1134 10622:
1958 1075 2118 1152 quod
2167 1076 2299 1137 Ad-

187 1182 410 1234 ventus
457 1173 702 1234 Domini
748 1174 1204 1235 Revelationem
1248 1175 1457 1234 Divini
1499 1175 1649 1234 Veri
1691 1193 1803 1251 per
1834 1193 2079 1236 sensum
2113 1179 2301 1237 inter-

185 1293 365 1349 num,
423 1291 494 1334 n:
553 1275 765 1334 3900.
806 1277 1032 1335 40603
1089 1274 1263 1350 Quod
1309 1275 1516 1334 Nubes
1568 1291 1809 1334 sensum
1844 1277 2055 1337 literae
2091 1277 2297 1352 Verbi,

188 1393 266 1434 nt
325 1376 540 1434 4060.
573 1377 786 1436 4391.
827 1377 1038 1435 5922.
1085 1377 1295 1436 6343.
1336 1377 1547 1436 6752.
1580 1377 1789 1436 8106.
1836 1379 2048 1437 8781.
2086 1381 2297 1438 9430.

201 1475 467 1534 10551.
513 1476 789 1535 10574:
859 1475 1036 1553 Quod
1075 1475 1284 1536 Gloria
1331 1476 1626 1552 significet
1658 1477 1943 1536 Divinum
1978 1477 2207 1538 Verum
2240 1481 2303 1537 iu

192 1574 398 1650 Coelo,
434 1577 520 1635 ita
553 1591 798 1636 sensum
831 1578 1160 1650 internum,
1215 1577 1358 1652 quia
1389 1575 1487 1635 hic
1532 1582 1627 1636 est
1659 1576 1943 1636 Divinum
1978 1578 2207 1638 Verum
2238 1581 2303 1638 in

191 1675 398 1748 Coelo,
445 1693 516 1734 n:
579 1677 790 1736 5922.
835 1679 1046 1736 9429.
1090 1677 1369 1736 105742
1422 1676 1597 1753 Quod
1645 1677 1877 1737 dicatur
1916 1685 2203 1738 venturus
2241 1680 2302 1738 in

187 1777 489 1854 potentia,
547 1781 642 1836 est
693 1778 834 1853 quia
869 1779 1058 1836 omnis
1111 1779 1384 1854 potentia
1434 1784 1529 1837 est
1572 1777 1795 1838 Divino
1846 1780 2007 1840 Vero
2058 1780 2219 1857 quod
2262 1797 2299 1838 a
2335 1799 2341 1804 ·

183 1877 478 1952 DomIno,
528 1879 590 1935 in
628 1875 835 1954 Opere
876 1877 952 1936 de
990 1876 1204 1938 conto
1238 1895 1318 1936 m*
1354 1877 1666 1952 Inrunno,
1719 1897 1786 1937 n:
1846 1881 1985 1939 228
2017 1879 2095 1938 ad
2132 1882 2296 1940 233.

198 1979 362 2038 539.
472 1967 680 2037 Simile
736 1977 1090 2055 intelligitur
1133 1995 1247 2053 per
1296 1977 1541 2036 Domini
1598 1979 1787 2038 verba
1839 1981 1919 2040 ad
1964 1981 2303 2057 Principem

187 2078 589 2140 Sacer-dotum
665 2075 910 2156 „Jesue
954 2077 1136 2139 dixit
1175 2077 1470 2158 principi
1517 2078 1944 2154 sacerdotum,
2010 2098 2092 2142 eoe
2138 2100 2305 2142 nune

185 2176 492 2240 videbitis
531 2176 788 2241 Filium
818 2178 1098 2240 hominis
1137 2177 1451 2242 sedentem
1484 2178 1575 2240 ad
1620 2179 1918 2242 dextram
1946 2181 2293 2261 potentiae,

187 2285 254 2340 et
293 2278 636 2342 venientem
687 2280 760 2341 in
808 2279 1078 2341 nubibas
1119 2275 1323 2340 coeli“
1396 2280 1620 2340 Matth:
1691 2281 1937 2342 XXVI:
2002 2284 2112 2342 63.
2182 2285 2294 2340 64.

187 2381 393 2441 Marc:
430 2379 614 2440 XIV:
660 2385 779 2457 623
831 2381 1020 2440 Filius
1056 2380 1312 2440 hominis
1351 2388 1446 2442 est
1473 2379 1767 2468 Dominus
1798 2383 1999 2459 quoad
2023 2381 2305 2440 Divinum

68 2471 74 2478 ’
189 2481 458 2555 Verum3
497 2481 711 2540 sedere
755 2483 832 2540 ad
862 2481 1132 2540 dextram
1166 2485 1508 2559 potentiae,
1563 2489 1658 2541 est
1698 2486 1795 2542 cui
1830 2482 2303 2557 Omnipotentia;
2346 2483 2467 2545 [31]

189 2581 406 2640 venire
461 2581 526 2640 in
575 2580 852 2640 Nubibus
909 2579 1074 2642 Coeli
1120 2588 1214 2642 est
1260 2583 1555 2644 revelatio
1599 2582 1807 2642 Divini
1854 2583 2004 2642 Veri
2050 2580 2123 2640 de
2164 2581 2307 2657 Ipso

189 2684 256 2742 in
291 2679 532 2755 Verbo,
586 2698 728 2740 nam
781 2681 862 2742 Se
907 2682 1115 2759 Ipsum
1167 2683 1467 2744 revelavit
1476 2704 1493 2759 3
1550 2689 1609 2742 et
1647 2700 1884 2761 quoque
1920 2682 2117 2742 omnia
2152 2698 2307 2757 quae

189 2784 574 2842 continentur
634 2784 698 2840 in
747 2799 934 2842 sensu
981 2784 1242 2860 interno,
1306 2787 1368 2844 in
1422 2800 1541 2861 quo
1603 2784 1803 2861 agitur
1848 2785 2177 2860 praecipue
2232 2782 2306 2850 de

193 2882 644 2944 Glorificatione
681 2883 944 2944 Humani
976 2883 1200 2959 Ipsius,
1237 2885 1528 2962 implevit.
1612 2882 1817 2945 Simile
1852 2902 1963 2962 per
1996 2883 2205 2944 Nubes
2242 2885 2303 2944 in

191 2983 584 3060 sequentibus
643 2984 737 3043 his
773 2985 922 3045 locis
953 2985 1357 3062 significatur3
1396 2985 1561 3062 apud
1585 2986 1905 3046 Danielem
1944 3031 1980 3060 ,‚
2006 2982 2309 3048 Videbam

197 3082 326 3160 [in]
356 3083 708 3146 visionibus
740 3085 948 3146 noeti-s·
964 3129 983 3154 ‚
1017 3084 1186 3164 quod
1219 3103 1349 3146 ecee
1377 3105 1521 3147 eum
1550 3084 1845 3147 Nubibus
1871 3083 2045 3147 Coeli
2062 3083 2307 3146 similis

194 3179 374 3243 Filio
409 3182 688 3246 hominio
726 3186 1011 3248 veniebat
1023 3188 1061 3220 ‘⁶‘
1099 3184 1254 3246 VH:
1301 3189 1411 3246 13.
1461 3186 1532 3245 In
1578 3186 1951 3264 Apocalypsi
1988 3185 2303 3264 ,‚A8peoei,

189 3287 252 3342 et
285 3300 416 3347 ecoe
449 3281 666 3346 Nubes
700 3285 1015 3357 candida,
1079 3291 1143 3346 et
1174 3285 1356 3348 Nubi.
1398 3284 1718 3347 insidebat
1767 3285 2009 3348 similia
2043 3285 2305 3355 homini,

195 3381 426 3444 haben-³
489 3384 864 3465 impositam
917 3385 1140 3465 Capiti
1186 3405 1304 3448 ouo
1366 3383 1723 3447 Coromm“
1783 3387 1973 3447 XIV:
2035 3389 2143 3444 14.
2196 3388 2301 3444 16.

195 3484 377 3560 Apud
419 3486 664 3546 Esaiam
719 3484 934 3562 „Eece
966 3486 1253 3547 Jehovah
1309 3485 1601 3548 insidens
1656 3486 1887 3548 densae
1918 3484 2098 3546 Nubi
2136 3482 2259 3544 levi
2268 3487 2307 3518 “

194 3582 378 3646 XIX:
437 3589 498 3645 1.
579 3585 765 3664 Apud
801 3587 1135 3662 Davidem,
1192 3585 1513 3662 „Cantate
1544 3585 1725 3661 Deo,
1764 3584 2027 3648 laudate
2060 3583 2307 3644 Nomen

195 3681 446 3763 Ipsius,
534 3684 824 3748 eoetollite
895 3687 1278 3769 equitantem
1351 3705 1545 3766 «super
1620 3687 1915 3750 Nubibus
1936 3689 1976 3720 “
2063 3684 2303 3746 Psalm:

197 3781 460 3846 LXVIII
476 3808 491 3846 ε
545 3787 618 3846 5:
674 3788 838 3864 apud
872 3789 1143 3848 Eundem
1181 3787 1515 3863 „Jehovah
1554 3788 1747 3869 ponit
1781 3787 1997 3848 Nubes
2046 3803 2309 3847 currum

199 3901 422 3957 ouum;
493 3885 783 3950 ambulat
834 3907 1028 3969 super
1068 3885 1200 3950 alie
1242 3888 1413 3950 venti
1422 3892 1460 3922 “
1522 3889 1761 3948 Psalm:
1816 3889 1981 3959 CIV:
2042 3889 2113 3964 33
2168 3889 2305 3965 quis

200 3997 314 4044 non
340 3987 547 4048 videre
583 3995 816 4066 potest,
859 3990 1020 4067 quod
1051 3989 1206 4052 haee
1241 4007 1360 4050 non
1397 3989 1788 4067 intelligenda
1817 3992 1937 4048 sint
1972 3989 2308 4050 secundum

203 4097 438 4146 sensum
486 4075 730 4165 literae,
785 4107 1004 4168 nempe
1053 4090 1213 4168 quod
1264 4090 1549 4151 Jehovah
1598 4089 1862 4149 insideat
1915 4091 2090 4163 nubi,
2149 4088 2308 4166 quod

206 4187 420 4262 equitet
453 4205 642 4269 super
684 4190 972 4264 nubibus,
1026 4201 1088 4252 et
1135 4191 1294 4269 quod
1339 4196 1529 4268 ponat
1570 4189 1761 4250 nubes
1812 4208 2052 4250 currum
2092 4206 2303 4262 suum3
