2700 4792
345 351 453 406 502
771 338 1258 396 APOCALYPSIS
1313 339 1745 396 EXPLICA'I'A.
1817 339 1863 407 ἦ.
1908 347 2037 400 288·

337 519 414 560 n:
445 501 621 574 2383
671 505 734 558 et
763 501 827 558 in
861 499 1142 560 Anem-
1171 495 1609 580 Conmonnus.
1642 513 1709 554 n:
1752 497 1969 556 2516.
2001 499 2475 558 2712.301o4.

343 599 558 662 3005.
625 599 836 660 3009.
887 598 1102 658 4138.
1167 598 1379 657 5138.
1436 596 1650 658 5194.
1712 596 1927 658 5502.
1984 597 2197 658 6343.
2260 601 2475 659 7022.

343 701 558 761 7945.
601 699 814 759 8339.
855 701 1070 759 9263.
1117 697 1330 758 9314.
1396 695 1573 774 Quod
1612 696 1821 758 Gloria
1852 697 2151 774 significet
2184 696 2469 758 Divinum

333 798 566 862 Verum
599 817 638 860 a
669 799 959 870 Domino,
1013 795 1288 860 videatur
1319 813 1509 874 supra
1541 813 1613 856 n:
1656 798 1747 858 33
1765 817 1781 873 3
1838 797 2001 874 quod
2032 797 2241 857 Honor
2272 799 2462 876 signi-

315 885 476 964 ⁸ficet
513 899 797 960 Divinum
829 899 1060 960 Bonum
1074 943 1092 975 ‚
1144 899 1419 975 sequitur
1480 915 1556 958 ex
1600 897 1723 958 inis
1766 914 1923 974 quae
1986 897 2145 958 dicta
2190 903 2331 958 sunt
2386 897 2465 958 de

133 1011 293 1074 [331]
333 1001 610 1078 conjugio
647 1000 898 1060 coelesti
929 1003 990 1060 in
1023 997 1278 1077 singulis
1305 995 1524 1074 Verb13
1574 1004 1644 1060 ut
1678 1014 1921 1075 quoque
1956 1004 2231 1058 constare
2264 1005 2473 1074 potest

337 1119 417 1162 ex
445 1101 838 1177 sequentibus
863 1099 958 1160 his
984 1099 1154 1175 locis3
1189 1099 1349 1175 apud
1375 1097 1675 1159 Davidem
1708 1095 2043 1174 „Jehovah
2056 1095 2275 1159 Coelos
2289 1097 2479 1180 fecit,

331 1197 568 1263 Gloria
603 1203 664 1260 et
701 1199 934 1262 Honor
966 1217 1180 1262 coram
1213 1197 1369 1280 Ipso
1386 1241 1404 1267 ,
1445 1198 1637 1260 robur
1672 1202 1732 1258 et
1770 1197 1963 1260 decue
2001 1198 2071 1260 in
2096 1198 2473 1262 sanctuario

330 1300 604 1384 Ipoe'ue“
639 1301 879 1362 Psalm:
915 1299 1141 1361 XCVI:
1179 1301 1238 1360 5.
1279 1303 1353 1375 63
1390 1316 1500 1375 per
1538 1299 1758 1360 Coelos
1792 1299 2145 1376 intelligitur
2178 1298 2471 1360 Divinum

328 1401 492 1480 quod
526 1401 798 1478 procedit
825 1417 864 1460 a
887 1401 1165 1471 Domino,
1201 1401 1479 1478 quoniam
1510 1398 1677 1459 Coeli
1714 1417 1787 1459 ex
1814 1401 2031 1459 Divino
2057 1399 2263 1476 Ipsius
2298 1408 2468 1475 sunt3

329 1507 396 1562 et
445 1503 585 1578 quia
631 1501 916 1560 Divinum
971 1501 1129 1576 quod
1181 1499 1455 1579 procedit
1502 1507 1565 1559 et
1609 1501 1753 1560 facit
1788 1499 2003 1560 Coelos
2052 1510 2147 1560 est
2180 1499 2469 1560 Divinum
2578 1559 2595 1570 ,

329 1601 560 1661 Verum
625 1610 687 1660 et
744 1602 1027 1660 Divinum
1077 1601 1312 1661 Bonum
1331 1645 1348 1671 ,
1422 1600 1557 1660 ideo
1618 1601 1835 1660 dicitur
1892 1600 2100 1660 Gloria
2154 1608 2215 1660 et
2254 1600 2471 1660 Honor

329 1717 531 1762 coram
583 1701 727 1778 Ipso
744 1721 760 1777 3
814 1718 926 1778 per
961 1701 1377 1762 sanctuarium
1426 1701 1775 1778 intelligitur
1818 1701 2125 1775 Ecclesia,
2175 1701 2465 1761 Divinum

327 1801 561 1860 Bonum
589 1807 652 1860 et
676 1801 954 1860 Divinum
981 1800 1208 1860 Verum
1243 1801 1328 1860 ibi
1362 1800 1776 1879 intelliguntur
1799 1818 1911 1878 per
1939 1801 2120 1860 robur
2150 1809 2211 1860 et
2236 1801 2462 1862 decus:

329 1900 492 1978 quod
539 1900 821 1959 Divinum
866 1901 1109 1960 Domini
1152 1901 1333 1960 saciat
1381 1901 1629 1972 Coelos,
1692 1901 1969 1962 videatur
2017 1903 2076 1960 in
2131 1902 2335 1979 Opere
2384 1903 2463 1962 de

327 1999 532 2061 couno
571 2015 650 2060 m·
676 1999 952 2061 larnano
989 2019 1059 2060 n:
1106 2007 1139 2061 7
1181 2001 1260 2062 ad
1301 2005 1425 2062 12:
1484 2009 1543 2062 ct
1592 2000 1755 2078 quod
1786 2003 2071 2062 Divinum
2110 2004 2347 2062 Domini
2398 2005 2463 2061 in

327 2099 528 2161 Coelio
563 2101 642 2161 sit
666 2097 948 2160 Divinum
979 2102 1204 2163 Verum
1241 2111 1303 2163 et
1327 2103 1615 2164 Divinum
1638 2103 1890 2172 Bonum,
1926 2121 1995 2162 n:
2036 2109 2096 2161 ’1.
2138 2105 2246 2162 13.
2296 2105 2457 2163 133.

333 2203 494 2261 137.
553 2202 712 2260 139.
778 2205 936 2262 140.
1013 2201 1197 2282 Apud
1240 2203 1513 2264 Eundem
1567 2200 1898 2278 „Jehovah
1936 2202 2129 2265 Dm
2178 2221 2461 2284 magnus

323 2297 538 2376 valde,
597 2297 898 2363 Gloriam
928 2307 988 2366 el
1021 2302 1348 2366 Honorem
1384 2301 1663 2365 induisti
1671 2306 1707 2336 0‘
1762 2303 1999 2364 Psalmz
2040 2303 2197 2364 CIV:
2247 2307 2304 2379 13
2343 2321 2459 2380 per

325 2401 591 2462 Gloriam
645 2409 708 2462 et
739 2401 1042 2464 Honorem
1091 2403 1340 2464 induere
1357 2450 1376 2476 ‚
1430 2421 1565 2464 cum
1620 2404 1693 2464 de
1728 2399 1769 2465 J
1774 2404 2009 2465 ehovah
2022 2449 2039 2476 ,
2087 2404 2459 2481 significatur

323 2505 674 2580 succingere
713 2501 794 2562 Se
828 2504 1046 2563 Divino
1085 2504 1248 2564 Vero
1299 2511 1363 2564 et
1393 2505 1614 2564 Divino
1650 2505 1850 2580 Bono,
1906 2505 2058 2564 haec
2111 2506 2268 2564 enim
2306 2521 2455 2582 pro·-

321 2603 546 2662 oedunt
577 2603 654 2662 ab
679 2603 846 2680 Ipso,
883 2611 943 2664 et
975 2605 1114 2664 inde
1151 2607 1395 2682 cingunt
1426 2604 1651 2682 Ipsum,
1693 2610 1755 2664 et
1788 2605 2017 2665 faciunt
2040 2604 2278 2678 0001053
2316 2606 2457 2665 ideo

317 2702 426 2762 illa
459 2705 520 2763 in
553 2702 757 2764 Verbo
793 2703 1072 2764 dicuntur
1105 2704 1312 2765 Vestis
1346 2704 1549 2782 Ipsius
1586 2713 1649 2765 et
1682 2705 2131 2782 Indumentum‚
2173 2705 2453 2765 videatur

321 2819 508 2880 supra
539 2803 654 2882 [nt]
691 2806 776 2864 65
811 2812 870 2864 et
903 2810 986 2864 27
1007 2809 1064 2864 1.
1104 2805 1284 2884 Apud
1301 2805 1573 2864 Eundem
1604 2803 1901 2890 „Maysna
1930 2804 2448 2885 OperaJehovae,

319 2899 556 2964 Gloria
599 2909 661 2964 et
719 2903 952 2966 Honor
1001 2903 1180 2986 Opus
1233 2905 1524 2986 Ipsiue“
1587 2905 1824 2966 Psalm:
1882 2905 2054 2966 CXI:
2098 2910 2160 2965 2.
2204 2909 2285 2982 33
2338 2922 2455 2982 per

321 3001 526 3078 Opera
560 3001 834 3065 Jehovae
889 3006 1302 3083 intelliguntur
1354 3009 1553 3066 omnia
1604 3024 1761 3084 quae
1812 3006 2148 3084 procedunt
2197 3014 2259 3065 et
2300 3006 2457 3066 fiunt

319 3101 395 3160 ab
438 3099 614 3178 Ip803
683 3120 836 3178 quae
887 3107 1031 3181 quia
1089 3123 1160 3164 se
1209 3107 1478 3166 referunt
1519 3106 1598 3166 ad
1649 3107 1933 3168 Divinum
1972 3107 2201 3167 Verum
2262 3115 2327 3165 et
2372 3106 2453 3166 ad

317 3199 602 3260 Divinum
637 3201 904 3278 Bonum,
961 3205 1096 3263 ideo
1145 3207 1361 3265 dicitur
1398 3207 1605 3267 Gloria
1654 3214 1717 3266 et
1764 3207 1973 3268 Honor
2018 3223 2171 3286 opus
2222 3206 2445 3285 Ipsius,

317 3300 496 3378 Apud
536 3301 806 3361 Eundem
852 3301 1245 3378 „Gener-atio
1283 3307 1680 3386 yeneratiom·
1720 3304 2017 3370 laudabit
2062 3306 2273 3387 Opera
2313 3312 2453 3377 tua,

313 3405 376 3462 et
439 3399 708 3464 virtutes
777 3409 928 3464 tuae
973 3405 1441 3468 annuntiabunt
1460 3452 1478 3483 ‚
1550 3406 1875 3470 Honorem
1934 3408 2449 3490 mynifioentoe'ae

315 3499 582 3566 Gloriae
629 3508 805 3579 tuae,
877 3510 936 3565 et
989 3505 1172 3567 verba
1225 3504 1623 3570 mirabilium
1662 3511 1927 3574 tuorum.
1950 3507 2301 3572 meditabor
2311 3531 2333 3568 .·
2384 3513 2445 3569 et

311 3607 499 3665 notae
523 3604 782 3684 faciam
819 3601 996 3686 filiis
1044 3605 1371 3670 hominum
1416 3609 1683 3670 virtute-3
1720 3607 1979 3689 Ipsina,
2042 3616 2102 3671 et
2146 3606 2441 3671 Gloriam

309 3700 568 3765 honorio
620 3705 840 3786 Requi
887 3706 1164 3786 Ipsius“
1243 3709 1478 3768 Psalm:
1532 3708 1773 3769 CXLV:
1827 3713 1889 3768 4.
1956 3711 2013 3770 5.
2060 3713 2145 3770 12
2166 3730 2183 3786 ;
2252 3709 2442 3769 honor

307 3804 784 3881 magnificentiae
821 3807 1047 3884 gloriae
1081 3825 1192 3886 pro
1229 3809 1447 3868 Divino
1484 3809 1651 3868 Bono
1692 3812 1854 3870 unito
1889 3810 2112 3871 Divino
2149 3810 2315 3871 Vero
2325 3831 2343 3886 3
2384 3816 2445 3870 et

303 3902 496 3979 gloria
527 3905 770 3968 honoris
819 3924 928 3984 pro
962 3907 1182 3972 Divino
1217 3908 1381 3968 Vero
1433 3912 1598 3970 unito
1634 3909 1855 3972 Divino
1890 3911 2093 3988 Bono;
2146 3911 2309 3989 quod
2358 3913 2445 3972 ita

304 4001 554 4079 dicatur.
595 4013 688 4067 est
722 4009 864 4084 quia
896 4010 1082 4068 unitio
1118 4015 1212 4069 est
1243 4012 1584 4088 reciproca,
1620 4027 1657 4070 a
1682 4011 1941 4072 Domino
1978 4014 2135 4072 enim
2169 4010 2445 4090 procedit

304 4100 588 4164 Divinum
625 4103 852 4168 Bonum
893 4111 1120 4169 unitum
1156 4109 1378 4172 Divino
1416 4111 1608 4185 Vero,
1664 4111 1726 4170 in
1761 4111 1945 4173 Coelo
1999 4130 2143 4174 vero
2192 4113 2268 4172 ab
2308 4114 2440 4172 An-

301 4199 456 4278 gelis
497 4207 554 4260 et
592 4203 650 4261 in
685 4203 956 4268 Ecclesia
993 4209 1068 4270 ab
1106 4210 1443 4272 hominibus
1480 4213 1763 4290 recipitur
1797 4214 2079 4274 Divinum
2111 4213 2341 4276 Verum
2382 4219 2447 4274 et
