2700 4792
419 376 490 429 12
871 364 1367 421 APOCALYPSIS
1408 362 1838 455 EXPLICATA.
1904 363 1952 432 §.
1988 373 2077 424 10.

417 531 536 595 tur,
571 529 666 584 est
704 525 847 599 quia
885 525 1098 584 testari
1145 523 1443 601 significat
1478 539 1806 599 agnoscere
1842 521 2055 591 corde,
2090 528 2151 581 et
2194 539 2571 599 agnoscere

418 625 598 685 corde
648 623 690 683 J
695 641 864 684 esum
914 625 1216 684 Christum
1275 631 1369 684 est
1414 639 1745 699 agnoscere
1800 623 2089 681 Divinum
2134 625 2195 681 in
2244 623 2567 684 Humano

417 726 654 802 Ipsius3
708 742 846 783 narn
883 727 986 801 qui
1033 728 1304 801 agnoscit
1335 724 1686 797 Dominum,
1744 730 1806 782 et
1848 740 1965 782 uon
2012 723 2193 781 simul
2238 723 2565 786 Divinum

417 829 482 884 in
515 825 792 884 Humano
833 825 1066 902 IpsiuS,
1101 828 1152 884 is
1179 841 1298 883 non
1333 826 1607 901 agnoscit
1634 823 1985 898 Dominum;
2024 831 2117 881 est
2152 826 2308 882 enim
2344 825 2557 884 Divi-

419 943 564 984 num
597 925 798 1002 Ipsius
831 928 892 983 in
925 925 1202 984 Humano
1237 925 1439 1002 Ipsius
1459 968 1475 998 ,
1543 931 1603 983 et
1636 941 1756 982 non
1794 929 1963 982 extra
1999 923 2180 1000 illud3
2238 931 2331 984 est
2372 927 2561 983 enim

417 1026 707 1086 Divinum
754 1027 815 1083 in
861 1025 1138 1085 Humano
1186 1025 1388 1102 Ipsius
1436 1027 1595 1083 sicut
1642 1025 1839 1082 anima
1886 1025 1947 1081 in
1996 1041 2279 1100 corpore,
2338 1042 2557 1100 quare

419 1128 682 1202 cogitare
719 1125 794 1184 de
829 1125 1106 1185 Humano
1143 1125 1417 1194 Domini,
1467 1132 1527 1184 et
1560 1142 1681 1185 non
1718 1123 1895 1182 simul
1932 1123 2005 1182 de
2044 1124 2265 1184 Divino
2300 1125 2555 1202 IpsiuS,

421 1231 516 1286 est
549 1227 706 1286 sicut
739 1228 1004 1302 cogitare
1042 1226 1116 1284 de
1163 1225 1401 1284 homine
1438 1225 1737 1286 abstracte
1782 1224 1858 1283 ab
1907 1225 2105 1282 anima
2139 1241 2250 1284 seu
2284 1227 2417 1284 vita
2455 1225 2553 1284 il-

418 1314 565 1397 lius,
613 1325 772 1402 quod
805 1343 924 1383 non
975 1331 1068 1384 est
1115 1328 1380 1402 cogitare
1428 1326 1502 1385 de
1540 1325 1806 1386 homine:
1864 1325 2023 1400 quod
2068 1326 2355 1384 Divinum
2394 1326 2550 1384 Do-

418 1429 563 1486 mini
596 1429 675 1485 sit
707 1429 770 1485 in
814 1425 1096 1484 Humano
1130 1425 1365 1502 IpsiuS,
1423 1433 1484 1485 et
1520 1426 1679 1502 quod
1714 1425 1891 1484 simul
1926 1427 2045 1484 sint
2079 1443 2201 1483 una
2233 1427 2542 1501 Persona,

420 1526 598 1586 docet
631 1527 922 1586 Doctrina
957 1532 1206 1602 recepta
1249 1528 1312 1584 in
1345 1533 1471 1586 toto
1522 1525 1857 1586 Christiano
1906 1524 2096 1601 Orbe3
2159 1527 2311 1586 haec
2348 1526 2547 1586 docet

413 1629 502 1685 ita
568 1623 918 1700 „Christus
959 1625 1216 1686 tametsi
1257 1624 1450 1686 Deus
1494 1631 1555 1685 et
1602 1624 1845 1700 Homo,
1906 1645 2102 1705 usque
2146 1631 2355 1688 tamen
2404 1646 2543 1686 non

417 1730 569 1786 sunt
604 1724 761 1801 duo,
799 1723 913 1784 sed
945 1746 1112 1787 unus
1149 1723 1449 1787 Christus
1466 1745 1495 1798 ;
1543 1731 1637 1785 est
1670 1745 1871 1800 unus,
1919 1732 1989 1785 at
2022 1745 2147 1787 non
2180 1727 2304 1800 ita,
2356 1727 2541 1806 quod

418 1824 744 1886 Divinum
791 1826 881 1886 sit
919 1832 1236 1887 mutatum
1284 1826 1357 1886 in
1390 1825 1797 1902 Humanum,
1855 1825 1968 1886 sed
2000 1826 2327 1888 Divinum
2358 1845 2539 1888 rece-

406 1926 517 2006 pit
544 1924 634 1987 ad
668 1945 736 1985 se
766 1925 1146 1987 Humanum
1165 1948 1184 1986 .·
1238 1932 1332 1986 est
1357 1945 1630 2006 prorsus
1665 1945 1831 1987 unus
1848 1971 1862 2000 ,
1904 1926 2017 1987 ‚sed
2048 1945 2173 1988 non
2206 1928 2323 1997 ita,
2356 1928 2539 2007 quod
2558 1947 2577 1962 ·

417 2027 598 2087 binae
620 2031 889 2087 naturae
919 2027 1050 2088 sint
1075 2028 1470 2102 commixtae,
1510 2026 1621 2087 sed
1652 2032 1746 2086 est
1778 2025 1979 2088 Unica
2006 2026 2296 2088 Persona
2307 2048 2335 2099 ;
2370 2028 2537 2108 quia

419 2128 587 2190 siout
621 2126 864 2188 Anima
895 2134 956 2188 et
985 2126 1230 2206 Corpus
1256 2128 1433 2207 facit
1474 2147 1673 2190 unum
1706 2127 2045 2199 hominem,
2098 2128 2195 2187 ita
2237 2128 2431 2188 Deus
2468 2135 2533 2188 et

418 2227 634 2288 Homo
660 2233 754 2288 est
778 2227 955 2288 Unus·
975 2226 1273 2288 Christus
1286 2231 1363 2300 ;“
1394 2247 1467 2288 ex
1497 2227 1781 2305 Symbolo
1805 2228 2138 2288 Athanasii:
2176 2230 2312 2288 inde
2344 2232 2528 2288 etiam

419 2335 618 2406 patet,
659 2328 817 2404 quod
852 2332 953 2406 qui
970 2330 1346 2406 distinguunt
1369 2329 1655 2387 Divinum
1682 2332 1744 2387 in
1780 2336 1904 2387 tres
1928 2330 2248 2400 PersonaS,
2286 2347 2419 2389 cum
2448 2329 2527 2388 de

421 2428 680 2489 Domino
716 2435 785 2487 ut
815 2429 1006 2487 altera
1030 2431 1302 2488 Persona
1337 2431 1616 2504 cogitant,
1659 2433 1921 2505 cogitare
1951 2429 2209 2488 debeant
2247 2431 2320 2489 de
2356 2436 2527 2488 utro-

257 2529 379 2591 [11]
425 2547 542 2606 que
580 2537 704 2589 tam
727 2529 1008 2589 Humano
1045 2547 1222 2605 quam
1251 2530 1472 2589 Divino
1506 2530 1713 2606 simu13
1749 2548 1888 2588 nam
1915 2531 2157 2604 dicitur,
2217 2531 2375 2606 quod
2408 2533 2526 2589 sint

420 2633 597 2690 unica
622 2632 908 2705 Persona,
952 2637 1012 2688 et
1045 2630 1204 2705 quod
1233 2633 1355 2689 sint
1382 2648 1565 2688 unum
1600 2633 1757 2689 sicut
1792 2633 1987 2689 anima
2025 2639 2085 2688 et
2120 2647 2368 2706 corpus:
2424 2633 2524 2706 qui

419 2734 626 2808 itaque
664 2732 838 2790 aliter
874 2733 1167 2806 cogitant,
1220 2749 1338 2788 non
1377 2730 1451 2790 de
1488 2731 1742 2790 Domino
1778 2733 2057 2806 cogitant,
2090 2739 2149 2789 et
2176 2733 2420 2807 quinon
2448 2731 2521 2790 de

418 2831 677 2892 Domino
708 2832 790 2889 ita
819 2833 1098 2907 cogitant,
1128 2831 1214 2889 illi
1239 2849 1361 2889 non
1387 2837 1641 2906 possunt
1664 2831 1735 2890 de
1764 2831 1985 2890 Divino
2012 2832 2170 2906 quod
2186 2833 2382 2890 Patris
2406 2849 2519 2890 vo-

421 2939 592 2991 catur
617 2933 909 3007 cogitare,
943 2949 1082 2989 nam
1112 2931 1254 2990 dicit
1284 2932 1579 2990 Dominus
1636 2929 1833 3008 „Eyo
1874 2949 2019 2990 sum
2060 2930 2200 3002 Via,
2249 2929 2514 3006 VeritaS,

419 3037 480 3091 et
532 3029 718 3102 Vita,
766 3049 946 3091 nemo
981 3031 1148 3090 venit
1183 3030 1272 3091 ad
1307 3031 1576 3090 Patrem
1618 3031 1754 3090 nisi
1786 3052 1907 3110 per
1938 3030 2093 3090 Me“
2158 3032 2299 3091 Joh:
2350 3031 2515 3091 XIV:

429 3135 502 3192 6:
561 3135 700 3208 quia
733 3132 884 3190 haec
923 3134 1143 3208 agnitio
1180 3131 1548 3207 significatur
1581 3150 1693 3208 per
1726 3135 2131 3191 testimonium
2162 3129 2202 3192 J
2211 3148 2321 3191 esu
2348 3131 2517 3191 Chri-

421 3236 532 3304 sti,
580 3233 715 3292 ideo
754 3232 990 3307 dicitur,
1052 3231 1264 3310 „quod
1299 3231 1729 3292 testimonium
1763 3231 1924 3293 Jesu
1958 3233 2047 3292 sit
2080 3232 2353 3310 spiritus
2368 3251 2515 3310 pro-

408 3332 710 3411 photiae“
779 3335 979 3408 Apoc:
1025 3332 1215 3391 XIX:
1263 3335 1383 3408 103
1450 3334 1695 3408 spiritus
1745 3334 2099 3409 prophetiae
2153 3340 2246 3392 est
2290 3335 2412 3392 vita
2456 3338 2512 3391 et

421 3437 620 3494 anima
657 3434 1011 3508 Doctrinae3
1065 3433 1225 3508 quod
1250 3435 1497 3508 spiritus
1533 3436 1597 3491 in
1632 3433 1818 3491 Verbi
1855 3451 2038 3492 sensu
2072 3437 2302 3494 interno
2340 3435 2513 3508 signi-

421 3535 561 3594 ficet
594 3536 781 3593 vitam
829 3551 938 3594 seu
976 3536 1266 3606 animam,
1323 3533 1599 3591 videatur
1644 3551 1713 3592 n:
1762 3535 1969 3592 5222.
2033 3537 2241 3593 9281.
2304 3535 2508 3608 98185

423 3641 483 3696 et
519 3635 681 3712 quod
713 3634 1034 3710 prophetia
1069 3634 1361 3710 significet
1403 3633 1761 3708 doctrinam,
1811 3653 1880 3694 n:
1926 3637 2137 3694 2534.
2185 3636 2406 3708 72693
2456 3639 2510 3691 et

421 3738 643 3812 agnitio
691 3734 933 3793 Domini
980 3741 1077 3794 est
1124 3735 1260 3810 ipsa
1305 3737 1432 3792 vita
1480 3750 1591 3792 seu
1635 3715 1851 3792 anima·
1873 3738 2061 3795 omnis
2115 3737 2414 3794 doctrinae
2454 3736 2509 3791 in

421 3834 712 3894 Ecclesia.
797 3834 918 3894 Sed
953 3835 1028 3894 de
1065 3836 1156 3893 his
1194 3837 1254 3892 in
1293 3834 1687 3911 sequentibus
1726 3835 1919 3910 plura.
1989 3835 2167 3911 Quod
2201 3837 2407 3894 testari
2439 3836 2507 3892 sit

423 3952 750 4011 agnoscere
789 3936 998 4007 corde,
1054 3941 1147 3995 est
1183 3938 1324 4011 quia
1375 3935 1571 4010 agitur
1622 3934 1696 3992 de
1750 3935 1931 3994 rebus
1970 3935 2405 4012 spiritualibus,
2454 3941 2506 3992 et

421 4051 599 4095 nemo
643 4036 716 4095 de
759 4035 877 4094 illis
914 4038 1127 4095 testari
1168 4042 1372 4112 potest
1419 4037 1533 4094 nisi
1577 4052 1652 4093 ex
1699 4037 1912 4106 corde,
1965 4055 2099 4094 nam
2137 4034 2374 4095 aliunde
2405 4051 2507 4093 non

419 4137 678 4213 percipit
715 4136 872 4211 quod
911 4139 998 4194 ita
1033 4138 1142 4194 sit:
1183 4139 1396 4196 testari
1432 4143 1633 4194 autem
1672 4135 1745 4194 de
1776 4136 1998 4195 talibus
2029 4155 2184 4213 quae
2212 4139 2273 4195 in
2308 4135 2503 4194 mundo

423 4237 713 4313 existunt,
774 4242 866 4296 est-
901 4239 1110 4297 testari
1149 4252 1217 4296 ex
1255 4239 1534 4311 scientia,
1593 4253 1702 4293 scu
1755 4254 1826 4294 ex
1876 4240 2163 4297 memoria
2203 4245 2263 4298 et
2296 4238 2501 4313 cogita-
