2700 4792
321 361 560 418 CAPUT
599 361 900 419 PRIMUM.
1735 359 1947 416 vene:
1996 373 2049 424 5,
2207 373 2279 426 29

24 511 77 564 7
150 523 544 602 spiritualeS,
603 538 762 598 quae
791 526 931 580 sunt
963 519 1104 578 boni
1141 527 1200 579 et
1239 522 1394 592 veri,
1446 536 1557 580 seu
1594 523 1813 580 amoris
1850 529 1911 581 et
1944 523 2101 598 fidei,
2140 525 2278 586 inde

153 634 253 687 est
299 623 464 701 quod
489 641 600 699 per
627 627 888 698 patrem,
943 626 1221 695 matrem,
1259 620 1445 690 filice,
1494 619 1679 695 filias,
1736 639 2019 698 generos,
2072 641 2279 696 nurus,

147 727 320 786 filios
356 725 647 797 filiorum,
688 721 1098 798 significantur
1132 721 1292 778 bona
1327 727 1391 779 et
1425 738 1601 795 vera,
1655 739 1809 798 quae
1845 732 2162 800 generant,
2216 733 2278 785 et

153 843 323 904 quae
367 829 732 902 generantur
777 824 838 880 in
887 839 998 882 suo
1049 822 1289 890 ordine,
1350 839 1408 878 n:
1464 823 1736 897 104903
1790 824 1851 882 in
1898 823 2081 884 Ocelo
2118 828 2277 886 enim

151 945 285 987 non
323 932 466 984 sunt
502 923 658 982 aliae
693 923 1085 996 Nativitates;
1125 929 1186 980 et
1223 923 1367 998 quia
1401 907 1487 980 it'a
1514 930 1625 991 est,
1670 941 1781 998 per
1794 923 2277 1001 Primogenitum

151 1045 290 1088 non
325 1024 681 1101 intelligitur
713 1022 1180 1098 Primogenitus,
1244 1021 1355 1080 sed
1389 1021 1609 1080 bonum
1646 1021 1815 1082 Oceli
1852 1029 1911 1082 et
1944 1024 2273 1101 Ecclesiae,

153 1130 310 1205 quia
366 1127 482 1184 hoc
531 1127 724 1200 primo
771 1123 906 1181 loco
959 1128 1080 1190 est;
1147 1138 1306 1181 nunc
1347 1125 1491 1198 quia
1534 1123 1828 1182 Dominus
1879 1131 1972 1183 cst
2016 1142 2091 1185 ex
2140 1125 2275 1201 Quo

155 1245 342 1288 omne
378 1227 603 1285 bonum
637 1224 750 1298 ibi,
789 1223 926 1283 ideo
953 1222 1055 1282 ille
1083 1228 1338 1286 vocatur
1362 1223 1835 1300 Primogenitus:
1892 1226 2053 1300 quod
2088 1243 2271 1286 voce-

155 1336 264 1388 tur
300 1326 740 1402 Primogenitus
777 1341 854 1384 ex
888 1325 1172 1397 mortuis,
1231 1329 1324 1382 est
1360 1326 1501 1399 quia
1535 1340 1671 1383 cum
1708 1327 1969 1384 surrexit
2002 1343 2078 1384 ex
2111 1343 2275 1386 mor-

157 1431 316 1497 tuiS,
350 1426 692 1486 Humanum
727 1441 906 1484 suum
951 1441 1078 1501 per·
1101 1425 1379 1482 unionem
1418 1441 1551 1483 cum
1587 1423 1837 1499 Divino,
1895 1427 2055 1502 quod
2092 1429 2156 1486 in
2192 1425 2275 1487 Se

168 1545 253 1588 ex
291 1529 674 1602 conceptione
723 1531 880 1600 erat,
939 1524 1080 1584 fecit
1127 1524 1415 1584 Divinum
1461 1524 1727 1598 Bonum,
1782 1526 1921 1586 inde
1976 1533 2070 1586 est
2116 1527 2277 1604 quod

159 1625 405 1689 dicatur
436 1627 876 1704 Primogenitus
915 1642 990 1684 ex
1027 1627 1302 1699 mortuis,
1370 1630 1429 1682 et
1476 1625 1550 1684 de
1586 1625 1731 1702 Ipso
1780 1626 1944 1704 apud
1977 1627 2273 1687 Davidem

158 1727 366 1808 „Eyo
403 1725 920 1808 Primoyenitam
968 1724 1128 1786 dabo
1171 1722 1412 1795 Illum,
1480 1722 1687 1785 altum
1726 1727 1983 1806 reyibue
2020 1731 2272 1788 tem-aff

159 1829 406 1889 Psalm:
470 1827 824 1888 LXXXIX:
875 1829 997 1902 283
1053 1826 1196 1902 quid
1247 1825 1601 1902 intelligitur
1646 1843 1759 1903 per
1808 1827 1993 1886 altum
2030 1828 2273 1906 regibus

157 1939 396 2004 terrae,
463 1929 742 1988 videatur
799 1931 862 1986 in
918 1927 1328 2003 subsequente
1383 1926 1654 2004 articulo,
1737 1925 1913 2003 Quod
1959 1928 2271 2004 Dominus,

159 2048 302 2090 cum
349 2047 380 2089 e
426 2030 646 2089 mundo
681 2028 894 2103 abivit,
961 2027 1304 2086 Humanum
1354 2043 1533 2085 suum
1578 2026 1787 2087 fecerit
1820 2027 2105 2086 Divinum
2143 2029 2271 2088 Βο-

158 2149 339 2206 num,
381 2131 661 2194 videatur
688 2148 745 2188 n:
795 2129 1008 2190 3194.
1055 2129 1266 2188 3210.
1315 2129 1523 2186 6864.
1565 2129 1775 2188 7499.
1820 2130 2028 2188 8724.
2059 2131 2271 2189 9199.

167 2235 412 2293 10076
435 2251 451 2306 3
508 2233 592 2289 ita
627 2229 788 2308 quod
835 2230 1088 2289 exiverit
1139 2245 1214 2288 ex
1261 2228 1445 2287 Patre
1496 2234 1555 2288 et
1598 2228 1841 2288 redierit
1888 2229 1965 2288 ad
2011 2229 2276 2300 Patrem,

157 2351 229 2392 n:
279 2334 492 2392 3194.
537 2333 763 2406 32103
823 2337 880 2390 et
918 2328 1080 2405 quod
1113 2334 1256 2405 post
1294 2330 1649 2404 unitionem,
1705 2328 1989 2388 Divinum
2024 2330 2269 2405 Verum,

158 2433 332 2510 quod
369 2437 466 2490 est
497 2431 850 2490 Paracletus
890 2428 1150 2506 Spiritus
1187 2431 1496 2504 veritatiS,
1534 2428 1827 2505 procedat
1866 2431 1941 2489 ab
1976 2431 2149 2506 Ipso,
2200 2448 2269 2490 n:

168 2535 392 2592 3704.
458 2532 644 2590 3712
725 2531 934 2589 3969.
989 2531 1204 2590 4577.
1266 2531 1477 2600 5704„
1535 2533 1745 2590 7499.
1790 2531 2001 2588 8127.
2058 2531 2268 2588 8241.

171 2635 259 2692 91
282 2634 392 2692 99.
441 2632 653 2690 9398.
701 2631 921 2704 9407;
965 2629 1076 2690 sed
1108 2631 1221 2690 hoc
1249 2630 1557 2689 Arcanum
1581 2630 1857 2688 videatur
1884 2628 2121 2706 plenius
2158 2645 2270 2688 ex·-

157 2733 454 2811 plicatum
491 2733 551 2790 in
590 2729 899 2809 Opusculo
935 2730 1010 2790 de
1043 2729 1371 2790 Doce-amn
1401 2730 1615 2790 Novar.
1649 2729 2171 2802 Hmnosonmn,
2208 2747 2268 2790 n:

164 2835 330 2894 293.
389 2837 552 2893 294.
611 2832 786 2907 2-953
860 2837 920 2891 et
969 2833 1030 2890 in
1076 2831 1226 2891 locis
1275 2849 1353 2890 ex
1395 2831 1671 2890 Aacmis
1723 2828 2137 2890 Concsrmus
2188 2830 2273 2890 ibi

162 2936 393 3005 citatiS,
443 2953 513 2992 n:
557 2932 718 2994 303.
765 2934 926 2992 304.
974 2933 1134 2992 305.
1193 2930 1489 3007 Quoniam
1524 2931 1817 2990 Dominus
1855 2929 2055 3008 quoad
2089 2929 2269 2991 Divi-

159 3053 304 3093 num
363 3035 707 3094 Humanum
755 3039 1007 3092 vocatus
1071 3039 1164 3091 est
1213 3031 1686 3109 Primogenitus3
1762 3049 1837 3092 ex
1885 3048 2069 3091 causa
2128 3035 2271 3110 quia

160 3151 344 3192 omne
375 3133 594 3192 bonum
639 3133 910 3210 procedit
969 3133 1046 3191 ab
1091 3132 1261 3208 Ipse,
1325 3132 1463 3192 ideo
1514 3135 1711 3192 omnia
1755 3133 2161 3209 Primogenita
2206 3135 2270 3192 in

155 3233 444 3292 Ecclesia
476 3234 812 3294 Israelitica
850 3240 1062 3293 sancta
1097 3210 1338 3292 fuerunt
1378 3232 1688 3302 Jehovac,
1750 3240 1809 3291 et
1842 3233 1979 3292 ideo
2013 3233 2265 3294 Levitae

155 3334 295 3394 loco
349 3337 608 3393 omnium
650 3335 1192 3410 Primogenitorum
1241 3337 1303 3392 in
1362 3331 1591 3393 Israele
1637 3335 1867 3409 recepti
1916 3339 2088 3410 sunt,
2152 3350 2267 3410 per

158 3435 314 3495 filios
359 3437 516 3496 enim
549 3435 701 3494 Levi
734 3436 1134 3511 representati
1169 3419 1411 3493 suerunt
1459 3433 1547 3492 illi
1591 3433 1667 3492 ab
1704 3431 2005 3507 Ecclesia,
2066 3435 2170 3510 qui
2202 3435 2265 3490 in

155 3534 314 3595 bono
363 3537 670 3595 charitatis
723 3543 894 3611 sunt3
951 3542 1012 3595 et
1064 3535 1200 3594 ideo
1255 3539 1571 3594 cesserunt
1630 3534 2033 3610 Primogenito
2084 3533 2262 3591 binae
2304 3543 2427 3607 [23]

159 3642 364 3711 partes
395 3654 472 3696 ex
503 3636 910 3711 haereditate3
950 3642 1012 3694 et
1045 3635 1198 3694 haec
1233 3637 1433 3694 omnia
1458 3634 1533 3694 ob
1562 3651 1825 3703 causam,
1862 3635 2005 3709 quia
2029 3633 2265 3691 Primo-

159 3739 425 3812 genitum
462 3735 840 3813 significabat
885 3736 1108 3795 bonum
1145 3736 1304 3812 quod
1339 3751 1379 3792 a
1412 3734 1702 3808 Domino,
1770 3740 1829 3794 et
1872 3734 1933 3790 in
1958 3737 2265 3810 ‘supremo

160 3851 342 3898 sensu
375 3836 586 3913 Ipsum
619 3835 943 3896 Dominum
995 3837 1194 3912 quoad
1233 3835 1943 3903 Divinum-Humanum,
2000 3851 2077 3895 ex
2128 3833 2265 3912 Quo

161 3952 330 3996 omne
366 3936 618 4012 bonum3
675 3939 872 3996 omnia
909 3939 1064 3996 enim
1099 3954 1254 4013 quae
1301 3939 1363 3994 in
1396 3935 1675 3996 Ecclesia
1717 3933 2053 4002 Israelitica
2086 3954 2260 3996 man-

162 4035 298 4116 data
333 4037 605 4109 fuerunt,
664 4044 836 4096 erant
883 4039 1405 4115 repraesentativa
1451 4037 1807 4094 Divinorum
1848 4033 2262 4116 Spiritualinm

163 4143 216 4195 et
259 4137 648 4198 coelestium.
725 4137 901 4214 Quod
933 4139 1131 4198 omnia
1164 4138 1572 4214 Primogenita
1609 4137 1666 4193 in
1702 4134 1979 4195 Ecclesia
2010 4137 2263 4197 Israeli-

161 4237 274 4296 tica
305 4246 520 4298 sancta
569 4239 790 4300 fuerint
838 4238 1142 4312 Jehovae,
1207 4242 1444 4298 constat
1494 4235 1658 4313 apud
1713 4235 2002 4296 Moschen
2052 4240 2116 4295 in
2170 4237 2265 4293 his
