2700 4792
253 351 555 410 CAPUT
597 349 970 419 QUARTUM.
1692 352 1875 410 VERS
1894 367 1910 415 :
1954 365 2008 415 7.
2171 365 2283 420 495

89 516 364 577 Psalm:
413 511 628 573 LVII:
661 515 736 572 2:
789 517 916 570 tum
951 509 1094 588 quid
1126 527 1238 588 per
1273 507 1601 586 „Clamare
1638 513 1754 576 cub
1778 513 2006 576 umbra
2028 510 2285 578 alarum

91 615 420 694 [pain-3⁶*
490 612 727 673 Psalm:
765 610 1003 672 LXm:
1048 614 1106 672 8.
1173 609 1350 687 Quod
1384 612 1485 672 ala
1520 629 1655 672 cum
1690 613 1767 675 de
1799 614 2059 675 Domino
2094 619 2283 695 signi-

87 717 244 776 ficet
284 716 616 776 Divinum
657 710 984 788 Spirituale
1003 755 1018 785 ,
1075 717 1314 772 constat
1366 711 1561 774 adhuc
1624 729 1699 774 ex
1753 713 1849 776 his
1884 715 2038 774 locis
2048 736 2067 792 3
2124 717 2287 794 apud

91 814 544 876 Ezechielem
611 855 648 886 ‚,
671 810 833 874 Onam
867 809 1221 891 praeterivi
1243 817 1507 891 praeter
1550 818 1643 888 te,
1697 817 1757 874 et
1792 812 1937 875 vidi
1974 819 2063 890 ce,
2116 817 2288 897 quod

91 934 238 977 ecce
281 920 573 994 tempus
613 918 797 974 tuum
813 955 828 984 ‚
885 916 1132 990 tempus
1171 929 1488 986 amorum,
1544 909 1833 994 expandi
1872 909 2049 974 alam
2080 933 2289 978 meam

95 1035 325 1097 auper-
381 1021 488 1089 te,
541 1019 602 1074 et
647 1011 870 1092 operui
914 1010 1275 1072 nuditatem
1323 1016 1551 1074 tuam“
1616 1011 1797 1074 XVI:
1843 1015 1917 1092 83
1972 1016 2168 1092 agitur
2200 1016 2286 1076 ibi

101 1116 186 1176 de
223 1115 726 1191 Hierosolyma,
781 1129 894 1188 per
929 1129 1109 1188 qnam
1143 1112 1513 1188 significatur
1546 1112 1849 1189 Ecclesia,
1904 1115 1989 1174 ibi
2036 1115 2111 1175 de
2150 1117 2283 1193 ejus

103 1217 622 1288 reformatione3
675 1219 914 1289 tempus
953 1229 1222 1272 amorum
1271 1213 1570 1290 significat
1620 1219 1845 1273 statum
1892 1214 2133 1291 quando
2177 1233 2279 1276 re·-

107 1316 402 1376 formari
443 1316 669 1392 potuit,
725 1311 988 1390 expandi
1031 1312 1188 1372 alam
1223 1329 1421 1372 meam
1457 1331 1643 1391 super
1678 1321 1771 1390 te,
1824 1315 2119 1392 significat
2150 1318 2282 1393 spi-

109 1416 372 1475 rituale
408 1433 618 1476 verum
653 1431 766 1490 per
801 1412 961 1488 quod
993 1411 1156 1473 facta
1191 1419 1286 1472 est
1308 1414 1680 1489 reformati03
1718 1418 1929 1490 operui
1954 1414 2285 1475 nuditatem

121 1520 340 1585 tuam,
385 1515 682 1592 significat
715 1512 912 1590 perid
943 1512 1403 1572 occultationem
1436 1514 1579 1574 mali
1591 1535 1609 1590 3
1663 1515 1883 1573 malum
1914 1517 2085 1590 enim,
2124 1515 2285 1593 quod

119 1614 392 1676 homini
431 1622 524 1675 est
559 1631 634 1674 ex
668 1611 1068 1673 haereditario
1103 1618 1163 1672 et
1198 1611 1336 1672 dein
1372 1631 1445 1673 ex
1481 1616 1743 1691 proprio,
1782 1616 2132 1689 occultatur,
2165 1615 2284 1675 hoc

125 1723 274 1788 est,
339 1721 690 1776 removetur
735 1716 804 1771 ut
837 1729 956 1772 non
1003 1719 1329 1790 appareat,
1382 1730 1495 1791 per
1528 1731 1675 1774 vera
1710 1715 2076 1791 spiritualia,
2130 1732 2285 1793 quae

129 1822 296 1876 eunt
333 1833 490 1876 vera
523 1831 600 1874 ex
633 1813 809 1873 bono.
862 1812 1042 1889 Apud
1073 1812 1375 1874 Davidem
1427 1858 1467 1889 „
1486 1811 1772 1876 Jehovah
1806 1815 2007 1895 operit
2040 1834 2109 1878 ae
2144 1813 2283 1879 luce

138 1913 331 1976 siout
374 1921 556 1989 veste,
597 1911 885 1975 extendit
923 1909 1124 1976 coelos
1159 1911 1330 1976 siout
1364 1915 1701 1993 cortinam,
1748 1916 2075 1997 contiynat
2098 1917 2287 1996 aquia

141 2013 458 2078 triclinia
512 2033 636 2076 aaa
650 2057 668 2086 ,
705 2013 898 2094 ponit
949 2014 1142 2076 nubea
1179 2031 1438 2077 cumm
1484 2034 1673 2078 auum
1684 2061 1700 2091 ,
1772 2015 2056 2078 ambulat
2098 2036 2289 2096 super

145 2112 296 2176 alia
341 2116 551 2178 vmtffl
605 2114 838 2174 Psalm:
878 2113 1036 2174 CIV:
1081 2117 1143 2174 2.
1189 2116 1250 2174 3.
1295 2117 1371 2189 43
1425 2132 1539 2190 per
1571 2115 1799 2189 lucem,
1841 2133 1959 2192 qua
1994 2134 2061 2177 se
2092 2118 2287 2193 operit

149 2213 478 2288 Jehovah‚
533 2215 901 2292 significatur
933 2214 1219 2274 Divinum
1254 2212 1485 2272 Verum
1518 2215 1580 2272 in
1618 2213 1848 2285 Coeli-⁶3,
1903 2217 2061 2292 quod
2097 2218 2287 2276 vestis

158 2311 376 2386 Ipsius
420 2323 695 2390 vocatur,
753 2318 892 2392 quia
951 2314 1224 2391 procedit
1283 2312 1361 2372 ab
1409 2312 1553 2389 Ipso
1616 2319 1683 2372 ut
1718 2311 1896 2386 Sole,
1948 2323 2009 2374 et
2054 2318 2141 2376 sic
2194 2322 2289 2376 est

164 2416 352 2470 extra
385 2430 454 2472 ac
489 2417 704 2476 circum
738 2415 943 2492 Ipsum
962 2459 977 2488 ,
1033 2431 1144 2491 per
1185 2413 1300 2473 hoc
1335 2412 1531 2472 simile
1572 2414 1939 2490 significatur
1982 2415 2144 2492 quod
2175 2433 2288 2491 per

161 2507 368 2573 lucem
417 2521 477 2574 et
510 2523 707 2576 vestes
743 2516 986 2576 Domini
1020 2531 1154 2574 cum
1190 2514 1664 2587 transformatus,
1716 2513 1946 2574 Matth:
1976 2514 2181 2574 XVII:
2216 2519 2280 2576 2.

159 2609 365 2674 Marc:
400 2615 515 2676 IX:
557 2619 620 2676 3.
674 2614 832 2676 Luc:
869 2615 981 2676 IX:
1023 2617 1112 2676 28
1143 2613 1222 2674 ad
1254 2617 1336 2675 37
1345 2633 1365 2691 3
1402 2613 1667 2674 extendit
1702 2613 1919 2675 Coelos
1954 2616 2113 2674 sicut
2144 2630 2282 2674 cor-

161 2713 348 2775 tinam
370 2759 392 2786 ,
437 2715 732 2792 etgnificat
763 2715 1014 2792 implere
1049 2715 1270 2774 Divino
1306 2714 1471 2774 Vero
1526 2721 1587 2774 et
1636 2731 1747 2792 per
1778 2713 1843 2775 id
1890 2714 2285 2791 intelligentia

161 2811 418 2878 Goelum
457 2823 518 2876 et
551 2814 688 2876 illos
726 2818 830 2893 qui
861 2816 977 2891 ibi3
1031 2817 1377 2891 contignare
1414 2816 1585 2890 aquis
1623 2815 1879 2874 triclinia
1912 2831 2044 2885 sua,
2094 2815 2283 2890 signi-

159 2914 306 2976 ficat
359 2915 612 2992 implere
649 2915 1084 2994 cognitionibus
1124 2917 1254 2974 veri
1288 2922 1349 2973 et
1381 2915 1524 2974 boni
1558 2913 1695 2974 illos
1730 2914 1817 2974 ibi
1842 2915 1947 2992 qui
1978 2917 2039 2975 in
2074 2913 2282 2974 ultimo

163 3014 354 3080 Coelo
394 3023 454 3076 et
491 3017 593 3092 qui
627 3018 688 3074 in
721 3016 1024 3092 Ecclesia3
1078 3032 1305 3093 ponere
1354 3015 1547 3074 nubes
1587 3032 1825 3076 currum
1860 3032 2055 3092 suum,
2092 3016 2281 3091 signi-

160 3113 310 3177 ficat
361 3118 691 3176 doctrinam
741 3118 870 3177 veri
919 3133 994 3175 ex
1038 3131 1226 3175 sensu
1275 3115 1498 3175 literali
1532 3115 1749 3192 Verbi,
1803 3115 1995 3176 nubes
2046 3123 2139 3176 est
2182 3115 2287 3176 ille

162 3231 419 3288 sensus,
467 3223 528 3276 et
578 3233 788 3278 currus
853 3223 946 3276 est
999 3215 1266 3276 doctrina
1277 3236 1293 3291 3
1351 3215 1658 3276 ambulare
1720 3233 1906 3294 super
1952 3216 2067 3276 alis
2100 3217 2283 3290 venti,
2349 3273 2353 3278 .

163 3318 469 3396 significat
503 3333 744 3376 sensum
782 3315 1155 3393 spiritualem
1193 3316 1294 3392 qui
1325 3317 1391 3375 in
1422 3331 1603 3376 sensu
1637 3315 1879 3377 literali.
1932 3316 2117 3394 Apud
2148 3315 2287 3376 Ma-

161 3415 424 3480 lachiam
494 3461 536 3491 „
555 3414 918 3480 Emorietur
971 3414 1174 3485 vobi-9,
1237 3415 1527 3476 timente-9
1582 3414 1888 3477 Nominis
1950 3415 2079 3475 mei
2089 3459 2107 3487 ,
2170 3411 2287 3476 Sol

148 3516 490 3598 justitiae,
543 3521 605 3577 et
639 3515 895 3580 sanitae
935 3515 1008 3578 in
1042 3511 1174 3577 alis
1206 3513 1484 3596 Ipsiuc“
1520 3514 1642 3576 111:
1686 3517 1810 3588 20;
1866 3513 1973 3576 Sol
2008 3514 2284 3590 justitiae

166 3617 466 3697 significat
497 3617 722 3676 bonum
755 3618 976 3678 amoris
993 3661 1012 3691 ,
1051 3617 1210 3694 quod
1247 3625 1344 3676 est
1376 3616 1661 3676 Divinum
1690 3613 1967 3675 coeleste
1983 3633 1999 3687 3
2054 3617 2117 3672 et
2149 3611 2287 3672 alae

164 3717 444 3780 Jehovae
480 3720 541 3777 in
577 3717 793 3793 quibus
824 3719 1072 3790 sanitas»,
1110 3717 1404 3792 significat
1430 3733 1639 3775 verum
1676 3734 1751 3776 ex
1783 3714 1885 3774 illo
1910 3713 2088 3782 bono,
2125 3712 2289 3790 quod

12 3791 14 3882 ἶ
168 3826 264 3879 est
288 3817 574 3878 Divinum
609 3817 953 3894 spirituale;
991 3818 1218 3876 sanitas
1257 3823 1353 3876 est
1384 3815 1728 3877 reformatio
1763 3833 1874 3894 per
1896 3813 2063 3874 illud.
2100 3812 2289 3890 Apud

165 3916 380 3978 Mosen
443 3915 676 3993 „Sicut
709 3913 956 3998 Aquila
1005 3914 1247 3978 excitat
1295 3914 1522 3990 nidum
1569 3935 1759 3980 auum
1774 3961 1791 3992 ,
1856 3932 2047 3996 super
2073 3909 2289 3994 pallia

12 3987 16 4138 r
170 4015 312 4079 auio
355 4017 614 4082 motitat
640 4036 723 4095 ee,
774 4013 1085 4098 eoepandit
1130 4011 1278 4076 alas
1313 4033 1491 4091 aua-s,
1522 4021 1746 4096 portat
1790 4034 1981 4097 cuper
2004 4011 2117 4078 ala
2142 4031 2287 4090 aua,

171 4116 266 4178 aio
305 4115 594 4180 Jehovah
632 4117 812 4182 ducit
844 4117 1033 4180 eum“
1080 4116 1275 4176 Deut:
1312 4114 1598 4176 XXXII:
1642 4119 1751 4178 10.
1802 4120 1908 4176 11.
1957 4121 2078 4193 12;
2118 4134 2286 4178 com-

12 4159 18 4352 ?
174 4221 408 4294 paratio
441 4219 512 4278 fit
547 4235 684 4280 cum
725 4217 977 4296 Aquila,
1035 4217 1177 4293 quia
1211 4214 1435 4291 Aquila
1480 4215 1775 4291 significat
1808 4216 2289 4293 intelligentiam,
