2700 4792
353 351 594 410 CAPUT
644 351 944 412 PRIMUM.
1725 353 1937 410 VERS=
1984 366 2075 418 17.
2242 370 2315 422 ⁹5

187 517 417 590 alter03
473 531 546 574 ac
583 512 1024 574 communicare
1074 516 1141 570 et
1199 511 1529 570 translerre
1568 512 1629 569 in
1664 511 1921 572 alterum
1958 515 2119 591 quod
2150 517 2317 591 apud

189 633 298 692 se,
349 632 486 674 cum
533 613 610 672 de
648 612 939 684 Domino,
1003 616 1072 668 ut
1104 611 1230 684 hic,
1289 616 1386 670 est
1418 613 1637 683 vitam,
1697 613 1889 686 qualis
1930 621 2023 673 est
2056 615 2175 674 illis
2212 618 2315 692 qui

191 721 259 776 in
293 715 698 776 illustratione
735 717 903 784 sunt,
957 727 1028 768 ac
1063 711 1270 770 vident
1309 716 1370 768 et
1404 709 1653 771 audiunt
1686 711 1833 770 talia
1868 730 2023 789 quae
2058 717 2121 774 in
2150 713 2311 776 Coe-

193 818 290 892 103
345 814 506 890 quod
541 815 726 872 etiam
761 805 985 870 factum
1023 817 1116 868 est
1151 826 1288 870 cum
1316 809 1630 882 Johanne,
1662 829 1803 870 nam
1840 814 1893 872 is
1929 816 1993 872 in
2026 815 2133 872 tali
2166 815 2311 900 illu·-

193 917 492 976 stratione
526 913 673 984 fuit,
733 929 868 970 cum
903 910 1051 968 vidit
1099 917 1180 969 et·
1205 909 1437 969 audivit
1480 910 1585 970 illa
1622 929 1779 988 quae
1827 915 1890 970 in
1936 913 2313 991 Apocalypsi

193 1017 505 1090 descripta
529 999 692 1072 sunt.⁴
757 1009 934 1087 Quod
960 1016 1212 1086 tangere
1237 1027 1419 1068 manu
1448 1013 1527 1068 sit
1554 1014 1991 1072 communicare
2018 1020 2080 1072 et
2114 1020 2313 1076 trans-

195 1117 358 1176 ferre
391 1116 454 1172 in
488 1113 744 1172 alterurn
764 1156 780 1184 ,
844 1115 938 1170 est
975 1113 1120 1187 quia
1153 1111 1214 1168 in
1249 1126 1461 1170 manus
1497 1110 1789 1170 translata
1824 1119 1917 1171 est
1952 1115 2147 1174 omnis
2190 1131 2309 1190 po-

199 1217 390 1276 tentia
421 1213 676 1272 hominis
716 1229 750 1270 e
793 1227 1078 1287 corpore,
1149 1226 1334 1285 quare
1384 1209 1545 1284 quod
1590 1227 1761 1270 mens
1804 1213 1935 1270 vult
1978 1219 2044 1270 ut
2090 1229 2309 1290 corpus

199 1316 414 1389 faciat,
460 1311 709 1371 brachia
749 1317 816 1370 et
841 1299 1061 1368 'manus
1098 1310 1356 1383 faciunt,
1417 1309 1555 1368 inde
1592 1317 1687 1368 est
1722 1311 1879 1386 quod
1919 1329 2031 1388 per
2063 1312 2311 1374 brachia

203 1422 272 1474 et
302 1425 512 1473 manus
557 1413 620 1470 in
665 1410 868 1470 Verbo
919 1409 1287 1486 significetur·
1329 1410 1628 1484 potentia,
1688 1410 1965 1470 videatur
2014 1431 2088 1470 n:
2144 1415 2305 1474 878.

215 1514 430 1574 3091.
486 1513 666 1572 4931
717 1511 796 1568 ad
844 1511 1056 1568 4937.
1121 1510 1332 1568 6947.
1393 1509 1605 1568 7673.
1668 1512 1939 1586 100193
2002 1512 2113 1572 sed
2158 1513 2309 1574 haec

206 1614 475 1690 potentia
517 1617 610 1670 est
653 1613 926 1687 potentia
972 1607 1296 1677 naturalis,
1362 1614 1421 1666 et
1472 1612 1924 1670 communicatio
1976 1629 2089 1689 per
2142 1612 2310 1672 illam

201 1719 300 1773 est
335 1713 594 1772 exsertio
639 1712 860 1769 virium
907 1710 1207 1785 (πωροι-185
1260 1710 1533 1783 potentia
1578 1715 1779 1769 autem
1826 1711 2157 1787 spiritualis
2214 1719 2309 1772 est

197 1811 358 1872 velle
409 1811 658 1870 alterius
703 1810 928 1868 boumn
943 1853 966 1888 ,
1035 1815 1097 1868 et
1143 1814 1434 1883 quantum
1486 1815 1717 1884 potest,
1772 1810 1929 1869 velle
1980 1813 2305 1872 transferre

195 1915 259 1972 in
304 1911 552 1970 alterum
608 1909 768 1987 quod
821 1909 984 1986 apud
1030 1925 1100 1968 se
1146 1913 1269 1981 est,
1340 1906 1493 1968 haec
1538 1912 1805 1985 potentia
1850 1917 1943 1972 est
1994 1928 2147 1987 quae
2195 1929 2309 1988 per

193 2029 434 2072 manum
481 2013 546 2068 in
580 2026 764 2070 sensu
801 2008 1102 2086 spirituali
1137 2007 1531 2083 significatur,
1591 2015 1652 2068 et
1686 2010 1817 2086 ejus
1856 2014 2305 2072 communicatio

193 2120 259 2172 et
291 2111 603 2170 translatio
637 2127 750 2186 per
791 2116 1037 2184 tangere
1067 2125 1264 2167 manu.
1325 2107 1419 2166 Ex
1450 2107 1545 2166 his
1584 2115 1860 2168 constare
1895 2118 2122 2186 potest,
2164 2111 2307 2188 quid

191 2211 564 2289 significatur
575 2253 593 2283 ‚
648 2225 760 2284 per
805 2208 968 2285 quod
1016 2207 1311 2266 Dominus
1321 2251 1340 2282 ,
1396 2209 1501 2283 qui
1532 2209 1617 2266 ibi
1662 2215 1915 2268 vocatur
1962 2211 2151 2271 Filius
2187 2211 2300 2270 ho-

185 2313 400 2382 minis,
441 2311 797 2385 imposuerit
850 2308 1121 2366 dextram
1173 2323 1348 2366 suam
1401 2324 1642 2366 manum
1699 2325 1881 2384 super
1941 2310 2299 2386 Johanne1n,
2342 2319 2465 2385 [ug]

185 2429 332 2471 cum
376 2411 568 2487 jacuit
619 2410 776 2468 sicut
823 2414 1094 2468 mortuus
1110 2450 1127 2481 ,
1184 2407 1344 2482 quod
1398 2425 1613 2485 nempe
1667 2412 2194 2470 communicaverit
2242 2407 2303 2470 et

189 2508 570 2568 transtulerit
601 2509 664 2564 in
694 2507 862 2566 illum
888 2509 1071 2568 vitam
1109 2524 1146 2564 a
1185 2505 1296 2582 Se,
1337 2507 1413 2567 de
1450 2525 1569 2583 qua
1594 2524 1798 2584 supra.
1866 2507 2071 2567 Simile
2109 2511 2297 2584 signi-

185 2609 412 2670 ficatur
462 2625 574 2684 per
625 2613 897 2682 tangere,
961 2614 1024 2666 et
1073 2612 1319 2682 tangere
1371 2623 1553 2666 manu
1604 2606 1879 2682 pluribus
1930 2609 1989 2665 in
2038 2606 2187 2666 locis
2238 2609 2302 2666 in

183 2709 430 2783 Verbo,
505 2714 572 2766 ut
614 2708 678 2769 in
721 2707 814 2766 his
865 2707 1284 2784 sequentibuS,
1349 2706 1515 2783 apud
1554 2705 1871 2765 Danielem
1922 2703 2301 2781 „Dominus

179 2809 300 2890 qui
331 2807 425 2870 ibi
449 2805 764 2887 apparuit
795 2803 906 2866 illa·
927 2811 1010 2872 ‚ut
1049 2803 1168 2868 Vir
1200 2805 1471 2868 indutus
1508 2803 1749 2880 linteis,
1788 2804 1970 2888 cujus
2006 2809 2300 2886 aspectus

185 2909 360 2970 sicut
393 2911 691 2987 aspectus
714 2903 1050 2986 sulyuriffi
1103 2910 1178 2964 et·
1200 2904 1371 2968 oculi
1404 2905 1573 2968 sicut
1592 2907 1779 2987 faces
1812 2905 1991 2985 iynis
2004 2951 2023 2982 ,
2078 2923 2158 2966 ac
2176 2925 2294 2986 pe-

185 3008 305 3068 des
343 3007 506 3069 sicut
551 3003 852 3088 splendor
901 3005 1077 3066 aeria
1125 3001 1464 3085 laeviyati,
1530 3005 1779 3085 Tetigit
1823 3003 2045 3082 illum,
2101 3011 2160 3066 et
2192 3023 2295 3066 re-

187 3106 412 3166 stituit
452 3125 640 3184 super
673 3105 1015 3166 stationem
1049 3123 1267 3174 suam,
1317 3124 1397 3166 ac
1434 3104 1703 3168 sustulit
1737 3104 1929 3168 illum
1962 3125 2153 3188 cuper
2182 3125 2295 3185 ye-

186 3223 331 3266 nua
389 3223 547 3274 sucu
597 3223 671 3265 ac
720 3204 968 3284 Tetigit
1019 3202 1196 3266 labia
1241 3205 1409 3286 ejus,
1478 3211 1539 3266 et
1586 3207 1838 3285 aperuit
1882 3223 1953 3266 οε
2004 3205 2141 3288 effus
2154 3226 2183 3276 ;
2236 3211 2299 3266 et

182 3302 458 3366 addidit
507 3303 791 3384 Tangere
841 3302 1032 3366 illum
1045 3349 1062 3376 ,
1113 3309 1175 3364 et
1218 3305 1639 3366 corroboravit
1690 3303 1878 3366 illum
1888 3307 1923 3337 “
1978 3306 2076 3367 X:
2131 3308 2174 3364 4
2218 3306 2296 3364 ad

174 3406 380 3466 finem.
433 3405 616 3482 Apud
651 3405 694 3464 J
697 3407 978 3464 eremiam
1028 3402 1324 3478 „Emisit
1357 3402 1640 3465 Jehovah
1674 3423 1935 3466 manum
1970 3422 2189 3473 suam,
2234 3408 2296 3464 et
2372 3435 2376 3440 ’

181 3503 434 3584 Tetiqit
467 3523 540 3564 οε
575 3522 811 3574 meum,
863 3509 926 3564 et
965 3502 1174 3578 dimit,
1229 3502 1312 3563 do
1348 3504 1533 3566 verba
1566 3523 1705 3566 mea
1733 3504 1805 3565 in
1838 3522 1908 3562 οε
1942 3504 2175 3563 tuum“
2225 3501 2291 3560 1:

181 3608 248 3666 9.
321 3605 508 3681 Apud
551 3605 924 3664 Matthaeum
971 3601 1216 3678 „Jeme
1259 3603 1601 3666 emendem
1649 3621 1910 3666 manum
1952 3599 2043 3662 ad
2089 3578 2295 3680 leprd-

173 3723 352 3777 eum,
422 3702 670 3782 Tetigit
702 3700 924 3774 illum,
978 3701 1193 3764 dicem
1209 3745 1228 3772 ,
1281 3700 1421 3763 volo
1456 3703 1807 3766 mundatus
1840 3706 2003 3775 esto,
2059 3703 2119 3760 et
2154 3703 2295 3760 sta-

175 3803 298 3864 tim
362 3801 678 3864 mundata
735 3806 831 3862 est
885 3799 1075 3864 illius
1137 3799 1363 3882 Zepra“
1443 3803 1621 3864 VIII:
1677 3807 1737 3865 3.
1812 3801 1996 3879 Apud
2018 3799 2294 3861 Eundem

176 3902 424 3977 „Jeme
457 3901 627 3964 vidit
655 3920 906 3966 socrum
937 3901 1124 3965 Pem·
1144 3901 1319 3982 febri
1358 3901 1706 3983 afflictam,
1758 3908 1817 3964 et
1866 3899 2116 3982 Tetiyit
2148 3919 2291 3962 ma-

173 4019 330 4063 num
375 4003 545 4086 ejus,
607 4007 666 4062 et
705 3999 968 4083 reliquit
1019 4021 1160 4074 eam
1191 4001 1444 4082 sehr-iffi
1500 4002 1685 4062 VIII:
1747 4007 1775 4062 1
1793 4006 1857 4061 4.
1914 4006 1943 4061 1
1965 4002 2023 4061 5.
2110 4001 2298 4082 Apud

173 4099 448 4162 Eundem
493 4101 738 4178 „Jews
777 4086 1024 4183 Tetiyit
1059 4099 1273 4162 oculos
1301 4100 1578 4164 duorum
1606 4119 1958 4170 caecorum,
1997 4106 2059 4162 et
2084 4100 2297 4181 aperti

175 4207 324 4264 eunt
359 4221 574 4266 eorum
605 4199 824 4266 wlff
845 4201 994 4266 .1X:
1052 4204 1164 4261 29.
1244 4201 1431 4276 Apud
1464 4201 1733 4260 Eundem
1772 4199 2055 4276 „Adhuc
2096 4197 2295 4259 Petro
