<?xml version="1.0" encoding="UTF-8"?>
<!DOCTYPE html PUBLIC "-//W3C//DTD XHTML 1.0 Transitional//EN"
    "http://www.w3.org/TR/xhtml1/DTD/xhtml1-transitional.dtd">
<html xmlns="http://www.w3.org/1999/xhtml" xml:lang="en" lang="en">
 <head>
  <title>
</title>
<meta http-equiv="Content-Type" content="text/html;charset=utf-8" />
  <meta name='ocr-system' content='tesseract 3.04.00' />
  <meta name='ocr-capabilities' content='ocr_page ocr_carea ocr_par ocr_line ocrx_word'/>
</head>
<body>
  <div class='ocr_page' id='page_1' title='image "./apocalypsisexpl01unkngoog_0332.png"; bbox 0 0 2700 4792; ppageno 0'>
   <div class='ocr_carea' id='block_1_1' title="bbox 423 347 2199 419">
    <p class='ocr_par' dir='ltr' id='par_1_1' title="bbox 423 347 2199 419">
     <span class='ocr_line' id='line_1_1' title="bbox 423 347 2199 419; baseline -0.001 -8"><span class='ocrx_word' id='word_1_1' title='bbox 423 359 534 412; x_wconf 75' lang='grc'><strong>328</strong></span> <span class='ocrx_word' id='word_1_2' title='bbox 775 347 1266 414; x_wconf 68' lang='lat' dir='ltr'>APOCALYPSIS</span> <span class='ocrx_word' id='word_1_3' title='bbox 1307 349 1741 410; x_wconf 71' lang='lat' dir='ltr'>EXPLICATA.</span> <span class='ocrx_word' id='word_1_4' title='bbox 1784 351 1835 419; x_wconf 79' lang='lat'><strong>§.</strong></span> <span class='ocrx_word' id='word_1_5' title='bbox 1888 361 2023 416; x_wconf 68' lang='grc' dir='ltr'><strong>Ἠθ-</strong></span> <span class='ocrx_word' id='word_1_6' title='bbox 2066 359 2199 413; x_wconf 78' lang='lat'><strong>211.</strong></span> 
     </span>
    </p>
   </div>
   <div class='ocr_carea' id='block_1_2' title="bbox 209 486 2638 4290">
    <p class='ocr_par' dir='ltr' id='par_1_2' title="bbox 409 486 2638 2484">
     <span class='ocr_line' id='line_1_2' title="bbox 578 486 2532 584; baseline 0.001 -18"><span class='ocrx_word' id='word_1_7' title='bbox 578 507 742 566; x_wconf 80' lang='lat'>210.</span> <span class='ocrx_word' id='word_1_8' title='bbox 796 505 874 566; x_wconf 87' lang='lat' dir='ltr'><strong>Et</strong></span> <span class='ocrx_word' id='word_1_9' title='bbox 909 502 1072 565; x_wconf 86' lang='lat' dir='ltr'><strong>daho</strong></span> <span class='ocrx_word' id='word_1_10' title='bbox 1101 523 1177 566; x_wconf 84' lang='lat' dir='ltr'><strong>ex</strong></span> <span class='ocrx_word' id='word_1_11' title='bbox 1211 486 1523 584; x_wconf 76' lang='lat' dir='ltr'><strong>synagoga</strong></span> <span class='ocrx_word' id='word_1_12' title='bbox 1546 505 1836 582; x_wconf 86' lang='lat' dir='ltr'><strong>Satanae,</strong></span> <span class='ocrx_word' id='word_1_13' title='bbox 1880 507 2047 584; x_wconf 83' lang='lat' dir='ltr'><strong>quod</strong></span> <span class='ocrx_word' id='word_1_14' title='bbox 2083 506 2375 583; x_wconf 82' lang='lat' dir='ltr'><strong>significet</strong></span> <span class='ocrx_word' id='word_1_15' title='bbox 2406 508 2532 568; x_wconf 79' lang='lat' dir='ltr'><strong>illos</strong></span> 
     </span>
     <span class='ocr_line' id='line_1_3' title="bbox 421 605 2533 684; baseline -0.001 -18"><span class='ocrx_word' id='word_1_16' title='bbox 421 609 524 684; x_wconf 90' lang='lat' dir='ltr'><strong>qui</strong></span> <span class='ocrx_word' id='word_1_17' title='bbox 555 609 619 666; x_wconf 86' lang='lat' dir='ltr'><strong>in</strong></span> <span class='ocrx_word' id='word_1_18' title='bbox 652 607 944 667; x_wconf 81' lang='lat' dir='ltr'><strong>Doctrina</strong></span> <span class='ocrx_word' id='word_1_19' title='bbox 977 605 1052 666; x_wconf 90' lang='lat' dir='ltr'><strong>de</strong></span> <span class='ocrx_word' id='word_1_20' title='bbox 1087 609 1222 667; x_wconf 76' lang='lat' dir='ltr'><strong>sola</strong></span> <span class='ocrx_word' id='word_1_21' title='bbox 1257 606 1375 666; x_wconf 82' lang='lat' dir='ltr'><strong>fide</strong></span> <span class='ocrx_word' id='word_1_22' title='bbox 1422 615 1481 665; x_wconf 89' lang='lat' dir='ltr'><strong>et</strong></span> <span class='ocrx_word' id='word_1_23' title='bbox 1520 609 1582 666; x_wconf 89' lang='lat' dir='ltr'><strong>in</strong></span> <span class='ocrx_word' id='word_1_24' title='bbox 1618 607 1783 666; x_wconf 87' lang='lat' dir='ltr'><strong>nulla</strong></span> <span class='ocrx_word' id='word_1_25' title='bbox 1820 606 2155 676; x_wconf 78' lang='lat' dir='ltr'><strong>charitate,</strong></span> <span class='ocrx_word' id='word_1_26' title='bbox 2206 611 2437 666; x_wconf 84' lang='lat' dir='ltr'><strong>constat</strong></span> <span class='ocrx_word' id='word_1_27' title='bbox 2467 624 2533 666; x_wconf 82' lang='lat' dir='ltr'><strong>ex</strong></span> 
     </span>
     <span class='ocr_line' id='line_1_4' title="bbox 421 705 2537 786; baseline -0.001 -18"><span class='ocrx_word' id='word_1_28' title='bbox 421 705 856 786; x_wconf 77' lang='lat' dir='ltr'><strong>significatione</strong></span> <span class='ocrx_word' id='word_1_29' title='bbox 895 723 970 766; x_wconf 86' lang='lat' dir='ltr'><strong>ex</strong></span> <span class='ocrx_word' id='word_1_30' title='bbox 1005 722 1314 786; x_wconf 79' lang='lat' dir='ltr'><strong>synagoga</strong></span> <span class='ocrx_word' id='word_1_31' title='bbox 1351 705 1649 779; x_wconf 86' lang='lat' dir='ltr'><strong>Satanae,</strong></span> <span class='ocrx_word' id='word_1_32' title='bbox 1692 706 1852 784; x_wconf 87' lang='lat' dir='ltr'><strong>quod</strong></span> <span class='ocrx_word' id='word_1_33' title='bbox 1884 708 2007 766; x_wconf 83' lang='lat' dir='ltr'><strong>sint</strong></span> <span class='ocrx_word' id='word_1_34' title='bbox 2044 707 2137 766; x_wconf 87' lang='lat' dir='ltr'><strong>illi</strong></span> <span class='ocrx_word' id='word_1_35' title='bbox 2174 708 2277 784; x_wconf 87' lang='lat' dir='ltr'><strong>qui</strong></span> <span class='ocrx_word' id='word_1_36' title='bbox 2309 710 2369 766; x_wconf 83' lang='lat' dir='ltr'><strong>in</strong></span> <span class='ocrx_word' id='word_1_37' title='bbox 2404 706 2537 766; x_wconf 85' lang='lat' dir='ltr'><strong>doc-</strong></span> 
     </span>
     <span class='ocr_line' id='line_1_5' title="bbox 419 805 2537 883; baseline -0.001 -17"><span class='ocrx_word' id='word_1_38' title='bbox 419 810 578 868; x_wconf 86' lang='lat' dir='ltr'><strong>trina</strong></span> <span class='ocrx_word' id='word_1_39' title='bbox 613 809 873 867; x_wconf 86' lang='lat' dir='ltr'><strong>omnium</strong></span> <span class='ocrx_word' id='word_1_40' title='bbox 910 805 1193 868; x_wconf 82' lang='lat' dir='ltr'><strong>salsorum</strong></span> <span class='ocrx_word' id='word_1_41' title='bbox 1209 852 1226 882; x_wconf 92' lang='lat'><strong>,</strong></span> <span class='ocrx_word' id='word_1_42' title='bbox 1267 807 1340 866; x_wconf 85' lang='lat' dir='ltr'><strong>dc</strong></span> <span class='ocrx_word' id='word_1_43' title='bbox 1380 825 1499 883; x_wconf 88' lang='lat' dir='ltr'><strong>qua</strong></span> <span class='ocrx_word' id='word_1_44' title='bbox 1532 823 1719 883; x_wconf 83' lang='lat' dir='ltr'><strong>supra</strong></span> <span class='ocrx_word' id='word_1_45' title='bbox 1744 825 1811 866; x_wconf 84' lang='lat' dir='ltr'><strong>n:</strong></span> <span class='ocrx_word' id='word_1_46' title='bbox 1850 809 2011 881; x_wconf 87' lang='lat'><strong>120,</strong></span> <span class='ocrx_word' id='word_1_47' title='bbox 2065 807 2167 866; x_wconf 89' lang='lat' dir='ltr'><strong>hic</strong></span> <span class='ocrx_word' id='word_1_48' title='bbox 2200 809 2406 882; x_wconf 88' lang='lat' dir='ltr'><strong>itaque</strong></span> <span class='ocrx_word' id='word_1_49' title='bbox 2438 823 2537 882; x_wconf 87' lang='lat' dir='ltr'><strong>per</strong></span> 
     </span>
     <span class='ocr_line' id='line_1_6' title="bbox 421 904 2538 984; baseline -0.002 -16"><span class='ocrx_word' id='word_1_50' title='bbox 421 925 499 968; x_wconf 81' lang='lat' dir='ltr'><strong>ex</strong></span> <span class='ocrx_word' id='word_1_51' title='bbox 533 923 844 984; x_wconf 82' lang='lat' dir='ltr'><strong>synagoga</strong></span> <span class='ocrx_word' id='word_1_52' title='bbox 880 905 1146 968; x_wconf 87' lang='lat' dir='ltr'><strong>Satanae</strong></span> <span class='ocrx_word' id='word_1_53' title='bbox 1181 906 1595 984; x_wconf 85' lang='lat' dir='ltr'><strong>intelliguntur</strong></span> <span class='ocrx_word' id='word_1_54' title='bbox 1628 907 1717 966; x_wconf 90' lang='lat' dir='ltr'><strong>illi</strong></span> <span class='ocrx_word' id='word_1_55' title='bbox 1752 909 1855 983; x_wconf 89' lang='lat' dir='ltr'><strong>qui</strong></span> <span class='ocrx_word' id='word_1_56' title='bbox 1892 909 1955 965; x_wconf 87' lang='lat' dir='ltr'><strong>in</strong></span> <span class='ocrx_word' id='word_1_57' title='bbox 1996 906 2283 966; x_wconf 86' lang='lat' dir='ltr'><strong>doctrina</strong></span> <span class='ocrx_word' id='word_1_58' title='bbox 2316 905 2390 965; x_wconf 85' lang='lat' dir='ltr'><strong>de</strong></span> <span class='ocrx_word' id='word_1_59' title='bbox 2422 904 2538 964; x_wconf 86' lang='lat' dir='ltr'><strong>sola</strong></span> 
     </span>
     <span class='ocr_line' id='line_1_7' title="bbox 419 1005 2537 1083; baseline -0.002 -16"><span class='ocrx_word' id='word_1_60' title='bbox 419 1007 567 1081; x_wconf 87' lang='lat' dir='ltr'><strong>fide,</strong></span> <span class='ocrx_word' id='word_1_61' title='bbox 607 1013 668 1066; x_wconf 86' lang='lat' dir='ltr'><strong>et</strong></span> <span class='ocrx_word' id='word_1_62' title='bbox 699 1009 764 1065; x_wconf 91' lang='lat' dir='ltr'><strong>in</strong></span> <span class='ocrx_word' id='word_1_63' title='bbox 795 1005 964 1066; x_wconf 87' lang='lat' dir='ltr'><strong>nulla</strong></span> <span class='ocrx_word' id='word_1_64' title='bbox 997 1008 1288 1068; x_wconf 80' lang='lat' dir='ltr'><strong>charitate</strong></span> <span class='ocrx_word' id='word_1_65' title='bbox 1325 1014 1494 1080; x_wconf 87' lang='lat' dir='ltr'><strong>sunt,</strong></span> <span class='ocrx_word' id='word_1_66' title='bbox 1544 1009 1824 1083; x_wconf 88' lang='lat' dir='ltr'><strong>quoniam</strong></span> <span class='ocrx_word' id='word_1_67' title='bbox 1858 1009 1921 1066; x_wconf 88' lang='lat' dir='ltr'><strong>in</strong></span> <span class='ocrx_word' id='word_1_68' title='bbox 1960 1009 2221 1083; x_wconf 87' lang='lat' dir='ltr'><strong>scriptis</strong></span> <span class='ocrx_word' id='word_1_69' title='bbox 2260 1006 2341 1063; x_wconf 89' lang='lat' dir='ltr'><strong>ad</strong></span> <span class='ocrx_word' id='word_1_70' title='bbox 2372 1005 2537 1082; x_wconf 77' lang='lat' dir='ltr'><strong>hujus</strong></span> 
     </span>
     <span class='ocr_line' id='line_1_8' title="bbox 415 1105 2531 1184; baseline -0.003 -17"><span class='ocrx_word' id='word_1_71' title='bbox 415 1106 728 1167; x_wconf 79' lang='lat' dir='ltr'><strong>Ecclesiae</strong></span> <span class='ocrx_word' id='word_1_72' title='bbox 753 1105 1052 1184; x_wconf 82' lang='lat' dir='ltr'><strong>Angelum</strong></span> <span class='ocrx_word' id='word_1_73' title='bbox 1087 1109 1282 1184; x_wconf 83' lang='lat' dir='ltr'><strong>agitur</strong></span> <span class='ocrx_word' id='word_1_74' title='bbox 1319 1107 1393 1166; x_wconf 88' lang='lat' dir='ltr'><strong>de</strong></span> <span class='ocrx_word' id='word_1_75' title='bbox 1420 1106 1539 1165; x_wconf 86' lang='lat' dir='ltr'><strong>illis</strong></span> <span class='ocrx_word' id='word_1_76' title='bbox 1576 1109 1679 1184; x_wconf 90' lang='lat' dir='ltr'><strong>qui</strong></span> <span class='ocrx_word' id='word_1_77' title='bbox 1710 1109 1772 1166; x_wconf 88' lang='lat' dir='ltr'><strong>in</strong></span> <span class='ocrx_word' id='word_1_78' title='bbox 1796 1106 1917 1165; x_wconf 85' lang='lat' dir='ltr'><strong>fide</strong></span> <span class='ocrx_word' id='word_1_79' title='bbox 1945 1123 2021 1166; x_wconf 85' lang='lat' dir='ltr'><strong>ex</strong></span> <span class='ocrx_word' id='word_1_80' title='bbox 2050 1105 2355 1166; x_wconf 85' lang='lat' dir='ltr'><strong>charitate</strong></span> <span class='ocrx_word' id='word_1_81' title='bbox 2380 1111 2531 1164; x_wconf 85' lang='lat' dir='ltr'><strong>sunt:</strong></span> 
     </span>
     <span class='ocr_line' id='line_1_9' title="bbox 419 1203 2533 1285; baseline -0.002 -20"><span class='ocrx_word' id='word_1_82' title='bbox 419 1206 580 1283; x_wconf 86' lang='lat' dir='ltr'><strong>quod</strong></span> <span class='ocrx_word' id='word_1_83' title='bbox 613 1206 700 1266; x_wconf 89' lang='lat' dir='ltr'><strong>illi</strong></span> <span class='ocrx_word' id='word_1_84' title='bbox 737 1223 810 1265; x_wconf 82' lang='lat' dir='ltr'><strong>ex</strong></span> <span class='ocrx_word' id='word_1_85' title='bbox 836 1223 1146 1285; x_wconf 79' lang='lat' dir='ltr'><strong>synagoga</strong></span> <span class='ocrx_word' id='word_1_86' title='bbox 1175 1207 1437 1268; x_wconf 86' lang='lat' dir='ltr'><strong>Satanae</strong></span> <span class='ocrx_word' id='word_1_87' title='bbox 1474 1205 1747 1266; x_wconf 87' lang='lat' dir='ltr'><strong>dicantur</strong></span> <span class='ocrx_word' id='word_1_88' title='bbox 1774 1222 1931 1274; x_wconf 83' lang='lat' dir='ltr'><strong>esse,</strong></span> <span class='ocrx_word' id='word_1_89' title='bbox 1966 1214 2069 1264; x_wconf 88' lang='lat' dir='ltr'><strong>est</strong></span> <span class='ocrx_word' id='word_1_90' title='bbox 2104 1209 2255 1283; x_wconf 88' lang='lat' dir='ltr'><strong>quia</strong></span> <span class='ocrx_word' id='word_1_91' title='bbox 2289 1207 2352 1263; x_wconf 87' lang='lat' dir='ltr'><strong>in</strong></span> <span class='ocrx_word' id='word_1_92' title='bbox 2382 1203 2533 1262; x_wconf 80' lang='lat' dir='ltr'><strong>nulla</strong></span> 
     </span>
     <span class='ocr_line' id='line_1_10' title="bbox 415 1305 2531 1384; baseline -0.004 -18"><span class='ocrx_word' id='word_1_93' title='bbox 415 1307 533 1367; x_wconf 85' lang='lat' dir='ltr'><strong>fide</strong></span> <span class='ocrx_word' id='word_1_94' title='bbox 569 1315 723 1381; x_wconf 85' lang='lat' dir='ltr'><strong>sunt,</strong></span> <span class='ocrx_word' id='word_1_95' title='bbox 763 1310 1002 1366; x_wconf 83' lang='lat' dir='ltr'><strong>tametsi</strong></span> <span class='ocrx_word' id='word_1_96' title='bbox 1036 1313 1252 1384; x_wconf 86' lang='lat' dir='ltr'><strong>putant</strong></span> <span class='ocrx_word' id='word_1_97' title='bbox 1281 1323 1348 1366; x_wconf 88' lang='lat' dir='ltr'><strong>se</strong></span> <span class='ocrx_word' id='word_1_98' title='bbox 1392 1322 1561 1382; x_wconf 82' lang='lat' dir='ltr'><strong>esse3</strong></span> <span class='ocrx_word' id='word_1_99' title='bbox 1608 1313 1668 1365; x_wconf 91' lang='lat' dir='ltr'><strong>et</strong></span> <span class='ocrx_word' id='word_1_100' title='bbox 1702 1309 1845 1381; x_wconf 85' lang='lat' dir='ltr'><strong>quia</strong></span> <span class='ocrx_word' id='word_1_101' title='bbox 1872 1305 2240 1366; x_wconf 84' lang='lat' dir='ltr'><strong>charitatem</strong></span> <span class='ocrx_word' id='word_1_102' title='bbox 2274 1305 2531 1382; x_wconf 85' lang='lat' dir='ltr'><strong>rejiciunt</strong></span> 
     </span>
     <span class='ocr_line' id='line_1_11' title="bbox 417 1404 2532 1480; baseline -0.004 -14"><span class='ocrx_word' id='word_1_103' title='bbox 417 1409 574 1468; x_wconf 84' lang='lat' dir='ltr'><strong>sicut</strong></span> <span class='ocrx_word' id='word_1_104' title='bbox 630 1406 858 1466; x_wconf 84' lang='lat' dir='ltr'><strong>nullum</strong></span> <span class='ocrx_word' id='word_1_105' title='bbox 909 1407 1170 1466; x_wconf 83' lang='lat' dir='ltr'><strong>medium</strong></span> <span class='ocrx_word' id='word_1_106' title='bbox 1217 1407 1295 1466; x_wconf 90' lang='lat' dir='ltr'><strong>ad</strong></span> <span class='ocrx_word' id='word_1_107' title='bbox 1329 1406 1616 1480; x_wconf 88' lang='lat' dir='ltr'><strong>salutem,</strong></span> <span class='ocrx_word' id='word_1_108' title='bbox 1672 1414 1731 1464; x_wconf 89' lang='lat' dir='ltr'><strong>et</strong></span> <span class='ocrx_word' id='word_1_109' title='bbox 1779 1413 1981 1466; x_wconf 86' lang='lat' dir='ltr'><strong>tamen</strong></span> <span class='ocrx_word' id='word_1_110' title='bbox 2016 1406 2325 1464; x_wconf 78' lang='lat' dir='ltr'>Dominus</span> <span class='ocrx_word' id='word_1_111' title='bbox 2360 1404 2532 1460; x_wconf 83' lang='lat' dir='ltr'><strong>influit</strong></span> 
     </span>
     <span class='ocr_line' id='line_1_12' title="bbox 415 1502 2529 1585; baseline -0.004 -18"><span class='ocrx_word' id='word_1_112' title='bbox 415 1525 528 1585; x_wconf 83' lang='lat' dir='ltr'><strong>per</strong></span> <span class='ocrx_word' id='word_1_113' title='bbox 561 1507 911 1566; x_wconf 75' lang='lat' dir='ltr'><strong>charitatem</strong></span> <span class='ocrx_word' id='word_1_114' title='bbox 945 1509 1008 1566; x_wconf 92' lang='lat' dir='ltr'><strong>in</strong></span> <span class='ocrx_word' id='word_1_115' title='bbox 1041 1506 1237 1582; x_wconf 87' lang='lat' dir='ltr'><strong>fidem,</strong></span> <span class='ocrx_word' id='word_1_116' title='bbox 1278 1514 1339 1566; x_wconf 87' lang='lat' dir='ltr'><strong>et</strong></span> <span class='ocrx_word' id='word_1_117' title='bbox 1366 1523 1481 1564; x_wconf 89' lang='lat' dir='ltr'><strong>non</strong></span> <span class='ocrx_word' id='word_1_118' title='bbox 1508 1509 1567 1564; x_wconf 88' lang='lat' dir='ltr'><strong>in</strong></span> <span class='ocrx_word' id='word_1_119' title='bbox 1594 1506 1769 1565; x_wconf 84' lang='lat' dir='ltr'><strong>fidem</strong></span> <span class='ocrx_word' id='word_1_120' title='bbox 1800 1512 2175 1581; x_wconf 83' lang='lat' dir='ltr'><strong>separatam,</strong></span> <span class='ocrx_word' id='word_1_121' title='bbox 2228 1523 2365 1562; x_wconf 84' lang='lat' dir='ltr'><strong>nam</strong></span> <span class='ocrx_word' id='word_1_122' title='bbox 2396 1502 2529 1561; x_wconf 83' lang='lat' dir='ltr'><strong>fides</strong></span> 
     </span>
     <span class='ocr_line' id='line_1_13' title="bbox 413 1599 2526 1696; baseline -0.005 -29"><span class='ocrx_word' id='word_1_123' title='bbox 413 1615 700 1684; x_wconf 85' lang='lat' dir='ltr'><strong>separata</strong></span> <span class='ocrx_word' id='word_1_124' title='bbox 737 1616 829 1666; x_wconf 88' lang='lat' dir='ltr'><strong>est</strong></span> <span class='ocrx_word' id='word_1_125' title='bbox 863 1608 1036 1666; x_wconf 89' lang='lat' dir='ltr'><strong>modo</strong></span> <span class='ocrx_word' id='word_1_126' title='bbox 1072 1609 1326 1696; x_wconf 69' lang='lat' dir='ltr'><strong>scientia</strong></span> <span class='ocrx_word' id='word_1_127' title='bbox 1376 1609 1475 1666; x_wconf 88' lang='lat' dir='ltr'><strong>cui</strong></span> <span class='ocrx_word' id='word_1_128' title='bbox 1507 1623 1627 1666; x_wconf 85' lang='lat' dir='ltr'><strong>non</strong></span> <span class='ocrx_word' id='word_1_129' title='bbox 1660 1609 1817 1666; x_wconf 86' lang='lat' dir='ltr'><strong>inest</strong></span> <span class='ocrx_word' id='word_1_130' title='bbox 1850 1608 1977 1664; x_wconf 80' lang='lat' dir='ltr'><strong>vita</strong></span> <span class='ocrx_word' id='word_1_131' title='bbox 2020 1623 2061 1664; x_wconf 85' lang='lat' dir='ltr'><strong>a</strong></span> <span class='ocrx_word' id='word_1_132' title='bbox 2097 1606 2357 1678; x_wconf 78' lang='lat' dir='ltr'><strong>Divin03</strong></span> <span class='ocrx_word' id='word_1_133' title='bbox 2404 1599 2526 1659; x_wconf 84' lang='lat' dir='ltr'><strong>inde</strong></span> 
     </span>
     <span class='ocr_line' id='line_1_14' title="bbox 415 1703 2525 1783; baseline -0.003 -17"><span class='ocrx_word' id='word_1_134' title='bbox 415 1713 541 1781; x_wconf 83' lang='lat' dir='ltr'><strong>est,</strong></span> <span class='ocrx_word' id='word_1_135' title='bbox 591 1707 750 1783; x_wconf 90' lang='lat' dir='ltr'><strong>quod</strong></span> <span class='ocrx_word' id='word_1_136' title='bbox 787 1709 890 1783; x_wconf 88' lang='lat' dir='ltr'><strong>qui</strong></span> <span class='ocrx_word' id='word_1_137' title='bbox 934 1710 995 1766; x_wconf 90' lang='lat' dir='ltr'><strong>in</strong></span> <span class='ocrx_word' id='word_1_138' title='bbox 1031 1707 1301 1766; x_wconf 88' lang='lat' dir='ltr'><strong>doct-rina</strong></span> <span class='ocrx_word' id='word_1_139' title='bbox 1345 1706 1419 1766; x_wconf 88' lang='lat' dir='ltr'><strong>de</strong></span> <span class='ocrx_word' id='word_1_140' title='bbox 1456 1706 1589 1765; x_wconf 88' lang='lat' dir='ltr'><strong>sola</strong></span> <span class='ocrx_word' id='word_1_141' title='bbox 1620 1706 1737 1764; x_wconf 87' lang='lat' dir='ltr'><strong>fide</strong></span> <span class='ocrx_word' id='word_1_142' title='bbox 1790 1711 1933 1764; x_wconf 83' lang='lat' dir='ltr'><strong>sunt</strong></span> <span class='ocrx_word' id='word_1_143' title='bbox 1975 1712 2038 1763; x_wconf 90' lang='lat' dir='ltr'><strong>et</strong></span> <span class='ocrx_word' id='word_1_144' title='bbox 2092 1721 2216 1764; x_wconf 88' lang='lat' dir='ltr'><strong>non</strong></span> <span class='ocrx_word' id='word_1_145' title='bbox 2250 1708 2311 1764; x_wconf 88' lang='lat' dir='ltr'><strong>in</strong></span> <span class='ocrx_word' id='word_1_146' title='bbox 2346 1703 2525 1762; x_wconf 86' lang='lat' dir='ltr'><strong>chari-</strong></span> 
     </span>
     <span class='ocr_line' id='line_1_15' title="bbox 413 1802 2524 1882; baseline -0.004 -18"><span class='ocrx_word' id='word_1_147' title='bbox 413 1813 570 1875; x_wconf 83' lang='lat' dir='ltr'><strong>tate,</strong></span> <span class='ocrx_word' id='word_1_148' title='bbox 603 1809 664 1865; x_wconf 88' lang='lat' dir='ltr'><strong>in</strong></span> <span class='ocrx_word' id='word_1_149' title='bbox 702 1806 868 1864; x_wconf 86' lang='lat' dir='ltr'><strong>nulla</strong></span> <span class='ocrx_word' id='word_1_150' title='bbox 899 1807 1312 1867; x_wconf 85' lang='lat' dir='ltr'><strong>illustratione.</strong></span> <span class='ocrx_word' id='word_1_151' title='bbox 1333 1810 1482 1880; x_wconf 85' lang='lat' dir='ltr'><strong>sint,</strong></span> <span class='ocrx_word' id='word_1_152' title='bbox 1540 1823 1727 1882; x_wconf 85' lang='lat' dir='ltr'><strong>quare</strong></span> <span class='ocrx_word' id='word_1_153' title='bbox 1765 1807 1946 1866; x_wconf 87' lang='lat' dir='ltr'><strong>etiam</strong></span> <span class='ocrx_word' id='word_1_154' title='bbox 1980 1812 2129 1864; x_wconf 88' lang='lat' dir='ltr'><strong>sunt</strong></span> <span class='ocrx_word' id='word_1_155' title='bbox 2176 1807 2241 1863; x_wconf 90' lang='lat' dir='ltr'><strong>in</strong></span> <span class='ocrx_word' id='word_1_156' title='bbox 2276 1802 2524 1862; x_wconf 83' lang='lat' dir='ltr'><strong>doctrina</strong></span> 
     </span>
     <span class='ocr_line' id='line_1_16' title="bbox 413 1903 2519 1983; baseline -0.003 -19"><span class='ocrx_word' id='word_1_157' title='bbox 413 1905 677 1982; x_wconf 84' lang='lat' dir='ltr'><strong>plurium</strong></span> <span class='ocrx_word' id='word_1_158' title='bbox 714 1905 1031 1981; x_wconf 83' lang='lat' dir='ltr'><strong>salsorum,</strong></span> <span class='ocrx_word' id='word_1_159' title='bbox 1075 1923 1229 1983; x_wconf 86' lang='lat' dir='ltr'><strong>quae</strong></span> <span class='ocrx_word' id='word_1_160' title='bbox 1263 1909 1324 1966; x_wconf 88' lang='lat' dir='ltr'><strong>in</strong></span> <span class='ocrx_word' id='word_1_161' title='bbox 1362 1908 1569 1983; x_wconf 83' lang='lat' dir='ltr'><strong>specie</strong></span> <span class='ocrx_word' id='word_1_162' title='bbox 1602 1906 1971 1982; x_wconf 83' lang='lat' dir='ltr'><strong>significatur</strong></span> <span class='ocrx_word' id='word_1_163' title='bbox 2006 1923 2123 1981; x_wconf 87' lang='lat' dir='ltr'><strong>per</strong></span> <span class='ocrx_word' id='word_1_164' title='bbox 2159 1903 2519 1982; x_wconf 80' lang='lat' dir='ltr'><strong>Synagogam</strong></span> 
     </span>
     <span class='ocr_line' id='line_1_17' title="bbox 409 2001 2517 2082; baseline -0.005 -16"><span class='ocrx_word' id='word_1_165' title='bbox 409 2005 696 2066; x_wconf 68' lang='lat' dir='ltr'><strong>Satanae.</strong></span> <span class='ocrx_word' id='word_1_166' title='bbox 771 2005 947 2082; x_wconf 82' lang='lat' dir='ltr'><strong>Quod</strong></span> <span class='ocrx_word' id='word_1_167' title='bbox 980 2007 1146 2066; x_wconf 85' lang='lat' dir='ltr'><strong>nulla</strong></span> <span class='ocrx_word' id='word_1_168' title='bbox 1197 2006 1346 2066; x_wconf 84' lang='lat' dir='ltr'><strong>fides</strong></span> <span class='ocrx_word' id='word_1_169' title='bbox 1396 2008 1475 2066; x_wconf 89' lang='lat' dir='ltr'><strong>sit</strong></span> <span class='ocrx_word' id='word_1_170' title='bbox 1508 2007 1613 2065; x_wconf 91' lang='lat' dir='ltr'><strong>ubi</strong></span> <span class='ocrx_word' id='word_1_171' title='bbox 1647 2022 1767 2063; x_wconf 87' lang='lat' dir='ltr'><strong>non</strong></span> <span class='ocrx_word' id='word_1_172' title='bbox 1799 2005 2097 2080; x_wconf 58' lang='lat' dir='ltr'><strong>chax-itm,</strong></span> <span class='ocrx_word' id='word_1_173' title='bbox 2169 2003 2439 2064; x_wconf 86' lang='lat' dir='ltr'><strong>videatur</strong></span> <span class='ocrx_word' id='word_1_174' title='bbox 2468 2001 2517 2055; x_wconf 83' lang='lat' dir='ltr'><strong>in</strong></span> 
     </span>
     <span class='ocr_line' id='line_1_18' title="bbox 413 2099 2517 2182; baseline -0.005 -17"><span class='ocrx_word' id='word_1_175' title='bbox 413 2103 724 2182; x_wconf 83' lang='lat' dir='ltr'><strong>opusculo</strong></span> <span class='ocrx_word' id='word_1_176' title='bbox 761 2099 836 2164; x_wconf 69' lang='lat' dir='ltr'><strong>dd</strong></span> <span class='ocrx_word' id='word_1_177' title='bbox 887 2105 1138 2168; x_wconf 74' lang='lat' dir='ltr'><strong>Ummo</strong></span> <span class='ocrx_word' id='word_1_178' title='bbox 1173 2106 1423 2168; x_wconf 74' lang='lat' dir='ltr'><strong>Jumcro</strong></span> <span class='ocrx_word' id='word_1_179' title='bbox 1482 2125 1553 2166; x_wconf 89' lang='lat' dir='ltr'><strong>n:</strong></span> <span class='ocrx_word' id='word_1_180' title='bbox 1598 2107 1685 2166; x_wconf 83' lang='lat'><strong>33</strong></span> <span class='ocrx_word' id='word_1_181' title='bbox 1718 2105 1797 2165; x_wconf 87' lang='lat' dir='ltr'><strong>ad</strong></span> <span class='ocrx_word' id='word_1_182' title='bbox 1838 2107 1960 2165; x_wconf 84' lang='lat'><strong>39:</strong></span> <span class='ocrx_word' id='word_1_183' title='bbox 2012 2112 2077 2164; x_wconf 89' lang='lat' dir='ltr'><strong>et</strong></span> <span class='ocrx_word' id='word_1_184' title='bbox 2114 2105 2259 2182; x_wconf 87' lang='lat' dir='ltr'><strong>quid</strong></span> <span class='ocrx_word' id='word_1_185' title='bbox 2293 2101 2433 2161; x_wconf 84' lang='lat' dir='ltr'><strong>fides</strong></span> <span class='ocrx_word' id='word_1_186' title='bbox 2466 2103 2517 2156; x_wconf 87' lang='lat' dir='ltr'><strong>et</strong></span> 
     </span>
     <span class='ocr_line' id='line_1_19' title="bbox 411 2195 2638 2300; baseline -0.002 -36"><span class='ocrx_word' id='word_1_187' title='bbox 411 2205 556 2282; x_wconf 85' lang='lat' dir='ltr'><strong>quid</strong></span> <span class='ocrx_word' id='word_1_188' title='bbox 593 2205 884 2282; x_wconf 88' lang='lat' dir='ltr'><strong>charitas,</strong></span> <span class='ocrx_word' id='word_1_189' title='bbox 921 2209 983 2265; x_wconf 90' lang='lat' dir='ltr'><strong>in</strong></span> <span class='ocrx_word' id='word_1_190' title='bbox 1016 2207 1343 2266; x_wconf 68' lang='lat' dir='ltr'><strong>Dec-numi</strong></span> <span class='ocrx_word' id='word_1_191' title='bbox 1382 2207 1605 2268; x_wconf 56' lang='lat' dir='ltr'><strong>Novius</strong></span> <span class='ocrx_word' id='word_1_192' title='bbox 1642 2205 2135 2267; x_wconf 71' lang='lat' dir='ltr'><strong>Hmnosonnun</strong></span> <span class='ocrx_word' id='word_1_193' title='bbox 2200 2224 2271 2264; x_wconf 84' lang='lat' dir='ltr'><strong>n:</strong></span> <span class='ocrx_word' id='word_1_194' title='bbox 2316 2204 2399 2262; x_wconf 88' lang='grc'><strong>84</strong></span> <span class='ocrx_word' id='word_1_195' title='bbox 2448 2195 2513 2255; x_wconf 79' lang='lat' dir='ltr'><strong>ad</strong></span> <span class='ocrx_word' id='word_1_196' title='bbox 2636 2219 2638 2300; x_wconf 44' lang='grc' dir='ltr'>Ῑ</span> 
     </span>
     <span class='ocr_line' id='line_1_20' title="bbox 421 2303 2638 2383; baseline -0.005 -19"><span class='ocrx_word' id='word_1_197' title='bbox 421 2307 582 2382; x_wconf 85' lang='grc'><strong>107,</strong></span> <span class='ocrx_word' id='word_1_198' title='bbox 623 2312 683 2365; x_wconf 87' lang='lat' dir='ltr'><strong>et</strong></span> <span class='ocrx_word' id='word_1_199' title='bbox 715 2323 786 2365; x_wconf 88' lang='lat' dir='ltr'><strong>n:</strong></span> <span class='ocrx_word' id='word_1_200' title='bbox 831 2309 969 2366; x_wconf 89' lang='lat'><strong>108</strong></span> <span class='ocrx_word' id='word_1_201' title='bbox 1009 2307 1086 2366; x_wconf 88' lang='lat' dir='ltr'><strong>ad</strong></span> <span class='ocrx_word' id='word_1_202' title='bbox 1123 2311 1279 2367; x_wconf 88' lang='lat'>122.</span> <span class='ocrx_word' id='word_1_203' title='bbox 1335 2307 1511 2383; x_wconf 85' lang='lat' dir='ltr'><strong>Quod</strong></span> <span class='ocrx_word' id='word_1_204' title='bbox 1544 2309 1605 2366; x_wconf 92' lang='lat' dir='ltr'><strong>in</strong></span> <span class='ocrx_word' id='word_1_205' title='bbox 1638 2307 1909 2366; x_wconf 84' lang='lat' dir='ltr'><strong>doctrina</strong></span> <span class='ocrx_word' id='word_1_206' title='bbox 1941 2305 2211 2382; x_wconf 86' lang='lat' dir='ltr'><strong>plurium</strong></span> <span class='ocrx_word' id='word_1_207' title='bbox 2248 2303 2509 2363; x_wconf 82' lang='lat' dir='ltr'><strong>salsorum</strong></span> <span class='ocrx_word' id='word_1_208' title='bbox 2636 2305 2638 2324; x_wconf 78' lang='lat'>²</span> 
     </span>
     <span class='ocr_line' id='line_1_21' title="bbox 411 2406 2636 2484; baseline 0.001 -20"><span class='ocrx_word' id='word_1_209' title='bbox 411 2408 559 2476; x_wconf 86' lang='lat' dir='ltr'><strong>sint,</strong></span> <span class='ocrx_word' id='word_1_210' title='bbox 593 2406 887 2466; x_wconf 87' lang='lat' dir='ltr'><strong>videbitur</strong></span> <span class='ocrx_word' id='word_1_211' title='bbox 921 2409 983 2466; x_wconf 89' lang='lat' dir='ltr'><strong>in</strong></span> <span class='ocrx_word' id='word_1_212' title='bbox 1017 2407 1286 2468; x_wconf 87' lang='lat' dir='ltr'><strong>Articulo</strong></span> <span class='ocrx_word' id='word_1_213' title='bbox 1323 2425 1479 2467; x_wconf 89' lang='lat' dir='ltr'><strong>nunc</strong></span> <span class='ocrx_word' id='word_1_214' title='bbox 1512 2413 1826 2484; x_wconf 86' lang='lat' dir='ltr'><strong>sequente.</strong></span> <span class='ocrx_word' id='word_1_215' title='bbox 2634 2469 2636 2484; x_wconf 38' lang='lat'><strong>¹</strong></span> 
     </span>
    </p>

    <p class='ocr_par' dir='ltr' id='par_1_3' title="bbox 405 2485 2637 3186">
     <span class='ocr_line' id='line_1_22' title="bbox 570 2485 2637 2677; baseline -0.006 -111"><span class='ocrx_word' id='word_1_216' title='bbox 570 2510 730 2566; x_wconf 88' lang='lat'>211.</span> <span class='ocrx_word' id='word_1_217' title='bbox 784 2507 1126 2567; x_wconf 86' lang='lat' dir='ltr'><strong>Dicentium</strong></span> <span class='ocrx_word' id='word_1_218' title='bbox 1161 2524 1228 2567; x_wconf 85' lang='lat' dir='ltr'><strong>se</strong></span> <span class='ocrx_word' id='word_1_219' title='bbox 1265 2507 1537 2567; x_wconf 82' lang='lat' dir='ltr'><strong>Judaeos</strong></span> <span class='ocrx_word' id='word_1_220' title='bbox 1588 2523 1725 2567; x_wconf 83' lang='lat' dir='ltr'><strong>esse</strong></span> <span class='ocrx_word' id='word_1_221' title='bbox 1774 2507 1885 2567; x_wconf 86' lang='lat' dir='ltr'><strong>sed</strong></span> <span class='ocrx_word' id='word_1_222' title='bbox 1916 2509 2315 2576; x_wconf 82' lang='lat' dir='ltr'><strong>mentiuntur,</strong></span> <span class='ocrx_word' id='word_1_223' title='bbox 2368 2495 2507 2576; x_wconf 86' lang='lat' dir='ltr'><strong>quod</strong></span> <span class='ocrx_word' id='word_1_224' title='bbox 2634 2485 2637 2677; x_wconf 77' lang='grc' dir='ltr'>Ι</span> 
     </span>
     <span class='ocr_line' id='line_1_23' title="bbox 411 2603 2505 2694; baseline -0.006 -26"><span class='ocrx_word' id='word_1_225' title='bbox 411 2607 708 2694; x_wconf 71' lang='lat' dir='ltr'><strong>significet</strong></span> <span class='ocrx_word' id='word_1_226' title='bbox 753 2609 854 2685; x_wconf 84' lang='lat' dir='ltr'><strong>qni</strong></span> <span class='ocrx_word' id='word_1_227' title='bbox 901 2608 1150 2668; x_wconf 85' lang='lat' dir='ltr'><strong>credunt</strong></span> <span class='ocrx_word' id='word_1_228' title='bbox 1197 2624 1263 2668; x_wconf 87' lang='lat' dir='ltr'><strong>se</strong></span> <span class='ocrx_word' id='word_1_229' title='bbox 1318 2610 1381 2666; x_wconf 86' lang='lat' dir='ltr'><strong>in</strong></span> <span class='ocrx_word' id='word_1_230' title='bbox 1414 2610 1573 2668; x_wconf 83' lang='lat' dir='ltr'><strong>veris</strong></span> <span class='ocrx_word' id='word_1_231' title='bbox 1612 2624 1783 2682; x_wconf 84' lang='lat' dir='ltr'><strong>esse,</strong></span> <span class='ocrx_word' id='word_1_232' title='bbox 1836 2623 1971 2666; x_wconf 87' lang='lat' dir='ltr'><strong>cum</strong></span> <span class='ocrx_word' id='word_1_233' title='bbox 2021 2613 2227 2666; x_wconf 88' lang='lat' dir='ltr'><strong>tamen</strong></span> <span class='ocrx_word' id='word_1_234' title='bbox 2278 2606 2409 2662; x_wconf 83' lang='lat' dir='ltr'><strong>sunt</strong></span> <span class='ocrx_word' id='word_1_235' title='bbox 2454 2603 2505 2657; x_wconf 87' lang='lat' dir='ltr'><strong>in</strong></span> 
     </span>
     <span class='ocr_line' id='line_1_24' title="bbox 407 2707 2503 2785; baseline -0.005 -17"><span class='ocrx_word' id='word_1_236' title='bbox 407 2707 614 2782; x_wconf 82' lang='lat' dir='ltr'><strong>falsis,</strong></span> <span class='ocrx_word' id='word_1_237' title='bbox 677 2715 913 2768; x_wconf 83' lang='lat' dir='ltr'><strong>constat</strong></span> <span class='ocrx_word' id='word_1_238' title='bbox 963 2724 1036 2768; x_wconf 81' lang='lat' dir='ltr'><strong>ex</strong></span> <span class='ocrx_word' id='word_1_239' title='bbox 1084 2707 1515 2785; x_wconf 81' lang='lat' dir='ltr'><strong>significatione</strong></span> <span class='ocrx_word' id='word_1_240' title='bbox 1552 2707 1595 2768; x_wconf 82' lang='lat' dir='ltr'><strong>J</strong></span> <span class='ocrx_word' id='word_1_241' title='bbox 1598 2707 1867 2778; x_wconf 86' lang='lat' dir='ltr'><strong>ehudae,</strong></span> <span class='ocrx_word' id='word_1_242' title='bbox 1928 2707 2087 2783; x_wconf 84' lang='lat' dir='ltr'><strong>quod</strong></span> <span class='ocrx_word' id='word_1_243' title='bbox 2136 2710 2201 2766; x_wconf 89' lang='lat' dir='ltr'><strong>in</strong></span> <span class='ocrx_word' id='word_1_244' title='bbox 2246 2715 2503 2779; x_wconf 78' lang='lat' dir='ltr'><strong>supremo</strong></span> 
     </span>
     <span class='ocr_line' id='line_1_25' title="bbox 410 2789 2635 2981; baseline -0.005 -114"><span class='ocrx_word' id='word_1_245' title='bbox 410 2825 593 2868; x_wconf 83' lang='lat' dir='ltr'><strong>sensu</strong></span> <span class='ocrx_word' id='word_1_246' title='bbox 629 2810 707 2868; x_wconf 86' lang='lat' dir='ltr'><strong>sit</strong></span> <span class='ocrx_word' id='word_1_247' title='bbox 732 2809 1024 2868; x_wconf 88' lang='lat' dir='ltr'><strong>Dominus</strong></span> <span class='ocrx_word' id='word_1_248' title='bbox 1062 2808 1259 2884; x_wconf 88' lang='lat' dir='ltr'><strong>quoad</strong></span> <span class='ocrx_word' id='word_1_249' title='bbox 1297 2823 1557 2868; x_wconf 87' lang='lat' dir='ltr'><strong>amorem</strong></span> <span class='ocrx_word' id='word_1_250' title='bbox 1596 2807 1937 2883; x_wconf 86' lang='lat' dir='ltr'><strong>coelestem,</strong></span> <span class='ocrx_word' id='word_1_251' title='bbox 1974 2809 2035 2865; x_wconf 86' lang='lat' dir='ltr'><strong>in</strong></span> <span class='ocrx_word' id='word_1_252' title='bbox 2070 2822 2257 2867; x_wconf 86' lang='lat' dir='ltr'><strong>sensu</strong></span> <span class='ocrx_word' id='word_1_253' title='bbox 2292 2805 2501 2860; x_wconf 83' lang='lat' dir='ltr'><strong>interno</strong></span> <span class='ocrx_word' id='word_1_254' title='bbox 2632 2789 2635 2981; x_wconf 76' lang='grc' dir='ltr'>Ι</span> 
     </span>
     <span class='ocr_line' id='line_1_26' title="bbox 405 2907 2499 2983; baseline -0.005 -15"><span class='ocrx_word' id='word_1_255' title='bbox 405 2907 684 2983; x_wconf 84' lang='lat' dir='ltr'><strong>Regnum</strong></span> <span class='ocrx_word' id='word_1_256' title='bbox 709 2908 973 2968; x_wconf 83' lang='lat' dir='ltr'><strong>coeleste</strong></span> <span class='ocrx_word' id='word_1_257' title='bbox 998 2909 1238 2969; x_wconf 83' lang='lat' dir='ltr'><strong>Domini</strong></span> <span class='ocrx_word' id='word_1_258' title='bbox 1275 2915 1336 2968; x_wconf 86' lang='lat' dir='ltr'><strong>et</strong></span> <span class='ocrx_word' id='word_1_259' title='bbox 1362 2909 1647 2983; x_wconf 87' lang='lat' dir='ltr'><strong>Verbum,</strong></span> <span class='ocrx_word' id='word_1_260' title='bbox 1688 2917 1749 2967; x_wconf 86' lang='lat' dir='ltr'><strong>et</strong></span> <span class='ocrx_word' id='word_1_261' title='bbox 1780 2909 1842 2968; x_wconf 87' lang='lat' dir='ltr'><strong>in</strong></span> <span class='ocrx_word' id='word_1_262' title='bbox 1870 2913 2115 2967; x_wconf 82' lang='lat' dir='ltr'><strong>externo</strong></span> <span class='ocrx_word' id='word_1_263' title='bbox 2154 2907 2413 2966; x_wconf 86' lang='lat' dir='ltr'><strong>doctrina</strong></span> <span class='ocrx_word' id='word_1_264' title='bbox 2436 2915 2499 2958; x_wconf 82' lang='lat' dir='ltr'><strong>ex</strong></span> 
     </span>
     <span class='ocr_line' id='line_1_27' title="bbox 406 2999 2496 3084; baseline -0.003 -20"><span class='ocrx_word' id='word_1_265' title='bbox 406 3005 612 3066; x_wconf 85' lang='lat' dir='ltr'><strong>Verbo</strong></span> <span class='ocrx_word' id='word_1_266' title='bbox 649 3023 804 3083; x_wconf 87' lang='lat' dir='ltr'><strong>quae</strong></span> <span class='ocrx_word' id='word_1_267' title='bbox 839 3007 1145 3068; x_wconf 86' lang='lat' dir='ltr'><strong>Ecclesiae</strong></span> <span class='ocrx_word' id='word_1_268' title='bbox 1183 3009 1493 3084; x_wconf 87' lang='lat' dir='ltr'><strong>coelestis,</strong></span> <span class='ocrx_word' id='word_1_269' title='bbox 1549 3009 1623 3068; x_wconf 88' lang='lat' dir='ltr'><strong>de</strong></span> <span class='ocrx_word' id='word_1_270' title='bbox 1659 3026 1779 3084; x_wconf 86' lang='lat' dir='ltr'><strong>qua</strong></span> <span class='ocrx_word' id='word_1_271' title='bbox 1812 3025 1999 3084; x_wconf 85' lang='lat' dir='ltr'><strong>supra</strong></span> <span class='ocrx_word' id='word_1_272' title='bbox 2057 3026 2130 3066; x_wconf 85' lang='lat' dir='ltr'><strong>n:</strong></span> <span class='ocrx_word' id='word_1_273' title='bbox 2176 3011 2207 3065; x_wconf 90' lang='lat'>1</span> <span class='ocrx_word' id='word_1_274' title='bbox 2228 3009 2258 3064; x_wconf 90' lang='lat'><strong>1</strong></span> <span class='ocrx_word' id='word_1_275' title='bbox 2278 3005 2347 3080; x_wconf 80' lang='lat'><strong>93</strong></span> <span class='ocrx_word' id='word_1_276' title='bbox 2380 2999 2496 3062; x_wconf 82' lang='lat' dir='ltr'><strong>inde</strong></span> 
     </span>
     <span class='ocr_line' id='line_1_28' title="bbox 405 3100 2632 3186; baseline -0.002 -20"><span class='ocrx_word' id='word_1_277' title='bbox 405 3112 519 3181; x_wconf 84' lang='lat' dir='ltr'><strong>est,</strong></span> <span class='ocrx_word' id='word_1_278' title='bbox 557 3107 720 3183; x_wconf 87' lang='lat' dir='ltr'><strong>quod</strong></span> <span class='ocrx_word' id='word_1_279' title='bbox 743 3123 854 3183; x_wconf 86' lang='lat' dir='ltr'><strong>per</strong></span> <span class='ocrx_word' id='word_1_280' title='bbox 881 3108 1078 3168; x_wconf 87' lang='lat' dir='ltr'><strong>dicere</strong></span> <span class='ocrx_word' id='word_1_281' title='bbox 1105 3125 1172 3168; x_wconf 90' lang='lat' dir='ltr'><strong>se</strong></span> <span class='ocrx_word' id='word_1_282' title='bbox 1199 3108 1473 3169; x_wconf 79' lang='lat' dir='ltr'><strong>Judaeos</strong></span> <span class='ocrx_word' id='word_1_283' title='bbox 1502 3125 1658 3184; x_wconf 86' lang='lat' dir='ltr'><strong>esse,</strong></span> <span class='ocrx_word' id='word_1_284' title='bbox 1688 3107 2055 3186; x_wconf 79' lang='lat' dir='ltr'><strong>significetur</strong></span> <span class='ocrx_word' id='word_1_285' title='bbox 2084 3107 2327 3169; x_wconf 82' lang='lat' dir='ltr'><strong>credere</strong></span> <span class='ocrx_word' id='word_1_286' title='bbox 2352 3119 2413 3163; x_wconf 87' lang='lat' dir='ltr'><strong>se</strong></span> <span class='ocrx_word' id='word_1_287' title='bbox 2444 3100 2496 3156; x_wconf 83' lang='lat' dir='ltr'><strong>in</strong></span> <span class='ocrx_word' id='word_1_288' title='bbox 2630 3101 2632 3128; x_wconf 80' lang='lat'>²</span> 
     </span>
    </p>

    <p class='ocr_par' dir='ltr' id='par_1_4' title="bbox 209 3133 2632 4290">
     <span class='ocr_line' id='line_1_29' title="bbox 209 3133 2632 3287; baseline -0.002 -22"><span class='ocrx_word' id='word_1_289' title='bbox 209 3221 371 3283; x_wconf 76' lang='lat'>[219]</span> <span class='ocrx_word' id='word_1_290' title='bbox 413 3209 672 3283; x_wconf 82' lang='lat' dir='ltr'><strong>genuina</strong></span> <span class='ocrx_word' id='word_1_291' title='bbox 713 3206 982 3267; x_wconf 85' lang='lat' dir='ltr'><strong>doctrina</strong></span> <span class='ocrx_word' id='word_1_292' title='bbox 1019 3225 1186 3284; x_wconf 82' lang='lat' dir='ltr'><strong>esse,</strong></span> <span class='ocrx_word' id='word_1_293' title='bbox 1242 3212 1326 3268; x_wconf 86' lang='lat' dir='ltr'><strong>ita</strong></span> <span class='ocrx_word' id='word_1_294' title='bbox 1372 3212 1431 3268; x_wconf 89' lang='lat' dir='ltr'><strong>in</strong></span> <span class='ocrx_word' id='word_1_295' title='bbox 1460 3212 1608 3287; x_wconf 82' lang='lat' dir='ltr'><strong>ipsis</strong></span> <span class='ocrx_word' id='word_1_296' title='bbox 1644 3211 1836 3276; x_wconf 84' lang='lat' dir='ltr'><strong>veris;</strong></span> <span class='ocrx_word' id='word_1_297' title='bbox 1882 3215 1945 3268; x_wconf 88' lang='lat' dir='ltr'><strong>et</strong></span> <span class='ocrx_word' id='word_1_298' title='bbox 1978 3225 2053 3267; x_wconf 79' lang='lat' dir='ltr'><strong>ex</strong></span> <span class='ocrx_word' id='word_1_299' title='bbox 2090 3203 2491 3286; x_wconf 78' lang='lat' dir='ltr'><strong>significatione</strong></span> <span class='ocrx_word' id='word_1_300' title='bbox 2630 3133 2632 3287; x_wconf 80' lang='grc' dir='ltr'>Ι</span> 
     </span>
     <span class='ocr_line' id='line_1_30' title="bbox 407 3298 2492 3387; baseline -0.001 -22"><span class='ocrx_word' id='word_1_301' title='bbox 407 3308 663 3382; x_wconf 83' lang='lat' dir='ltr'><strong>mentiri,</strong></span> <span class='ocrx_word' id='word_1_302' title='bbox 705 3308 864 3385; x_wconf 88' lang='lat' dir='ltr'><strong>quod</strong></span> <span class='ocrx_word' id='word_1_303' title='bbox 899 3309 976 3367; x_wconf 83' lang='lat' dir='ltr'><strong>sit</strong></span> <span class='ocrx_word' id='word_1_304' title='bbox 1013 3325 1148 3369; x_wconf 84' lang='lat' dir='ltr'><strong>esse</strong></span> <span class='ocrx_word' id='word_1_305' title='bbox 1183 3312 1246 3368; x_wconf 88' lang='lat' dir='ltr'><strong>in</strong></span> <span class='ocrx_word' id='word_1_306' title='bbox 1280 3309 1467 3385; x_wconf 84' lang='lat' dir='ltr'><strong>salsis,</strong></span> <span class='ocrx_word' id='word_1_307' title='bbox 1506 3327 1619 3387; x_wconf 85' lang='lat' dir='ltr'><strong>per</strong></span> <span class='ocrx_word' id='word_1_308' title='bbox 1644 3309 2015 3369; x_wconf 86' lang='lat' dir='ltr'><strong>mendacium</strong></span> <span class='ocrx_word' id='word_1_309' title='bbox 2044 3308 2289 3368; x_wconf 89' lang='lat' dir='ltr'><strong>enimin</strong></span> <span class='ocrx_word' id='word_1_310' title='bbox 2314 3298 2492 3366; x_wconf 77' lang='lat' dir='ltr'><strong>Verbo</strong></span> 
     </span>
     <span class='ocr_line' id='line_1_31' title="bbox 405 3395 2630 3486; baseline -0.001 -19"><span class='ocrx_word' id='word_1_311' title='bbox 405 3408 773 3485; x_wconf 84' lang='lat' dir='ltr'><strong>significatur</strong></span> <span class='ocrx_word' id='word_1_312' title='bbox 820 3409 1039 3468; x_wconf 83' lang='lat' dir='ltr'><strong>salsum</strong></span> <span class='ocrx_word' id='word_1_313' title='bbox 1087 3409 1424 3485; x_wconf 86' lang='lat' dir='ltr'><strong>doctrinae,</strong></span> <span class='ocrx_word' id='word_1_314' title='bbox 1476 3411 1551 3471; x_wconf 87' lang='lat' dir='ltr'><strong>de</strong></span> <span class='ocrx_word' id='word_1_315' title='bbox 1602 3427 1721 3486; x_wconf 88' lang='lat' dir='ltr'><strong>qua</strong></span> <span class='ocrx_word' id='word_1_316' title='bbox 1772 3427 1840 3469; x_wconf 88' lang='lat' dir='ltr'><strong>n:</strong></span> <span class='ocrx_word' id='word_1_317' title='bbox 1884 3410 2098 3470; x_wconf 84' lang='grc'><strong>8908.</strong></span> <span class='ocrx_word' id='word_1_318' title='bbox 2144 3409 2347 3468; x_wconf 76' lang='grc'><strong>9248.</strong></span> <span class='ocrx_word' id='word_1_319' title='bbox 2408 3395 2488 3458; x_wconf 86' lang='lat' dir='ltr'><strong>Illi</strong></span> <span class='ocrx_word' id='word_1_320' title='bbox 2628 3479 2630 3484; x_wconf 90' lang='lat'><em>.</em></span> 
     </span>
     <span class='ocr_line' id='line_1_32' title="bbox 405 3498 2630 3593; baseline -0.001 -27"><span class='ocrx_word' id='word_1_321' title='bbox 405 3511 510 3585; x_wconf 86' lang='lat' dir='ltr'><strong>qui</strong></span> <span class='ocrx_word' id='word_1_322' title='bbox 543 3510 602 3567; x_wconf 86' lang='lat' dir='ltr'><strong>in</strong></span> <span class='ocrx_word' id='word_1_323' title='bbox 638 3509 770 3569; x_wconf 87' lang='lat' dir='ltr'><strong>sola</strong></span> <span class='ocrx_word' id='word_1_324' title='bbox 802 3509 920 3569; x_wconf 88' lang='lat' dir='ltr'><strong>fide</strong></span> <span class='ocrx_word' id='word_1_325' title='bbox 955 3516 1095 3569; x_wconf 83' lang='lat' dir='ltr'><strong>sunt</strong></span> <span class='ocrx_word' id='word_1_326' title='bbox 1131 3516 1190 3568; x_wconf 91' lang='lat' dir='ltr'><strong>et</strong></span> <span class='ocrx_word' id='word_1_327' title='bbox 1222 3513 1283 3568; x_wconf 91' lang='lat' dir='ltr'><strong>in</strong></span> <span class='ocrx_word' id='word_1_328' title='bbox 1319 3511 1487 3570; x_wconf 88' lang='lat' dir='ltr'><strong>nulla</strong></span> <span class='ocrx_word' id='word_1_329' title='bbox 1522 3509 1843 3579; x_wconf 84' lang='lat' dir='ltr'><strong>charitate,</strong></span> <span class='ocrx_word' id='word_1_330' title='bbox 1877 3527 1995 3567; x_wconf 88' lang='lat' dir='ltr'><strong>non</strong></span> <span class='ocrx_word' id='word_1_331' title='bbox 2030 3511 2227 3568; x_wconf 85' lang='lat' dir='ltr'><strong>sciunt</strong></span> <span class='ocrx_word' id='word_1_332' title='bbox 2260 3500 2407 3585; x_wconf 86' lang='lat' dir='ltr'><strong>quod</strong></span> <span class='ocrx_word' id='word_1_333' title='bbox 2436 3498 2485 3554; x_wconf 72' lang='lat'><strong>1¹¹</strong></span> <span class='ocrx_word' id='word_1_334' title='bbox 2628 3541 2630 3593; x_wconf 63' lang='grc'><strong>1</strong></span> 
     </span>
     <span class='ocr_line' id='line_1_33' title="bbox 406 3609 2481 3687; baseline -0.003 -19"><span class='ocrx_word' id='word_1_335' title='bbox 406 3609 577 3670; x_wconf 85' lang='lat' dir='ltr'><strong>falsis</strong></span> <span class='ocrx_word' id='word_1_336' title='bbox 627 3611 774 3684; x_wconf 87' lang='lat' dir='ltr'><strong>sint,</strong></span> <span class='ocrx_word' id='word_1_337' title='bbox 831 3613 974 3686; x_wconf 91' lang='lat' dir='ltr'><strong>quia</strong></span> <span class='ocrx_word' id='word_1_338' title='bbox 1023 3609 1274 3670; x_wconf 85' lang='lat' dir='ltr'><strong>credunt</strong></span> <span class='ocrx_word' id='word_1_339' title='bbox 1325 3611 1486 3687; x_wconf 86' lang='lat' dir='ltr'><strong>quod</strong></span> <span class='ocrx_word' id='word_1_340' title='bbox 1522 3616 1641 3670; x_wconf 78' lang='lat' dir='ltr'><strong>sint</strong></span> <span class='ocrx_word' id='word_1_341' title='bbox 1674 3612 1735 3668; x_wconf 92' lang='lat' dir='ltr'><strong>in</strong></span> <span class='ocrx_word' id='word_1_342' title='bbox 1768 3611 1960 3685; x_wconf 81' lang='lat' dir='ltr'><strong>veris,</strong></span> <span class='ocrx_word' id='word_1_343' title='bbox 2026 3625 2161 3668; x_wconf 87' lang='lat' dir='ltr'><strong>cum</strong></span> <span class='ocrx_word' id='word_1_344' title='bbox 2206 3618 2393 3669; x_wconf 83' lang='lat' dir='ltr'><strong>tamen</strong></span> <span class='ocrx_word' id='word_1_345' title='bbox 2422 3611 2481 3654; x_wconf 73' lang='lat' dir='ltr'><strong>ex</strong></span> 
     </span>
     <span class='ocr_line' id='line_1_34' title="bbox 401 3696 2481 3788; baseline -0.004 -20"><span class='ocrx_word' id='word_1_346' title='bbox 401 3708 558 3769; x_wconf 85' lang='lat' dir='ltr'><strong>falso</strong></span> <span class='ocrx_word' id='word_1_347' title='bbox 589 3711 901 3788; x_wconf 84' lang='lat' dir='ltr'><strong>principio,</strong></span> <span class='ocrx_word' id='word_1_348' title='bbox 941 3709 1102 3788; x_wconf 84' lang='lat' dir='ltr'><strong>quod</strong></span> <span class='ocrx_word' id='word_1_349' title='bbox 1137 3717 1230 3769; x_wconf 85' lang='lat' dir='ltr'><strong>ost</strong></span> <span class='ocrx_word' id='word_1_350' title='bbox 1258 3711 1419 3787; x_wconf 85' lang='lat' dir='ltr'><strong>quod</strong></span> <span class='ocrx_word' id='word_1_351' title='bbox 1454 3711 1585 3770; x_wconf 82' lang='lat' dir='ltr'><strong>sola</strong></span> <span class='ocrx_word' id='word_1_352' title='bbox 1616 3709 1769 3770; x_wconf 85' lang='lat' dir='ltr'><strong>fides</strong></span> <span class='ocrx_word' id='word_1_353' title='bbox 1797 3709 2010 3784; x_wconf 86' lang='lat' dir='ltr'><strong>salvet,</strong></span> <span class='ocrx_word' id='word_1_354' title='bbox 2048 3709 2235 3770; x_wconf 88' lang='lat' dir='ltr'><strong>fluant</strong></span> <span class='ocrx_word' id='word_1_355' title='bbox 2266 3705 2406 3767; x_wconf 83' lang='lat' dir='ltr'><strong>salsa</strong></span> <span class='ocrx_word' id='word_1_356' title='bbox 2432 3696 2481 3753; x_wconf 83' lang='lat' dir='ltr'><strong>in</strong></span> 
     </span>
     <span class='ocr_line' id='line_1_35' title="bbox 403 3805 2473 3888; baseline -0.001 -20"><span class='ocrx_word' id='word_1_357' title='bbox 403 3812 684 3870; x_wconf 88' lang='lat' dir='ltr'><strong>continua</strong></span> <span class='ocrx_word' id='word_1_358' title='bbox 717 3812 906 3885; x_wconf 86' lang='lat' dir='ltr'><strong>serie,</strong></span> <span class='ocrx_word' id='word_1_359' title='bbox 977 3810 1156 3869; x_wconf 86' lang='lat' dir='ltr'><strong>trahit</strong></span> <span class='ocrx_word' id='word_1_360' title='bbox 1193 3813 1349 3870; x_wconf 86' lang='lat' dir='ltr'><strong>enim</strong></span> <span class='ocrx_word' id='word_1_361' title='bbox 1384 3811 1745 3888; x_wconf 83' lang='lat' dir='ltr'><strong>principium</strong></span> <span class='ocrx_word' id='word_1_362' title='bbox 1782 3812 1981 3870; x_wconf 88' lang='lat' dir='ltr'><strong>omnia</strong></span> <span class='ocrx_word' id='word_1_363' title='bbox 2013 3809 2073 3867; x_wconf 89' lang='lat' dir='ltr'><strong>in</strong></span> <span class='ocrx_word' id='word_1_364' title='bbox 2110 3825 2251 3870; x_wconf 83' lang='lat' dir='ltr'><strong>suas</strong></span> <span class='ocrx_word' id='word_1_365' title='bbox 2282 3805 2473 3884; x_wconf 78' lang='lat' dir='ltr'><strong>partes,</strong></span> 
     </span>
     <span class='ocr_line' id='line_1_36' title="bbox 401 3897 2475 3993; baseline -0.004 -24"><span class='ocrx_word' id='word_1_366' title='bbox 401 3913 544 3993; x_wconf 85' lang='lat' dir='ltr'><strong>quia</strong></span> <span class='ocrx_word' id='word_1_367' title='bbox 579 3928 715 3970; x_wconf 86' lang='lat' dir='ltr'><strong>cum</strong></span> <span class='ocrx_word' id='word_1_368' title='bbox 750 3910 852 3970; x_wconf 91' lang='lat' dir='ltr'><strong>illo</strong></span> <span class='ocrx_word' id='word_1_369' title='bbox 901 3915 1074 3970; x_wconf 80' lang='lat' dir='ltr'><strong>erunt</strong></span> <span class='ocrx_word' id='word_1_370' title='bbox 1109 3925 1406 3986; x_wconf 84' lang='lat' dir='ltr'><strong>connexa,</strong></span> <span class='ocrx_word' id='word_1_371' title='bbox 1472 3911 1607 3971; x_wconf 88' lang='lat' dir='ltr'><strong>inde</strong></span> <span class='ocrx_word' id='word_1_372' title='bbox 1660 3909 1780 3968; x_wconf 89' lang='lat' dir='ltr'><strong>illis</strong></span> <span class='ocrx_word' id='word_1_373' title='bbox 1842 3915 2012 3968; x_wconf 86' lang='lat' dir='ltr'><strong>tanta</strong></span> <span class='ocrx_word' id='word_1_374' title='bbox 2058 3906 2376 3986; x_wconf 83' lang='lat' dir='ltr'><strong>ignorantia</strong></span> <span class='ocrx_word' id='word_1_375' title='bbox 2424 3897 2475 3954; x_wconf 74' lang='lat' dir='ltr'><strong>in</strong></span> 
     </span>
     <span class='ocr_line' id='line_1_37' title="bbox 398 4007 2469 4088; baseline 0 -23"><span class='ocrx_word' id='word_1_376' title='bbox 398 4009 582 4068; x_wconf 83' lang='lat' dir='ltr'><strong>rebus</strong></span> <span class='ocrx_word' id='word_1_377' title='bbox 609 4009 780 4070; x_wconf 86' lang='lat' dir='ltr'><strong>Coeli</strong></span> <span class='ocrx_word' id='word_1_378' title='bbox 813 4019 876 4072; x_wconf 88' lang='lat' dir='ltr'><strong>et</strong></span> <span class='ocrx_word' id='word_1_379' title='bbox 900 4011 1209 4072; x_wconf 84' lang='lat' dir='ltr'><strong>Ecclesiae</strong></span> <span class='ocrx_word' id='word_1_380' title='bbox 1239 4018 1363 4070; x_wconf 87' lang='lat' dir='ltr'><strong>est:</strong></span> <span class='ocrx_word' id='word_1_381' title='bbox 1404 4012 1561 4087; x_wconf 85' lang='lat' dir='ltr'><strong>quod</strong></span> <span class='ocrx_word' id='word_1_382' title='bbox 1586 4010 1705 4070; x_wconf 85' lang='lat' dir='ltr'><strong>illis</strong></span> <span class='ocrx_word' id='word_1_383' title='bbox 1740 4011 2076 4088; x_wconf 84' lang='lat' dir='ltr'><strong>ignorantia</strong></span> <span class='ocrx_word' id='word_1_384' title='bbox 2098 4013 2199 4084; x_wconf 85' lang='lat' dir='ltr'><strong>sit,</strong></span> <span class='ocrx_word' id='word_1_385' title='bbox 2230 4007 2469 4070; x_wconf 61' lang='lat' dir='ltr'><strong>constare</strong></span> 
     </span>
     <span class='ocr_line' id='line_1_38' title="bbox 399 4108 2626 4205; baseline 0.001 -46"><span class='ocrx_word' id='word_1_386' title='bbox 399 4109 604 4180; x_wconf 79' lang='lat' dir='ltr'><strong>potest</strong></span> <span class='ocrx_word' id='word_1_387' title='bbox 639 4123 712 4163; x_wconf 78' lang='lat' dir='ltr'><strong>ex</strong></span> <span class='ocrx_word' id='word_1_388' title='bbox 749 4125 820 4166; x_wconf 87' lang='lat' dir='ltr'><strong>eo</strong></span> <span class='ocrx_word' id='word_1_389' title='bbox 849 4112 1008 4185; x_wconf 86' lang='lat' dir='ltr'><strong>quod</strong></span> <span class='ocrx_word' id='word_1_390' title='bbox 1031 4129 1149 4170; x_wconf 92' lang='lat' dir='ltr'><strong>non</strong></span> <span class='ocrx_word' id='word_1_391' title='bbox 1171 4113 1365 4171; x_wconf 82' lang='lat' dir='ltr'><strong>sciant</strong></span> <span class='ocrx_word' id='word_1_392' title='bbox 1393 4111 1535 4187; x_wconf 87' lang='lat' dir='ltr'><strong>quid</strong></span> <span class='ocrx_word' id='word_1_393' title='bbox 1560 4127 1727 4170; x_wconf 90' lang='lat' dir='ltr'><strong>amor</strong></span> <span class='ocrx_word' id='word_1_394' title='bbox 1752 4111 2049 4183; x_wconf 80' lang='lat' dir='ltr'><strong>coelestis,</strong></span> <span class='ocrx_word' id='word_1_395' title='bbox 2087 4114 2190 4188; x_wconf 87' lang='lat' dir='ltr'><strong>qui</strong></span> <span class='ocrx_word' id='word_1_396' title='bbox 2218 4113 2305 4171; x_wconf 86' lang='lat' dir='ltr'><strong>est</strong></span> <span class='ocrx_word' id='word_1_397' title='bbox 2326 4108 2466 4162; x_wconf 79' lang='lat' dir='ltr'><strong>amor</strong></span> <span class='ocrx_word' id='word_1_398' title='bbox 2624 4141 2626 4205; x_wconf 26' lang='grc' dir='ltr'>ἰ</span> 
     </span>
     <span class='ocr_line' id='line_1_39' title="bbox 402 4195 2461 4290; baseline 0.008 -35"><span class='ocrx_word' id='word_1_399' title='bbox 402 4195 462 4256; x_wconf 81' lang='lat' dir='ltr'><strong>in</strong></span> <span class='ocrx_word' id='word_1_400' title='bbox 514 4199 861 4290; x_wconf 66' lang='lat' dir='ltr'><strong>Dominum,</strong></span> <span class='ocrx_word' id='word_1_401' title='bbox 928 4209 1068 4283; x_wconf 86' lang='lat' dir='ltr'><strong>quid</strong></span> <span class='ocrx_word' id='word_1_402' title='bbox 1117 4226 1283 4268; x_wconf 86' lang='lat' dir='ltr'><strong>amor</strong></span> <span class='ocrx_word' id='word_1_403' title='bbox 1335 4211 1665 4287; x_wconf 84' lang='lat' dir='ltr'><strong>spiritualis</strong></span> <span class='ocrx_word' id='word_1_404' title='bbox 1730 4211 1831 4288; x_wconf 88' lang='lat' dir='ltr'><strong>qui</strong></span> <span class='ocrx_word' id='word_1_405' title='bbox 1900 4217 1992 4271; x_wconf 86' lang='lat' dir='ltr'><strong>cst</strong></span> <span class='ocrx_word' id='word_1_406' title='bbox 2040 4211 2291 4271; x_wconf 84' lang='lat' dir='ltr'><strong>charitas</strong></span> <span class='ocrx_word' id='word_1_407' title='bbox 2346 4207 2461 4271; x_wconf 65' lang='lat'><strong>253³</strong></span> 
     </span>
    </p>
   </div>
  </div>
 </body>
</html>
