2700 4792
467 395 577 446 976
819 381 1308 438 APOCALYPSIS
1350 382 1783 443 EXPLICATA.
1826 383 1875 453 §-
1936 391 2063 444 182..
2108 391 2231 444 188.

460 539 614 602 tolle
665 541 756 602 ad
799 540 1160 601 Dominum
1217 559 1449 601 manus
1518 546 1669 602 tuas
1722 559 1913 621 super
1954 539 2209 600 animas
2250 538 2539 618 infantum

456 649 749 714 tuorum,
804 642 914 720 qui
948 641 1303 721 defecoeunt
1326 661 1449 720 per
1473 642 1721 722 samem
1754 641 1827 702 in
1868 640 2077 721 capite
2112 639 2378 699 omnium
2408 636 2539 717 pla-

465 729 758 805 tearum“
805 741 897 801 II:
959 744 1041 800 19
1061 761 1076 815 3
1131 759 1250 800 nox
1298 743 1395 800 hic
1444 742 1739 818 significat
1786 749 2009 800 statum
2055 740 2272 799 nullius
2322 739 2447 796 fidei
2484 745 2541 795 ut

465 859 683 920 supra,
743 843 1094 919 principium
1142 843 1480 918 vigiliarum
1534 842 1832 919 significat
1892 848 2119 900 statum
2166 857 2296 898 cum
2334 839 2541 897 inchoat

461 943 638 1017 fides,
692 945 777 1002 ita
824 949 1044 1001 statum
1092 943 1535 1017 illustrationiS,
1585 946 1686 1019 qui
1730 949 1823 1001 est
1876 941 2119 1018 quando
2172 941 2340 998 homo
2367 938 2537 1013 ¹spiri-

461 1043 641 1102 tualis
677 1043 741 1101 fit
754 1062 770 1118 3
807 1060 920 1120 per
953 1044 1210 1102 infantes
1245 1042 1657 1118 intelliguntur
1692 1043 1779 1101 illi
1816 1045 1918 1120 qui
1956 1060 2107 1100 vera
2142 1046 2339 1099 amant
2372 1045 2426 1096 et
2454 1036 2535 1094 illa

466 1144 834 1218 desiderant3
879 1143 1134 1202 deficere
1172 1161 1282 1218 per
1315 1143 1535 1200 famem
1588 1145 1646 1200 in
1674 1145 1882 1220 capite
1920 1145 2187 1202 omnium
2220 1140 2533 1216 platearum,

465 1251 558 1304 est
604 1246 828 1321 privari
884 1245 1013 1328 vitar
1058 1243 1359 1319 spirituali
1418 1244 1493 1300 ob
1540 1243 1839 1302 defectum
1886 1244 2291 1320 cognitionum
2336 1239 2450 1296 veri
2492 1241 2537 1294 et

459 1345 626 1420 boni3
665 1344 824 1420 quod
859 1345 1048 1402 fames
1083 1346 1162 1401 sit
1197 1343 1465 1402 desectus
1501 1342 1771 1416 illarum,
1810 1351 1869 1402 et
1906 1343 2274 1403 desiderium
2308 1339 2379 1396 ad
2408 1335 2533 1407 illas,

461 1445 738 1504 videatur
762 1462 832 1503 11:
871 1445 1076 1502 1460.
1115 1445 1326 1502 3364.
1369 1445 1579 1503 5277.
1620 1445 1829 1503 5279.
1864 1445 2079 1504 5281.
2120 1441 2323 1502 5300.
2360 1435 2531 1497 5360.
2627 1511 2628 1514 Ἰ

471 1547 679 1606 5376.
719 1546 940 1618 58933
984 1551 1043 1603 et
1079 1543 1236 1620 quod
1270 1544 1513 1621 plateae
1550 1547 1669 1603 sint
1700 1562 1848 1603 vera
1882 1545 2211 1616 doctrinae,
2246 1559 2316 1597 n:
2354 1536 2530 1596 2336.
2626 1587 2628 1592 .

461 1643 620 1722 Quia
651 1643 904 1722 vigilare
941 1645 1237 1720 significat
1271 1646 1541 1721 recipere
1576 1647 1760 1704 vitam
1796 1645 2211 1722 spiritualem,
2258 1639 2385 1698 inde
2418 1636 2527 1696 dor·

465 1734 612 1804 mire
663 1727 953 1822 significat
997 1747 1180 1802 vitam
1233 1744 1567 1804 naturalem
1616 1746 1846 1820 absque
1896 1743 2232 1822 spirituali,
2296 1738 2529 1815 quoniam
2626 1741 2628 1770 l

463 1847 616 1904 haec
661 1849 786 1903 vita
837 1846 914 1904 ad
959 1845 1121 1903 illam
1171 1856 1266 1904 est
1303 1847 1463 1904 sicut
1516 1855 1768 1904 somnus
1812 1847 1889 1904 ad
1934 1846 2231 1923 vigiliam,
2278 1846 2338 1898 ut
2378 1849 2527 1910 supra

463 1945 684 2004 dictum
735 1950 854 2019 est3
918 1946 1030 2004 hoc
1077 1963 1188 2022 per
1229 1945 1507 2004 Dormire
1568 1946 1936 2022 significatur
1987 1945 2150 2022 apud
2204 1938 2526 2001 Matthaeum

463 2089 500 2120 „
513 2041 740 2104 Simile
772 2049 867 2103 est
891 2045 1190 2124 Reynum
1223 2042 1534 2106 coelorum
1569 2045 1813 2106 homini
1842 2047 2079 2108 serenti
2113 2045 2331 2105 bonum
2358 2049 2525 2096 semen

461 2145 533 2204 in
567 2164 725 2223 ayro
769 2163 912 2219 εαο,
967 2163 1110 2205 cum
1151 2152 1366 2206 autem
1402 2145 1751 2207 dormirent
1787 2145 2103 2218 homines,
2145 2140 2310 2204 vertit
2344 2129 2525 2198 inimi-

461 2251 572 2306 cus
617 2249 675 2304 et
729 2245 888 2306 sevit
923 2246 1184 2306 zizania
1231 2248 1398 2308 inter
1458 2247 1789 2308 triticum“
1844 2249 2029 2308 XIII:
2074 2250 2187 2306 24.
2232 2244 2346 2301 25:
2394 2229 2523 2310 apud

459 2345 784 2406 ,Ieremiam
841 2391 878 2422 „
905 2345 1064 2407 Cum
1115 2345 1529 2421 incaluerint,
1574 2367 1816 2426 ponam
1867 2345 2160 2408 convivia
2210 2358 2431 2410 eorum,
2478 2332 2523 2388 ⁶²

457 2447 772 2508 inebriabo
807 2466 928 2517 eos,
978 2452 1052 2508 ut
1081 2447 1404 2508 dormiant
1444 2467 1734 2509 somnum
1774 2446 2046 2518 saeculi,
2085 2465 2195 2508 nec
2224 2431 2518 2520 evigilmffl

461 2547 574 2609 LI:
619 2549 729 2607 39.
767 2551 889 2608 57:
941 2548 1102 2625 apud
1135 2549 1428 2608 Davidem
1483 2549 1831 2629 „Res-pice,
1870 2549 2119 2610 eoeaudi
2158 2565 2253 2606 me
2282 2527 2519 2602 Jehovalz

458 2649 646 2710 ‚Deus
692 2649 814 2723 mi,
874 2646 1177 2710 illumina
1223 2646 1435 2710 oculos
1474 2667 1670 2721 meos,
1722 2671 1799 2710 ne
1825 2650 2001 2730 sorte
2044 2645 2355 2711 dormiam
2382 2650 2515 2696 νηοῦ·-

457 2753 624 2810 tem“
696 2750 932 2808 Psalm:
972 2750 1163 2809 XIII:
1209 2753 1285 2808 4:
1343 2751 1502 2827 apud
1536 2751 1807 2810 Eundem
1870 2749 2182 2826 „Praeda
2206 2740 2371 2827 sacti
2401 2731 2515 2794 sunt

443 2851 654 2931 fortes
681 2849 890 2922 eorde,
929 2849 1361 2911 dormitm-unt
1391 2869 1681 2912 somnum
1708 2870 1897 2912 suum
1910 2897 1924 2922 ,
1956 2871 2121 2929 prae
2146 2835 2514 2922 inm-ffatim

458 2955 572 3010 tua
599 2949 975 3010 obdormivit
998 2957 1069 3010 ‘et
1092 2969 1319 3011 cums
1345 2956 1406 3010 et
1445 2954 1685 3030 equus“
1734 2952 1968 3011 Psalm:
2010 2947 2303 3012 LXXVI:
2332 2925 2433 3029 [6]
2469 2935 2510 3001 73

423 3057 669 3109 'currus
719 3055 778 3107 et
825 3067 1013 3125 equus
1061 3051 1397 3128 significant
1443 3051 1753 3112 Ecclesiae
1802 3053 2129 3112 doctrinam
2178 3056 2235 3109 et
2281 3043 2397 3120 ejus
2437 3035 2507 3088 5¹¹·

453 3148 788 3223 tellectum,
845 3167 997 3225 quae
1044 3152 1378 3212 obdormire
1427 3153 1704 3211 dicuntur
1750 3133 1885 3212 cum
1938 3153 2167 3229 absque
2203 3146 2351 3208 veris
2386 3135 2507 3200 sunt,

458 3256 518 3308 et
551 3249 687 3309 inde
722 3251 898 3309 homo
935 3252 1244 3312 Ecclesiae
1293 3253 1523 3330 absque
1560 3255 1686 3312 vita
1720 3253 2017 3331 spirituali
2064 3271 2174 3331 per
2206 3248 2328 3319 illa3
2382 3225 2505 3313 ‘1¹¹⁰d

457 3349 682 3410 Currus
733 3357 792 3410 et
837 3353 992 3428 Equi
1037 3355 1095 3411 in
1135 3353 1337 3411 Verbo
1397 3353 1733 3432 significent
1781 3355 2130 3414 Doctrinam
2180 3357 2239 3410 et
2282 3334 2504 3404 intellec-

454 3453 648 3527 tuale,
701 3452 978 3511 videatur
1013 3455 1072 3510 in
1111 3450 1418 3528 Opusculo
1456 3454 1529 3512 de
1566 3455 1737 3522 EQ-uo
1774 3454 1945 3513 Anno
1994 3473 2063 3512 n:
2118 3458 2145 3512 1
2191 3449 2264 3508 ad
2300 3446 2354 3504 5·

611 3556 640 3611 1
661 3555 772 3612 88.
845 3554 922 3611 Et
957 3553 1240 3612 confirma
1271 3553 1504 3630 reliqua
1540 3571 1693 3632 quae
1730 3557 2033 3629 moritura,
2074 3551 2229 3632 quod
2262 3529 2501 3620 significet

449 3659 518 3712 ut
549 3653 654 3713 illa
691 3671 846 3731 quae
891 3660 1031 3712 sunt
1065 3653 1304 3712 moralis
1341 3657 1502 3714 vitae
1535 3655 1941 3724 vivificentur,
1992 3661 2223 3714 constat
2252 3665 2320 3708 ex
2350 3627 2494 3710 gigni-

448 3753 724 3815 ficatione
777 3753 1156 3829 confirmare,
1229 3753 1389 3831 quod
1436 3739 1515 3813 sit
1558 3755 1865 3815 vivificare
1916 3773 2027 3831 per
2078 3771 2217 3814 vere
2264 3733 2494 3806 moralem

445 3857 659 3932 vitam,
726 3873 864 3914 nam
907 3871 1056 3914 vera
1092 3873 1164 3914 ex
1200 3855 1743 3916 Verbo-vivificant
1792 3855 1986 3931 illam,
2042 3873 2193 3932 quae
2226 3861 2345 3910 cum
2373 3827 2490 3940 ‘'ill‘’

447 3951 660 4012 ficatur
709 3957 889 4014 etiam
939 3955 1345 4029 confirmatur,
1404 3974 1585 4014 unum
1634 3958 1789 4016 enim
1836 3963 1977 4016 tunc
2018 3959 2139 4033 agit
2190 3966 2311 4013 cum
2352 3931 2492 4011 spirl-

248 4050 408 4128 [13‘5]
451 4052 626 4127 tuali3
689 4056 814 4113 vita
869 4055 1122 4133 namque
1171 4056 1499 4133 spiritualis
1553 4063 1613 4116 et
1646 4056 1887 4116 moralis
1945 4076 2128 4116 unum
2176 4050 2339 4131 agunt
2366 4019 2489 4108 apud

437 4150 584 4229 ‚illos
639 4154 740 4225 qui
776 4156 1116 4226 spirituales
1163 4160 1330 4229 sunt,
1388 4159 1543 4215 sicut
1571 4156 1869 4216 ·voluntas
1922 4165 1982 4216 et
2030 4161 2213 4230 actio,
2266 4135 2485 4206 ‘'Olunffl

451 4252 545 4304 est
590 4249 918 4323 spiritualis
967 4253 1219 4314 hominis
1259 4261 1318 4314 et
1384 4257 1513 4332 ejus
1562 4259 1739 4326 vitae,
1794 4263 1853 4316 et
1914 4259 2067 4317 actio
2128 4263 2217 4316 est
2271 4229 2477 4306 m⁰f²¹i⁵²
