2700 4792
323 344 558 402 CAPUT
597 344 1002 402 SECUNDUM.
1204 355 1213 366 ‘
1635 345 1849 404 VERS=
1911 356 2006 410 20.
2162 361 2271 414 219

167 505 328 583 quod
378 521 698 581 aspersum
733 505 915 562 fuerit
965 503 1040 564 de
1087 507 1383 582 sanguine
1426 507 1555 583 ejus
1604 507 1681 566 ad
1723 511 2045 585 parietem,
2094 517 2155 570 et
2194 511 2274 571 ad

167 622 356 682 equos
415 607 520 681 qui
575 603 1080 673 conculcaverunt
1123 622 1292 678 eam,
1344 605 1408 664 H
1452 606 1616 683 Reg:
1662 607 1783 668 IX:
1829 611 1941 669 32.
1994 611 2103 669 33.
2158 613 2271 672 34.

163 707 279 766 Per
306 705 468 764 -haec
507 707 704 765 omnia
738 705 1308 780 repraesentabatur
1341 710 1655 782 perversio
1698 709 2007 769 Ecclesiae
2056 727 2133 770 ex
2158 711 2269 787 ju-

165 806 360 867 cundo
389 807 612 865 amoris
641 806 735 864 sui
775 811 836 864 et
861 805 1087 880 mundi,
1121 811 1181 864 et
1217 823 1290 865 ex
1331 806 1469 865 inde
1506 810 1971 869 scaturientibus
1998 810 2173 870 malis
2211 819 2273 872 et

163 907 334 967 falsis
354 951 374 976 ,
436 923 576 964 nam
635 907 834 964 omnia
881 906 1192 965 Historica
1243 906 1457 981 Verbi,
1522 924 1715 984 acque
1770 926 1841 968 ac
1888 910 2267 986 Prophetica,

165 1014 306 1068 sunt
331 1008 856 1095 repraesentativa
880 1006 1092 1064 talium
1121 1023 1278 1083 quae
1311 1007 1625 1067 Ecclesiae
1654 1016 1822 1084 sunt3
1863 1027 1975 1086 per
2001 1010 2267 1087 Baalem,

169 1111 267 1167 cui
301 1107 588 1181 servivit,
637 1112 697 1164 et
724 1108 820 1165 cui
847 1109 1038 1166 erexit
1072 1107 1279 1166 Altare
1297 1152 1313 1182 ,
1358 1108 1725 1184 significatur
1752 1110 1949 1168 cultus
1989 1128 2063 1169 ex
2099 1111 2271 1171 malis

167 1209 388 1268 amoris
416 1209 512 1266 sui
556 1213 616 1266 et
649 1206 854 1265 mundi
865 1227 881 1282 3
917 1224 1029 1283 per
1067 1207 1268 1266 lucum
1299 1225 1475 1283 quem
1512 1208 1685 1278 fecit,
1732 1209 2100 1286 significatur
2134 1212 2267 1270 cul-

166 1316 264 1368 tus
295 1325 374 1368 ex
409 1306 582 1368 falsis
618 1306 784 1381 inde3
839 1325 952 1384 per
977 1307 1140 1384 quod
1155 1307 1451 1367 occiderit
1475 1309 1807 1384 prophetas
1836 1310 1878 1370 J
1882 1311 2139 1387 ehovae,
2182 1315 2267 1370 si·-

167 1411 480 1486 gnificatur
527 1408 852 1472 destructio
895 1408 1206 1467 Ecclesiae
1271 1408 1469 1484 quoad
1516 1425 1630 1467 sua
1684 1427 1862 1485 vera3
1939 1429 2051 1488 per
2114 1412 2273 1488 quod

170 1513 346 1570 etiam
377 1508 658 1568 occidere
687 1508 874 1568 vellet
907 1508 1120 1578 Eliam,
1165 1509 1535 1586 significatur
1572 1509 1731 1586 quod
1766 1511 2099 1571 annihilare
2136 1511 2269 1574 vel·-

168 1611 246 1671 let
302 1609 576 1670 Verbum
598 1654 614 1683 ,
682 1627 818 1667 nam
880 1609 994 1668 hoc
1044 1609 1209 1668 Elias
1269 1613 1769 1685 repraesentavit3
1847 1629 1954 1686 per
2010 1616 2267 1688 vineam,

171 1729 346 1788 quam
375 1727 489 1787 per
517 1710 702 1768 falsos
733 1715 920 1768 testes
950 1709 1199 1768 abstulit
1223 1709 1533 1784 Nabotho,
1580 1711 1949 1787 significatur
1986 1712 2272 1772 falsifica-

167 1814 246 1870 tio
292 1813 424 1870 veri
466 1818 526 1869 et
571 1810 926 1870 adulteratio
974 1810 1142 1885 boni3
1167 1791 1328 1889 ‘per
1379 1811 1795 1886 propheticum
1852 1812 2053 1881 Eliae‚
2113 1812 2271 1888 quod

169 1929 350 1972 canes
393 1911 559 1970 illam
602 1910 1012 1985 comederent,
1065 1911 1435 1986 significatur
1466 1911 1867 1971 immundities
1910 1919 1971 1971 et
1998 1913 2269 1989 propha-

165 2015 328 2072 natio
344 2033 362 2089 3
413 2030 526 2088 per
554 2012 715 2088 quod
739 2011 978 2088 dejecta
1004 2013 1084 2070 sit
1111 2028 1144 2069 e
1188 2012 1485 2082 fenestra,
1529 2019 1589 2071 et
1613 2029 1724 2088 per
1760 2012 1919 2088 quod
1954 2029 2270 2089 aspersum

169 2116 246 2172 sit
274 2130 310 2172 e
343 2113 640 2189 sanguine
670 2113 802 2189 ejus
831 2111 908 2169 ad
942 2114 1236 2188 parietem
1277 2118 1339 2171 et
1374 2113 1453 2170 ad
1495 2129 1682 2188 equos
1723 2115 1824 2188 qui
1873 2113 2269 2173 conculcave-

169 2221 306 2273 runt
333 2232 485 2288 eam,
529 2213 900 2290 significatur
934 2229 1070 2271 sors
1097 2211 1336 2271 illorum
1378 2215 1477 2289 qui
1502 2212 1656 2272 tales
1684 2219 1855 2288 sunt3
1909 2213 2103 2290 qualis
2138 2229 2269 2272 sors

171 2314 409 2374 illorum
447 2315 548 2388 fit,
611 2319 888 2374 constare
935 2319 1138 2390 potest
1177 2331 1254 2372 ex
1288 2312 1539 2390 singulis
1574 2311 1657 2370 ibi
1692 2314 1753 2371 in
1795 2329 1981 2372 sensu
2014 2317 2267 2372 interno.

169 2414 259 2474 Ex
305 2415 401 2474 his
450 2414 642 2474 videri
679 2419 911 2491 potest,
973 2414 1131 2491 quod
1167 2431 1284 2472 non
1333 2413 1455 2472 alia
1500 2411 1701 2472 Isabel
1749 2413 2115 2490 intelligatur
2162 2431 2272 2489 per

171 2513 496 2574 Mulierem
535 2514 832 2574 Isabelem
881 2513 1176 2574 dicentem
1213 2530 1280 2572 se
1316 2513 1792 2591 prophetissam,
1856 2531 2033 2591 quam
2068 2513 2271 2572 Isabel

179 2630 334 2672 uxor
369 2613 618 2688 Achabi,
667 2616 742 2675 de
773 2616 978 2691 quain
1004 2613 1242 2689 Verbo;
1307 2621 1369 2674 et
1406 2614 1563 2690 quod
1589 2630 1699 2690 per
1724 2613 1889 2672 illam
1918 2612 2267 2673 describan-
2331 2640 2339 2648 ·

171 2720 274 2772 tur
313 2713 405 2772 illi
452 2718 550 2791 qui
597 2718 659 2774 in
705 2717 978 2775 doctrina
1021 2717 1284 2773 omnium
1342 2715 1631 2774 falsorum
1676 2721 1817 2772 sunt
1870 2729 1945 2774 ex
1986 2711 2271 2791 jucundis

169 2831 435 2874 amorum
470 2818 565 2874 sui
597 2822 657 2875 et
681 2814 930 2898 mundi..

325 2919 354 2973 1
375 2919 489 2975 61.
557 2915 823 2977 Scortari
861 2923 922 2975 et
949 2915 1285 2992 idolothyta
1321 2914 1520 2986 edere,
1575 2915 1734 2992 quod
1771 2914 2067 2992 significet
2098 2913 2270 2972 falsi-

171 3014 474 3076 ficationes
527 3017 658 3077 veri
701 3023 762 3076 et
809 3014 1280 3076 adulterationes
1329 3015 1502 3090 boni,
1552 3021 1789 3074 constat
1836 3034 1911 3075 ex
1966 3015 2269 3092 significa-

173 3119 324 3176 tione
371 3119 660 3187 scortari‚
729 3117 890 3194 quod
938 3117 1017 3177 sit
1063 3115 1383 3175 falsificare
1430 3133 1608 3191 vera,
1679 3116 1752 3174 de
1806 3135 1925 3193 qua
1970 3132 2159 3193 supra
2200 3135 2270 3174 n:

185 3220 350 3292 1413
416 3224 480 3276 et
515 3235 586 3276 ex
627 3218 1055 3295 significatione
1095 3215 1274 3276 edere
1309 3215 1675 3293 idolothyta,
1731 3217 1889 3292 quod
1930 3217 2008 3276 sit
2049 3234 2274 3294 appro-

175 3318 368 3391 priare
403 3318 659 3392 malum,
719 3319 794 3378 de
821 3335 944 3395 qua
981 3319 1387 3394 etiam-supra
1434 3335 1503 3376 n:
1552 3321 1723 3393 1413
1776 3317 1936 3394 quod
1973 3319 2151 3375 etiam
2196 3319 2275 3375 sit

175 3415 510 3478 adulterare
565 3419 788 3479 boumn
807 3464 823 3493 ,
885 3424 979 3478 est
1021 3420 1163 3493 quia
1219 3420 1739 3494 appropriationes
1788 3417 1930 3476 mali
1980 3419 2042 3475 in
2090 3416 2272 3475 rebus

169 3515 484 3578 Ecclesiae
541 3527 682 3578 sunt
733 3518 1212 3579 adulterationes
1256 3519 1430 3593 boni,
1500 3519 1881 3595 applicantur
1928 3517 2083 3573 enim
2140 3515 2271 3590 ejus

168 3611 321 3676 bon'a
374 3618 452 3678 ad
511 3620 699 3693 mala,
772 3627 832 3679 et
869 3621 956 3678 sic
1007 3617 1417 3679 adulterantur
1431 3638 1447 3694 3
1502 3626 1569 3676 ut
1602 3635 1713 3694 pro
1750 3614 2053 3691 exemp10,
2114 3613 2271 3672 bona

169 3715 482 3778 Ecclesiae
532 3719 906 3779 Israeliticae
970 3719 1461 3794 significabantur
1504 3735 1615 3794 per
1668 3716 1904 3789 Altare·,
1957 3712 2267 3788 sacrificia,

171 3822 226 3875 et
269 3820 745 3879 comessationes
809 3837 884 3880 ex
943 3820 1290 3880 sacrificatis
1309 3864 1331 3899 ,
1409 3818 1562 3878 haec
1642 3833 1773 3875 cum
1842 3813 2266 3873 addicarentur
2306 3815 2471 3878 [149]

167 3915 368 3988 Baali,
435 3925 578 3978 tunc
627 3921 789 3980 bona
844 3913 1308 3997 applicabantur
1365 3919 1443 3976 ad
1500 3917 1691 3990 mala,
1761 3921 2005 3992 praeter
2052 3913 2269 3974 similia

171 4017 313 4078 aliae
365 4022 595 4096 pariter
631 4024 694 4080 in
728 4021 1034 4096 Ecclesia,
1089 4021 1193 4083 ubi
1227 4038 1345 4079 non
1405 4024 1545 4080 sunt
1600 4018 2149 4092 repraesentativa,
2218 4018 2271 4076 si

171 4120 510 4196 applicatur
544 4121 817 4182 Verbum
854 4123 949 4181 ad'
967 4119 1436 4184 confirmandum
1470 4117 1631 4177 mala
1665 4119 1883 4177 amoris
1921 4121 2043 4190 sui,
2096 4124 2163 4176 ut
2206 4118 2273 4176 fit

174 4233 206 4273 a
253 4219 452 4280 Gente
505 4222 818 4285 Pontificia
863 4223 961 4283 ad.
990 4222 1311 4282 dominium
1369 4236 1555 4298 super
1604 4221 1955 4279 universum
2005 4217 2273 4278 Coelum.
