2700 4792
337 351 569 407 CAPUT
611 348 951 406 TERTIUM.
1685 349 1897 406 VERS=
1946 363 2035 414 12.
2230 365 2337 420 341

48 543 85 598 μ
215 510 282 572 in
325 509 578 573 semitis
615 509 842 590 Ipsius
855 555 874 585 ,
901 527 1052 572 nam
1083 527 1128 570 a
1160 506 1369 570 Zione
1402 507 1605 572 eat-ibit
1630 509 1939 588 doctrina,
1974 517 2035 573 et
2075 511 2343 578 Verbum

48 605 51 612 ’
213 631 290 673 ecc
322 609 846 692 ἒῐίεῑνοεκὶζψηαίί
898 609 1008 670 IV:
1052 613 1126 685 23
1178 625 1348 669 mons
1386 609 1663 670 Jehovae
1720 618 1781 670 et
1816 612 2047 674 Domus
2084 615 2204 676 Dei
2249 620 2335 678 si-

215 711 454 790 gnificat
485 712 852 787 Ecclesiam,
903 710 1177 770 similiter
1211 709 1363 770 Zion
1410 717 1471 770 et
1504 709 1926 789 Hierosolyma
1937 734 1955 791 3
2008 715 2209 776 doceri
2262 717 2337 778 de

212 816 322 872 viis
357 814 490 872 suis
527 821 592 872 et
619 815 708 872 ire
743 815 804 872 in
841 813 1069 872 semitis
1105 809 1340 888 Ipsius,
1395 817 1489 870 est
1522 814 1737 870 instrui
1769 814 1829 872 in
1864 814 2097 874 Divinis
2134 815 2335 888 Veris,

213 929 401 990 quare
441 914 622 972 etiam
648 912 910 984 dicitur,
945 927 1020 972 ex
1051 909 1242 972 Zione
1279 910 1465 970 exibit
1500 911 1797 988 doctrina,
1836 921 1899 972 et
1934 931 2004 974 ex
2041 915 2331 976 Hieroso·-

210 1013 370 1090 lyma
424 1006 696 1072 verbum.
780 1011 962 1090 Apud
1007 1011 1248 1088 Esajam
1320 1055 1359 1086 „
1381 1008 1521 1074 Vox
1570 1009 1887 1074 tumultus
1930 1012 2204 1074 Jehovae
2254 1016 2333 1076 ab

209 1113 388 1183 urbe,
442 1131 570 1174 voa·
598 1110 872 1175 Jehovae
907 1131 941 1172 e
979 1108 1287 1192 Templo“
1324 1108 1553 1174 LXVI:
1598 1115 1669 1189 63
1709 1129 1821 1189 per
1846 1112 2067 1174 Urbem
2106 1115 2328 1176 intelli-

213 1216 374 1292 gitur
409 1214 682 1292 doctrina
706 1216 864 1288 veri,
913 1230 1023 1290 per
1060 1210 1381 1288 Templum
1414 1211 1691 1274 Ecclesia
1728 1219 1787 1272 et
1821 1231 1933 1290 per
1966 1232 2179 1274 vocem
2212 1216 2329 1276 Je-

204 1315 404 1375 hovae
442 1332 476 1374 e
528 1313 784 1390 Templo
841 1314 1121 1374 Divinum
1158 1312 1408 1372 Verum.
1467 1312 1539 1372 In
1574 1313 1950 1391 Apocalypsi
2004 1358 2041 1388 „
2062 1313 2331 1376 Prodiit

193 1433 328 1488 ‚vox
375 1433 616 1494 magna
665 1434 698 1473 e
744 1410 1002 1494 Templo
1041 1409 1198 1473 coeli
1232 1431 1276 1474 a
1319 1409 1573 1473 Tha-ono
1588 1458 1605 1488 ‚
1663 1413 1876 1474 dicens
1896 1417 1933 1448 “
1979 1414 2159 1474 XVI.-
2206 1419 2325 1493 173

205 1533 322 1576 vox
355 1516 440 1574 ibi
457 1514 731 1575 similiter
755 1531 866 1592 pro
884 1514 1106 1574 Divino
1121 1513 1303 1574 Vero:
1333 1513 1479 1572 alibi
1508 1514 1863 1594 „Apertum
1882 1519 1976 1573 eet
1994 1509 2327 1596 Templum
2365 1520 2527 1588 [227]

201 1615 346 1677 Dea·
377 1615 452 1676 in
478 1612 691 1691 Coela,
746 1620 806 1676 et
843 1613 988 1676 visa
1027 1617 1124 1673 est
1149 1613 1328 1674 Arca
1353 1612 1642 1692 foedem‘a
1666 1615 1893 1694 Ipsius
1932 1615 2001 1676 in
2044 1611 2321 1694 Templo,

203 1722 262 1778 et
283 1717 487 1798 sacta
525 1720 678 1776 sunt
697 1711 1012 1796 sulyura,
1069 1732 1273 1790 voces,
1331 1713 1617 1776 tonitrua
1640 1719 1677 1750 “
1728 1715 1849 1776 XI:
1896 1722 1925 1776 l
1947 1719 1980 1776 9
1998 1736 2015 1792 ;
2066 1711 2321 1793 fulgura,

207 1835 426 1888 voces»,
491 1818 754 1876 tonitrua
797 1819 860 1874 in
895 1815 1100 1874 Verbo
1147 1814 1483 1892 significant
1525 1816 1747 1876 Divina
1794 1816 1958 1876 Vera
2005 1835 2080 1876 ex
2116 1816 2321 1898 Coelo,

201 1919 484 1977 videatur
511 1934 582 1975 n:
619 1922 650 1975 7
669 1919 752 1976 57
769 1919 828 1988 3,
877 1918 1100 1976 8914:
1139 1915 1284 1975 alibi
1321 1914 1681 1995 „Apertum
1704 1922 1799 1977 est
1825 1914 2157 1997 Templum
2185 1913 2319 1980 Ta·

203 2014 528 2080 hernac-uli
552 2012 900 2081 testimo&
925 2015 995 2076 in
1023 2011 1220 2091 Coelo,
1257 2021 1319 2076 et
1337 2014 1718 2094 prodierunt
1742 2037 1775 2077 e
1805 2015 2061 2097 Templo
2090 2021 2325 2097 septem

202 2115 446 2198 Anyeli
455 2162 494 2192 ,.
519 2115 810 2178 habentes
843 2119 1078 2196 septem
1089 2112 1336 2196 playas
1353 2137 1375 2176 .·
1418 2121 1479 2176 et
1502 2114 1833 2197 impletum
1864 2123 1961 2178 est
1990 2115 2323 2197 Templum

191 2219 384 2297 sumo
450 2236 534 2278 ex
583 2214 800 2296 ,qloria
847 2216 988 2277 Dei
1036 2222 1096 2278 et
1162 2217 1401 2280 virtute
1458 2214 1741 2296 Ipsius“
1814 2218 1956 2278 XV:
2018 2220 2076 2278 5.
2130 2223 2188 2279 6.
2246 2220 2315 2295 83

205 2326 441 2395 septem
493 2317 714 2394 Angeli
762 2317 1038 2378 dicuntur
1079 2317 1377 2394 prodiisse
1426 2334 1459 2376 e
1498 2309 1752 2395 Templo
1802 2317 1963 2395 quod
2006 2320 2069 2378 in
2116 2317 2319 2389 Coe10,

207 2422 352 2494 quia
399 2436 512 2494 per
543 2418 810 2495 Angelos
863 2417 1271 2496 significantur
1316 2418 1539 2477 Divina
1573 2417 1769 2492 Vera,
1820 2417 2097 2478 videatur
2130 2435 2319 2495 supra

211 2535 283 2577 n:
330 2520 486 2577 130.
527 2521 704 2580 20οε
759 2519 900 2596 quid
936 2537 1048 2595 per
1082 2519 1306 2578 sumum
1341 2535 1425 2576 -ex
1460 2517 1651 2594 gloria
1684 2518 1801 2578 Dei
1836 2517 2218 2593 significatur,
2256 2521 2317 2575 in

211 2617 602 2694 explicatione
636 2619 870 2678 illorum
907 2621 970 2678 in
997 2619 1387 2695 sequentibus
1414 2617 1729 2676 videbitur.
1762 2618 2087 2676 Praeterea
2112 2618 2312 2676 scien-

207 2717 344 2776 dum
383 2725 478 2778 est
511 2721 670 2796 quod
705 2737 816 2797 per
841 2719 1168 2795 Templum
1209 2737 1247 2776 a
1281 2717 1601 2778 Salomone
1639 2724 2025 2792 exstructum,
2066 2722 2125 2776 et
2162 2733 2315 2792 quo-

207 2835 322 2893 que
355 2836 470 2895 per
517 2820 776 2878 Domum
825 2820 1032 2896 sylvae
1078 2819 1322 2888 Libani,
1374 2825 1435 2877 et
1483 2836 1594 2894 per
1640 2818 1877 2896 singula
1918 2816 2183 2887 illorum,
2237 2816 2312 2875 de

206 2918 422 2994 quibus
458 2919 490 2978 I
513 2919 664 2997 Reg:
693 2920 782 2979 VI
807 2927 870 2978 et
893 2919 1014 2979 VII
1047 2918 1386 2995 significata
1419 2922 1539 2979 sint
1564 2918 1902 2996 spiritualia
1938 2924 1999 2978 et
2026 2918 2314 2979 coelestia

207 3035 362 3096 quae
399 3018 708 3080 Ecclesiae
748 3027 808 3080 et
845 3020 1012 3080 Coeli
1045 3026 1202 3078 sunt.

356 3123 522 3178 221.
590 3121 667 3180 Et
711 3121 872 3180 foras
925 3138 1043 3179 non
1083 3120 1424 3196 egredietur
1469 3122 1755 3198 amplius,
1814 3121 1971 3199 quod
2022 3121 2314 3200 significet

204 3220 362 3295 qued
394 3223 456 3279 in
494 3227 802 3280 aeternum
839 3224 900 3280 in
935 3221 1067 3293 ille,
1119 3228 1353 3279 constat
1402 3239 1477 3280 ex
1512 3222 1944 3299 significatione
1998 3223 2157 3283 foras
2194 3241 2312 3284 non

203 3319 404 3396 egredi
441 3321 738 3396 amplius,
789 3340 924 3382 cum
959 3321 1177 3382 dicitur
1211 3321 1284 3380 de
1321 3320 1509 3382 Coelo
1542 3339 1614 3384 ac
1650 3323 1723 3382 de
1759 3324 1976 3384 Divino
2012 3323 2175 3383 Vero
2199 3313 2311 3396 ibi,

206 3436 358 3494 quae
389 3420 800 3498 significantur
833 3439 946 3498 per
972 3420 1291 3497 Templum
1326 3421 1462 3498 Dei,
1508 3423 1667 3499 quod
1702 3426 1781 3482 sit
1816 3423 1976 3500 quod
2006 3424 2068 3480 in
2104 3429 2305 3482 aeter-

198 3537 337 3579 num
372 3522 436 3579 in
469 3521 587 3580 illis
621 3524 996 3598 permansuri
1026 3523 1161 3581 sint.

353 3625 520 3680 222.
573 3621 650 3680 Et
675 3622 933 3682 scribam
961 3637 1144 3698 super
1170 3621 1337 3681 illum
1363 3639 1580 3682 nomen
1606 3623 1724 3681 Dei
1748 3624 1881 3696 mei,
1922 3619 2081 3696 quod
2116 3621 2305 3698 signi-

195 3719 332 3780 ficet
383 3721 564 3798 quale
629 3739 834 3782 eorum
881 3721 1207 3781 secundum
1269 3723 1555 3782 Divinum
1604 3721 1829 3780 Verum
1890 3719 2305 3795 implantatum

160 3849 168 3857 ·
196 3823 386 3896 vitae,
428 3829 662 3882 constat
699 3840 774 3882 ex
809 3821 1236 3900 significatione
1265 3822 1531 3882 scribere
1566 3838 1752 3898 super
1787 3819 2065 3896 aliquem,
2104 3837 2239 3879 cum
2268 3839 2307 3880 a

195 3919 482 3994 Domin0,
525 3922 686 4000 quod
733 3925 812 3982 sit
841 3923 1202 4002 implantare
1235 3925 1423 3997 vitae,
1479 3921 1553 3981 de
1601 3938 1721 3998 qua
1753 3921 2026 3998 sequitur
2037 3939 2054 3995 3
2108 3937 2185 3979 ex
2218 3923 2304 3980 si-

196 4021 576 4097 gnificatione
621 4026 912 4100 neminie,
951 4020 1145 4100 'quod
1191 4025 1268 4082 sit
1319 4021 1497 4099 quale
1542 4028 1762 4096 statu5‚
1832 4021 1905 4080 de
1950 4038 2071 4104 qua
2120 4037 2307 4099 supra

194 4137 263 4179 n:
307 4125 481 4198 1483
537 4131 596 4183 et
646 4142 721 4184 ex
757 4123 1188 4202 significatione
1223 4124 1372 4193 Dei,
1424 4123 1583 4199 quod
1631 4125 1709 4181 sit
1756 4123 2041 4182 Divinum
2076 4122 2304 4182 Verum

195 4222 526 4296 procedens
564 4241 602 4284 a
634 4224 890 4286 Domino
924 4227 986 4284 in
1021 4223 1234 4300 Coelo,
1271 4226 1357 4283 ita
1382 4223 1675 4286 Dominus
1708 4223 1817 4300 ibi,
1860 4224 1933 4286 de
1969 4243 2090 4308 qua
2127 4227 2307 4287 etiam.
