2700 4792
20 509 49 542 Ρ

929 342 1166 432 CAPUT
1207 343 1608 405 SECUNDUM.
2210 361 2319 414 109

185 494 450 568 scribe
505 491 926 564 Ecclesiae:
1003 517 1225 564 causa
1277 495 1483 591 quod
1533 495 1637 566 ita
1690 495 2014 584 dicatur,
2098 501 2319 572 etiam

181 615 350 682 est,
431 595 606 691 quia
676 593 1334 690 correspondentia
1402 595 1575 683 erit,
1666 615 1747 667 ut
1814 597 2151 669 Ecclesia
2221 602 2318 673 sit

183 694 545 768 Ecclesia
598 692 793 792 apud
845 694 1248 781 hominem,¹
1325 695 1390 764 si
1441 721 1591 766 non
1662 699 2315 795 correspondentia

186 813 436 884 esset,
527 819 680 864 non
747 792 940 864 foret
1015 795 1582 867 communicatio
1660 796 1902 884 Coeli,
1985 800 2087 870 ita
2162 827 2313 872 non

193 897 513 970 Coelum
569 894 765 992 apud
819 894 1058 979 illum,
1127 912 1202 965 et
1255 905 1311 964 si
1345 921 1496 965 non
1538 896 1873 984 Coelum,
1928 924 2067 969 nec
2120 899 2315 972 foret

190 997 540 1071 Ecclesia
613 992 809 1092 apud
876 993 1114 1080 illum,
1208 994 1539 1065 videatur
1600 999 1985 1068 Docrnnu
2054 1002 2309 1072 Noun

190 1101 780 1168 Hmno-somnffl
847 1121 934 1165 n:
1007 1103 1146 1178 241
1193 1094 1283 1163 ad
1328 1107 1495 1179 248.
1608 1096 1803 1193 Quid
1856 1096 2307 1198 Correspon-

197 1199 460 1269 dentia
510 1195 832 1267 hominis
881 1194 1260 1264 Ecclesiae
1315 1219 1481 1264 cum
1536 1195 1795 1284 Coelo,
1850 1223 2001 1268 non
2050 1201 2307 1297 paucis

197 1299 356 1369 dici
412 1312 662 1396 potest
685 1347 706 1382 ,
767 1294 896 1366 sed
955 1294 1081 1390 qui
1134 1293 1308 1380 vult,
1366 1295 1631 1367 instrui
1680 1315 1927 1395 potest
1980 1300 2160 1396 quid
2214 1302 2311 1372 sit

195 1425 294 1468 ex
344 1397 490 1468 illis
545 1420 731 1493 quae
786 1395 861 1465 in
917 1395 1158 1492 Opere
1211 1393 1303 1464 de
1376 1395 1625 1468 Coeno
1686 1426 1779 1468 m·
1844 1401 2165 1471 INFERNO
2219 1428 2303 1472 n:

207 1513 304 1579 87
351 1498 444 1568 ad
487 1514 644 1576 115.
702 1513 777 1566 et
835 1511 974 1577 291
1021 1493 1116 1568 ad
1152 1510 1321 1581 310,
1382 1495 1578 1567 dicta
1631 1515 1704 1568 et
1758 1516 2053 1570 ostensa
2100 1520 2304 1573 sunt:

202 1600 286 1669 in
328 1623 629 1685 summa,
687 1614 800 1667 est
832 1595 1507 1693 Correspondentia
1548 1598 1843 1696 quando
1885 1599 2105 1673 homo
2152 1603 2302 1700 spi-

193 1699 484 1770 ritualis
511 1699 752 1768 factus
795 1715 943 1784 est,
1000 1713 1074 1766 et
1112 1696 1335 1768 homo
1387 1698 1785 1795 spiritualis
1839 1700 1951 1788 fit,
2008 1702 2305 1798 quando

193 1799 535 1896 agnoscit
574 1797 940 1885 Divinum,
996 1814 1070 1867 et
1119 1797 1192 1867 in
1240 1799 1487 1895 specie
1527 1800 1940 1888 Dominum,
1998 1820 2073 1873 et
2114 1821 2306 1874 amat

191 1902 436 1970 vivere
505 1897 907 1970 secundum
971 1915 1367 1994 praecepta
1433 1899 1510 1968 in
1564 1899 1846 1988 Verbo,
1916 1927 2083 1972 nam
2136 1929 2303 1974 cum

189 2000 344 2071 hoc
392 2000 609 2087 facit,
665 1998 1136 2096 conjungitur
1188 1996 1451 2090 Coelo3
1508 2016 1580 2069 et
1632 2017 1807 2071 tunc
1861 2014 2297 2100 correspon-

191 2100 323 2172 det
376 2099 754 2198 spirituale
800 2124 965 2170 cum
1001 2098 1314 2169 naturali
1359 2099 1560 2195 quod
1602 2101 1795 2198 apud
1837 2100 2059 2172 illum.
2147 2104 2299 2174 Sed

191 2202 391 2288 scin,
449 2201 653 2298 quod
692 2200 874 2270 haec
920 2198 1254 2298 pluribus
1303 2199 1684 2271 videantur
1718 2219 2011 2300 captum
2046 2230 2301 2275 eorum

189 2301 582 2389 excedere,
655 2326 902 2370 verum
954 2324 1174 2370 causa
1227 2316 1369 2386 est,
1446 2301 1619 2396 quia
1671 2327 1821 2373 non
1874 2321 1984 2374 est
2037 2305 2299 2400 jucun-

187 2403 373 2472 dum
425 2403 687 2472 amoris
742 2400 1033 2471 illorum
1083 2399 1206 2469 illa
1261 2401 1451 2471 scire
1465 2428 1488 2491 3
1544 2402 1606 2471 si
1659 2402 1738 2472 id
1788 2402 1987 2473 foret
2036 2404 2297 2501 jucun·

193 2502 376 2571 dum
428 2501 691 2571 amoris
744 2525 1034 2587 eorum,
1114 2526 1265 2572 non
1333 2499 1569 2570 solum
1633 2500 1758 2570 illa
1813 2500 2004 2572 clare
2056 2504 2297 2602 perci-

183 2617 484 2701 perent,
543 2599 674 2670 sed
725 2601 940 2670 etiam
991 2599 1220 2671 multo
1273 2599 1487 2698 plura
1528 2601 2027 2672 desiderarent
2079 2602 2293 2690 scire,
2412 2692 2418 2698 ⁴

182 2703 336 2773 hoc
391 2703 588 2773 enim
655 2699 1019 2774 desiderat
1086 2701 1306 2772 homo
1376 2701 1577 2800 quod
1644 2720 1868 2789 amat,
1952 2718 2025 2773 et
2092 2703 2299 2799 quod

185 2820 380 2873 amat
421 2803 566 2875 1100
600 2801 1007 2900 jucundum
1037 2801 1194 2900 ejus
1235 2819 1348 2872 est
1360 2829 1383 2894 3
1438 2802 1796 2900 quicquid
1839 2801 2057 2872 etiam
2098 2829 2295 2874 ama·-

185 2921 342 2990 tur,
394 2903 540 2975 hoc
596 2904 820 2974 intrat
875 2929 1041 2974 cum
1083 2903 1336 3000 gaudio
1394 2920 1467 2974 et
1520 2902 1733 2974 simul
1788 2927 1955 2974 cum
2005 2902 2171 2975 luce
2216 2905 2296 2976 in

185 3005 454 3074 mentis
508 3005 767 3074 ideam.
1179 3072 1190 3082 ,

399 3120 512 3182 93·
597 3102 962 3176 Scribitur
1025 3104 1146 3175 hic
1211 3105 1523 3202 primum
1592 3104 1685 3174 ad
1740 3102 2101 3200 Angelum
2151 3109 2295 3178 Ec-

189 3199 462 3272 clesiae
513 3205 961 3302 Ephesinae‚
1018 3222 1093 3275 et
1142 3229 1298 3304 per
1349 3203 1788 3301 Angelum
1841 3204 2089 3278 illius
2142 3210 2295 3278 Ec·
2407 3259 2413 3263 -

185 3301 534 3373 clesiae
586 3303 1235 3388 intelliguntur
1287 3329 1595 3376 omnes
1650 3304 1799 3375 illi
1852 3305 1940 3375 in
1994 3307 2293 3378 Eccle-

181 3403 324 3474 sia
411 3405 562 3501 qui
640 3405 728 3475 in
819 3403 1523 3500 cognitionibus
1612 3405 1801 3475 veri
1886 3422 1974 3475 et
2065 3404 2291 3476 boni

180 3521 428 3590 sunt,
511 3505 638 3574 ita
716 3505 806 3575 in
881 3504 1593 3601 cognitionibus
1666 3502 1985 3576 talium
2062 3529 2289 3601 quae

179 3602 438 3674 Coeli
492 3623 577 3675 et
622 3604 1136 3682 Ecclesiae,
1189 3622 1276 3675 et
1316 3621 1610 3674 tamen
1651 3631 1825 3675 non
1882 3621 2033 3674 aut
2084 3630 2293 3674 non·
2410 3693 2419 3702 .

181 3702 389 3772 dum
437 3704 527 3773 in
581 3705 764 3775 vita
817 3704 1301 3775 secundum
1347 3703 1603 3796 illas3
1655 3729 1791 3803 per
1827 3703 2290 3801 cognitiones

174 3802 312 3873 has
378 3803 889 3900 intelliguntur
954 3798 1306 3902 imprimis
1388 3804 1867 3896 doctrinalia3
1947 3822 2059 3875 ast
2132 3804 2291 3876 sola

179 3902 620 3974 doctrinalia
671 3929 804 3975 seu
857 3904 1055 3974 solae
1097 3906 1557 4002 cognitiones
1604 3907 1756 3976 veri
1798 3922 1872 3975 et
1908 3904 2089 3976 boni
2132 3931 2291 3978 non

175 4003 460 4075 faciunt
509 4005 883 4076 hominem
935 4006 1421 4103 spiritualem,
1498 4005 1629 4076 sed
1680 4006 1826 4076 vita
1882 4006 2289 4078 secundum

178 4102 303 4173 illa
314 4132 338 4195 3
395 4103 833 4176 doctrinalia
885 4108 1078 4175 enim
1133 4131 1262 4176 seu
1311 4105 1775 4201 cognitiones
1817 4105 2099 4203 absque
2138 4108 2289 4178 vita

177 4204 580 4298 secundum
624 4205 789 4293 illa,
847 4205 1171 4278 resident
1210 4205 1433 4276 modo
1474 4205 1550 4276 111
1592 4205 1943 4278 memoria
1990 4223 2063 4276 et
2110 4205 2285 4274 inde
