2700 4792
20 391 33 484 '1

21 565 30 606 Γ

375 359 610 418 CAPUT
649 359 987 420 mmmm,
1560 364 1565 370 ·
1751 359 1961 418 vEns=
2008 371 2060 424 1.
2218 375 2329 430 263

221 523 322 600 qui
353 521 642 581 Divinum
677 521 828 582 illud
869 520 1098 580 Verum
1131 519 1249 580 fide
1305 526 1367 579 et
1405 521 1534 580 vita
1576 522 1905 598 recipiunt;
1954 523 2113 601 quod
2154 525 2219 584 id
2252 529 2331 586 sit

221 623 480 700 Spiritus
514 622 660 697 Dei,
699 622 996 680 Dominus
1035 621 1178 697 Ipse
1219 619 1395 680 docet
1405 641 1423 696 3
1486 620 1650 697 apud
1684 620 2023 683 ,Iohannem
2068 667 2107 698 „
2130 621 2329 688 Verba

217 741 374 802 quae
406 720 560 802 qu
597 719 817 803 loquor
849 721 1041 796 vobis,
1079 719 1355 800 spirituc
1390 725 1541 782 cant
1566 726 1626 781 et
1653 720 1788 782 vita
1814 726 2010 784 suast
2060 724 2181 785 VI:
2214 729 2325 788 63.

219 822 400 901 Apud
435 823 684 899 Esajam
747 821 1036 897 „Eoeivit
1081 819 1269 900 virga
1303 820 1385 882 de
1429 827 1648 882 trunco
1698 820 2008 906 Jicchaji,
2043 821 2332 903 'quiescet

219 941 410 1002 super
456 919 561 982 Eo
613 922 889 1003 spiritus
937 921 1229 991 Jehovae‚
1275 921 1553 1002 spiritus
1598 922 1951 1002 sapientiae
1994 930 2055 985 et
2087 923 2330 986 intelli-

217 1023 496 1102 9entiae,
581 1023 856 1102 spiritus
913 1018 1174 1083 concilii
1223 1028 1285 1082 et
1339 1022 1651 1084 virtutic“
1720 1023 1845 1083 XI:
1902 1027 1960 1084 1.
2013 1028 2075 1084 2.
2144 1026 2329 1102 Apud

218 1122 486 1182 Eundem
556 1121 790 1198 „Dedi
845 1121 1150 1202 spiritum
1199 1141 1409 1183 meum
1470 1141 1661 1203 super
1716 1120 1945 1198 Illum,
1996 1121 2329 1206 judicium

217 1222 512 1301 flentibus
530 1224 856 1304 proferet“
897 1223 1075 1283 XLII
1085 1243 1100 1282 ε
1139 1227 1194 1282 1.
1249 1223 1434 1300 Apud
1451 1223 1721 1284 Eundem
1756 1267 1793 1297 ,,
1817 1222 2132 1286 Venturae
2158 1225 2327 1286 sicut

205 1321 478 1402 flamen,
528 1322 817 1404 Spiritus
854 1323 1130 1384 Jehovae
1163 1323 1425 1404 siquam
1466 1323 1696 1402 inferet
1731 1324 1799 1383 in
1832 1323 2105 1402 Ipsum“
2151 1326 2322 1385 LIX:

223 1428 330 1484 19.
383 1417 566 1500 Apud
614 1424 884 1484 Eundem
946 1421 1281 1502 „Spiritus
1324 1423 1608 1484 Domini
1652 1423 1920 1484 Jehovih
1972 1443 2163 1504 super
2196 1425 2320 1501 Im,

213 1523 356 1584 ideo
418 1525 613 1584 unoeit
655 1523 765 1583 Me
814 1522 1100 1584 Jehovah
1141 1523 1234 1584 ad
1277 1521 1843 1604 evanyelizandum
1879 1524 2270 1604 pauperibus
2283 1529 2317 1558 “

212 1625 386 1684 LXI:
442 1628 502 1683 1.
565 1625 812 1701 „Quem
845 1623 1032 1684 misit
1057 1623 1288 1699 Pater,
1337 1624 1520 1685 verba
1553 1623 1693 1684 Dei
1728 1621 2038 1702 loquitur,
2082 1643 2208 1686 non
2240 1645 2322 1694 ecc

211 1743 515 1786 mura
573 1723 751 1784 dedit
808 1724 998 1784 Deus
1059 1723 1411 1804 spiritum“
1488 1724 1810 1786 Joh2111:
1868 1727 1975 1784 34.
2048 1723 2200 1786 haec
2246 1727 2321 1785 de

213 1827 492 1884 Domino.
550 1825 726 1901 Quod
754 1824 1011 1914 Spiritus
1047 1831 1292 1884 sanctus
1321 1828 1401 1884 sit
1424 1826 1707 1884 Divinum
1733 1824 1958 1884 Verum
1986 1826 2321 1902 procedens

212 1943 250 1984 a
273 1925 554 1998 Domino,
607 1932 876 1984 constare
911 1929 1114 2001 potest
1160 1925 1322 2001 apud
1357 1925 1695 1986 Johannem
1763 1923 1957 2006 „Eyo
1994 1925 2323 1988 veritatem

211 2024 388 2084 vobis
427 2023 603 2099 dice,
658 2023 925 2104 prodest
965 2023 1140 2084 vobis
1185 2029 1260 2085 ut
1306 2024 1457 2104 Eyo
1492 2026 1710 2086 abeam
1720 2047 1749 2098 ;
1800 2025 1862 2085 si
1893 2044 2018 2086 non
2050 2025 2319 2104 abice-o,

209 2121 598 2185 Paracletus
630 2144 756 2185 non
779 2123 980 2184 veniet
1003 2123 1094 2184 ad
1127 2143 1256 2200 voe,
1301 2124 1366 2184 si
1388 2143 1529 2186 υενο
1557 2126 1823 2195 abivero,
1852 2126 2107 2186 mittam
2133 2124 2323 2188 illum

209 2223 302 2284 ad
342 2242 490 2284 vos.-
535 2243 730 2302 quum
763 2225 997 2285 venerit
1031 2220 1144 2284 ille
1178 2223 1469 2304 Spiritus
1508 2225 1835 2300 veritatis,
1890 2205 2073 2287 ducet
2106 2246 2216 2287 vos
2250 2226 2321 2286 in

209 2331 456 2386 omnem
497 2325 855 2385 veritatem:
905 2344 1029 2385 non
1064 2321 1351 2404 loquetur
1384 2344 1426 2384 a
1460 2331 1651 2386 semet
1681 2324 1837 2404 Ipso
1849 2369 1865 2400 ,
1922 2325 2035 2386 sed
2068 2345 2148 2388 ex
2175 2324 2321 2386 Meo

209 2424 482 2503 accipiet
525 2430 584 2484 et
621 2424 1028 2486 annuntiabit
1063 2424 1285 2485 vobi-W
1345 2424 1528 2486 XVI:
1576 2431 1634 2484 7.
1678 2429 1707 2484 1
1728 2427 1788 2485 3.
1825 2429 1945 2500 14;
2000 2426 2159 2502 quod
2192 2426 2316 2485 Pa-

210 2525 480 2584 racletus
509 2525 603 2585 hic
639 2528 716 2584 sit
748 2525 1032 2585 Divinum
1069 2526 1294 2584 Verum
1334 2525 1669 2602 procedens
1706 2542 1745 2584 a
1779 2525 2065 2598 Domino,
2122 2529 2315 2584 mani-

211 2626 374 2684 feste
408 2632 601 2700 patet,
659 2645 794 2686 nam
831 2625 1045 2685 dicitur
1081 2630 1240 2703 quod
1282 2626 1424 2702 Ipse
1460 2626 1753 2684 Dominus
1805 2622 2151 2686 Veritatem
2194 2624 2313 2683 illis

209 2725 466 2798 dixerit,
521 2732 580 2784 et
613 2744 752 2786 cum
787 2726 1068 2800 abit-erit,
1127 2727 1422 2785 missurus
1466 2728 1546 2784 sit
1587 2725 1967 2786 Paracletum
2012 2723 2320 2804 spiritum

205 2825 536 2898 veritatis,
590 2829 690 2902 qui
747 2827 1034 2886 ducturus
1083 2826 1218 2885 illos
1261 2829 1322 2884 in
1360 2844 1601 2891 omnem
1646 2826 2000 2907 veritatem,
2052 2831 2113 2884 ct
2161 2824 2320 2899 quod

205 2926 318 2985 Ille
353 2943 476 2984 non
515 2927 796 3002 loquetur
830 2946 869 2986 a
908 2933 1100 2986 semet
1137 2927 1298 3002 ipso,
1345 2927 1455 2986 sed
1494 2927 1652 3002 quod
1698 2945 1737 2984 a
1772 2927 2057 3001 Domin03
2108 2925 2323 2986 dicitur

204 3043 286 3087 ex
319 3025 468 3084 Meo
506 3027 802 3104 accipiet,
859 3029 1001 3103 quia
1033 3027 1320 3086 Divinum
1362 3027 1590 3085 Verum
1630 3027 1903 3104 procedit
1938 3043 2013 3086 ex
2042 3025 2316 3099 Domino,

203 3133 266 3186 et
301 3126 640 3202 procedens
683 3128 898 3187 dicitur
936 3127 1169 3195 Meum,
1219 3126 1363 3202 Ipse
1404 3129 1557 3186 enim
1594 3129 1887 3188 Dominus
1926 3132 2017 3188 est
2057 3127 2315 3186 Divinus

203 3227 426 3298 Amor,
492 3235 552 3285 et
609 3228 942 3302 procedens
995 3225 1071 3285 ab
1122 3226 1268 3302 Ipso
1307 3234 1401 3285 est
1444 3216 1728 3286 Divinum
1766 3226 2023 3302 Verum,
2097 3229 2180 3286 ita
2226 3233 2319 3290 est

208 3324 430 3393 Suum.
497 3326 776 3386 videatur
816 3331 878 3386 in
925 3325 1126 3403 Opere
1173 3327 1248 3386 de
1287 3325 1489 3386 Coeno
1536 3345 1613 3386 m·
1664 3327 1976 3398 ΙΝηιιΝο,
2026 3347 2094 3386 n:
2156 3329 2316 3386 139.

213 3427 378 3484 140.
427 3435 482 3486 et
509 3427 926 3488 antecedentia
957 3427 1069 3501 ibi,
1113 3433 1173 3486 et
1215 3429 1276 3484 in
1310 3427 1639 3487 Domuum
1672 3427 1887 3486 Nous.
1914 3428 2316 3486 Hrunosonr-

202 3543 358 3596 mn,
409 3545 478 3586 n:
515 3529 691 3588 307:
735 3527 898 3605 quod
919 3520 1095 3586 'exire
1138 3533 1198 3586 et
1239 3525 1571 3603 procedere
1608 3527 1978 3602 intelligatur
2016 3542 2129 3600 per
2161 3524 2321 3582 Mitti

202 3633 268 3686 et
320 3627 597 3701 Mittere,
675 3627 952 3687 videatur
1009 3628 1070 3684 in
1132 3627 1410 3686 Ancms
1474 3626 1922 3696 Gonnum-mus,
1978 3642 2048 3681 n:
2087 3623 2315 3682 2397.

203 3729 426 3786 4710.
473 3729 686 3787 6831.
734 3729 994 3799 10561,
1045 3726 1318 3786 similiter
1349 3725 1448 3786 hic
1472 3744 1583 3802 per
1608 3726 1841 3792 Mittam
1869 3723 2035 3781 illum
2072 3721 2149 3780 ad
2174 3739 2315 3780 vos:

203 3827 366 3903 quod
406 3827 762 3888 Paracletus
809 3829 888 3887 sit
937 3825 1196 3904 Spiritus
1242 3834 1491 3886 sanctus
1542 3831 1713 3901 patet
1766 3821 1929 3898 apud
1977 3821 2317 3882 Johannem

201 3925 642 4001 „Paracletus
697 3925 990 4007 Spiritus
1047 3924 1323 3988 Sanctus
1339 3971 1359 4002 ,
1434 3920 1546 3985 ille
1591 3939 1702 3983 vos
1764 3920 2002 3982 docebit
2054 3918 2316 3980 omnia“

199 4025 389 4086 XIV:
427 4029 541 4086 26.
604 4027 789 4105 Apud
811 4027 1084 4087 Eundem
1127 4026 1373 4102 „Jecus
1398 4041 1638 4103 mayna
1672 4040 1813 4082 voce
1836 4017 2172 4097 clamavit,
2212 4019 2321 4082 di-

199 4143 372 4203 cens,
427 4126 491 4186 si
536 4127 682 4206 quic
731 4126 1045 4202 sitiverit,
1101 4126 1306 4188 venito
1351 4123 1442 4186 ad
1473 4121 1610 4195 Me,
1658 4128 1718 4183 et
1763 4122 1981 4195 bibito,
2030 4120 2321 4202 quicquic

198 4224 406 4288 credit
439 4227 512 4288 in
545 4225 670 4306 Mc,
714 4228 882 4290 sicat
917 4225 1080 4288 dicit
1119 4225 1475 4308 Scriptura,
1512 4222 1795 4302 flumina
1828 4242 1861 4283 e
1895 4228 2101 4284 ventre
2134 4219 2321 4282 illius
