2700 4792
333 373 445 427 134
743 359 1235 416 APOCALYPSIS
1275 359 1709 420 EXPLICATA.
1790 361 1837 432 §.
1886 371 2011 424 109.

332 522 619 582 interiora
642 520 896 581 hominis
935 539 1088 599 quae
1125 524 1342 581 mentis
1375 528 1435 582 et
1465 523 1647 582 animi
1684 523 1818 601 ejus
1856 529 2028 593 eunt,
2064 529 2127 581 et
2150 521 2257 582 illa
2283 539 2463 598 quae

336 637 524 698 super
549 611 902 696 arboribus,
941 628 1010 680 ut
1045 621 1188 681 solia
1226 629 1286 682 et
1321 622 1551 681 fructus
1572 667 1587 695 ,
1634 623 1781 682 talia
1816 639 1972 698 quae
2010 639 2083 682 ex
2108 621 2244 696 illie,
2288 640 2465 681 con-

340 726 504 780 stare
546 727 750 796 potest
797 739 835 780 a
876 716 1266 799 sequentibus
1311 721 1409 780 his
1444 721 1623 798 locis;
1683 722 1923 798 „Dabo
1958 722 2028 782 in
2062 722 2301 782 deam-to
2348 740 2467 782 ee-

337 819 527 882 drum
562 819 878 897 echittim,
929 825 988 882 et
1023 828 1307 903 myrtum
1342 827 1401 880 et
1436 821 1721 884 arborem
1756 819 1909 894 olei,
1956 839 2192 902 ponam
2227 822 2296 882 in
2340 841 2469 882 so—

335 918 612 982 litudine
645 920 936 992 abietem,
998 921 1255 982 taedam
1307 926 1367 980 et
1411 922 1697 983 buxum“
1748 923 1921 1001 Esaj:
1960 921 2133 982 XLI:
2178 925 2205 980 1
2228 927 2262 981 9
2279 942 2295 996 3
2366 924 2469 983 ibi

334 1024 532 1098 agitur
579 1020 655 1080 de
703 1021 1016 1081 Ecclesiae
1065 1025 1517 1081 instauratione.
1601 1018 1887 1096 „Gloria
1946 1021 2186 1082 Libani
2238 1021 2337 1081 ad
2398 1029 2470 1082 te

331 1119 557 1195 veniet,
607 1121 810 1192 abies,
859 1120 1052 1181 taeda
1088 1127 1147 1181 et
1191 1121 1405 1182 buccae
1453 1117 1683 1192 simul,
1735 1121 1827 1182 ad
1875 1120 2299 1182 decorandum
2344 1120 2463 1182 lo·-

333 1239 476 1283 oum
510 1216 886 1282 Sanetuarii
917 1220 1044 1281 mei
1052 1223 1090 1255 “
1145 1221 1322 1298 Esaj:
1362 1221 1503 1280 LX:
1557 1224 1585 1279 1
1606 1223 1666 1280 3.
1742 1219 2185 1302 „Ooyrtoeeant
2220 1239 2466 1282 omnes

332 1320 588 1383 arborea
622 1320 803 1400 ayri,
839 1319 1006 1400 quod
1037 1319 1190 1402 Eyo
1217 1319 1502 1381 Jehovah
1527 1318 1857 1381 humiliem
1892 1322 2173 1382 arborem
2204 1317 2459 1396 altam,

329 1418 608 1483 exaltem
657 1421 940 1482 arborem
992 1417 1296 1482 humilem
1308 1465 1325 1495 ,
1396 1420 1751 1500 arefaciam
1807 1421 2089 1482 arborem
2141 1419 2459 1497 widem,

329 1528 389 1582 et
419 1521 780 1601 ymninare
799 1519 1058 1601 faciam
1089 1520 1374 1582 arborem
1409 1520 1717 1581 aridam“
1765 1522 2001 1581 Ezech:
2050 1521 2262 1581 XVII:
2322 1527 2461 1583 24.

331 1621 546 1696 „Ecce
577 1620 730 1700 Eyo
765 1621 834 1682 in
869 1626 928 1680 te
961 1619 1294 1681 incendam
1328 1620 1577 1699 iynem,
1612 1621 1725 1700 qui
1757 1620 2029 1682 comedet
2054 1621 2123 1680 in
2156 1626 2215 1680 te
2240 1623 2456 1682 arbo-

331 1740 467 1782 rem
503 1719 790 1796 viridem,
829 1725 890 1780 et
924 1739 1166 1781 omnem
1199 1720 1483 1781 arborem
1516 1720 1821 1782 aridam“
1862 1721 2093 1780 Ezech:
2129 1721 2320 1781 XXI:
2380 1725 2452 1783 3.

335 1864 374 1896 „
397 1817 570 1883 Vitis
605 1821 893 1896 exaruit,
947 1825 1008 1882 et
1042 1821 1214 1901 fieus
1261 1817 1551 1899 lanquet,
1601 1817 1815 1881 malus
1838 1820 2083 1900 punica
2120 1819 2459 1900 etiamque

318 1915 551 2000 palma
602 1925 662 1979 et
709 1917 950 1996 malus,
1027 1940 1238 1982 omnes
1297 1920 1573 1981 Arbores
1623 1921 1777 2000 ayri
1832 1920 2187 1980 emeieeatae
2232 1927 2403 1982 sunt
2420 1943 2455 1994 ;

330 2019 592 2081 exaruit
624 2019 944 2099 gaudium
979 2020 1056 2080 de
1089 2018 1264 2102 filiis
1299 2019 1674 2081 hominum“
1736 2021 1877 2082 Joel
1922 2021 1980 2080 I:
2028 2025 2054 2078 l
2075 2025 2134 2079 2.
2218 2018 2454 2095 „Cum

332 2115 626 2199 Anyelua
672 2116 951 2192 clanxit,
995 2121 1187 2200 faeta
1231 2111 1326 2182 eet'
1370 2119 1637 2200 ,orando-
1668 2127 1729 2181 εἰ
1778 2121 1982 2201 iynie,
2048 2121 2161 2200 qui
2204 2120 2455 2183 cecidit

333 2202 527 2298 'uper
550 2224 815 2295 terram,
853 2226 911 2281 et
947 2219 1141 2282 tertia
1163 2239 1330 2301 pare
1356 2221 1653 2282 arborum
1687 2221 2009 2283 combusta
2043 2224 2181 2281 eat“
2219 2223 2446 2297 Apoc:

329 2319 510 2379 VIII:
569 2324 624 2379 7.
697 2317 1144 2396 „Beleehazar
1182 2319 1350 2381 vidit
1392 2321 1461 2382 in
1509 2320 1753 2382 somnio
1788 2321 2072 2384 cra-horem
2106 2321 2176 2382 in
2221 2320 2451 2382 medio

331 2423 564 2496 terrae,
617 2419 802 2503 eujus
836 2418 1118 2481 altitudo
1150 2440 1419 2502 magma,
1444 2417 1691 2501 folium
1704 2399 2066 2502 pulchrum,
2090 2421 2221 2500 flos
2256 2419 2447 2482 mul-

329 2524 466 2596 tus,
506 2526 566 2582 et
600 2521 776 2582 cibus
811 2520 1101 2581 omnibu-s
1135 2521 1205 2581 in
1237 2525 1361 2581 ea“
1412 2521 1580 2582 Dan:
1616 2521 1737 2581 IV:
1784 2528 1841 2581 7.
1878 2525 1938 2580 8.
1984 2525 2045 2580 9.
2114 2521 2269 2598 Quia
2301 2521 2445 2580 Ar-

328 2621 510 2682 bores
560 2623 624 2680 in
682 2639 904 2698 genere
954 2621 1288 2698 significant
1339 2621 1487 2680 talia
1548 2639 1705 2698 quae
1753 2622 1919 2698 apud
1968 2622 2295 2696 hominem,
2360 2641 2447 2683 ae

327 2724 617 2781 interiora
643 2739 798 2798 quae
835 2724 1051 2782 mentis
1089 2722 1219 2798 ejus
1258 2729 1433 2793 sunt,
1485 2721 1738 2798 faciunt,
1795 2729 1857 2781 et
1890 2725 1976 2782 sic
2019 2739 2256 2799 quoque
2292 2726 2445 2798 spi—

326 2821 570 2880 ritualia
607 2839 761 2896 quae
797 2823 1142 2892 Ecclesiae,
1199 2829 1259 2881 ct
1290 2822 1445 2882 hacc
1483 2829 1542 2882 et
1576 2821 1682 2880 illa
1716 2825 1885 2882 varia
1930 2830 2105 2892 sunt,
2164 2821 2297 2880 ideo
2338 2829 2447 2882 tot

325 2923 568 2995 species
611 2921 887 2980 arborum
927 2925 1333 2994 nominantur,
1386 2928 1449 2982 et
1482 2939 1883 3000 unaquaeque
1920 2925 2159 3002 species
2193 2923 2445 2998 signifi-

327 3026 426 3079 cat
459 3019 702 3097 aliquod
737 3022 1044 3099 differens3
1097 3022 1240 3099 quid
1274 3023 1479 3082 variae
1517 3025 1754 3099 species
1790 3024 2154 3099 significant,
2213 3028 2445 3082 osten-

326 3136 459 3179 sum
509 3129 601 3180 est
642 3123 702 3180 in
749 3123 1026 3182 Ancaeus
1073 3122 1525 3196 Conznsrmoe,
1588 3129 1655 3181 ut
1708 3123 1849 3200 quid
1896 3123 2095 3182 Arbor
2148 3122 2295 3194 olei,
2352 3142 2441 3182 n:

332 3222 543 3280 9277.
584 3225 858 3282 10261:
898 3222 1041 3298 quid
1067 3220 1319 3294 CedruS,
1356 3241 1413 3281 n:
1461 3225 1669 3282 9472.
1709 3225 1920 3282 9486.
1958 3225 2168 3282 9528.
2206 3225 2336 3280 971
2368 3226 2437 3283 5.

338 3323 609 3382 10178:
666 3321 810 3398 quid
843 3319 1034 3395 Vitis,
1073 3338 1139 3378 n:
1185 3325 1395 3381 1069.
1436 3324 1645 3384 5113.
1692 3325 1902 3383 6375.
1949 3325 2158 3383 6378.
2200 3324 2443 3384 9277:

323 3421 466 3498 quid
513 3423 726 3497 Ficu5‚
789 3437 862 3478 n:
923 3422 1086 3480 217.
1142 3425 1355 3481 4231.
1399 3423 1621 3483 51132
1678 3431 1739 3482 et
1772 3425 1860 3482 sic
1898 3441 2096 3501 porro.
2167 3422 2445 3498 Insuper

321 3522 428 3582 illa
461 3539 622 3599 quae
672 3527 814 3580 sunt
849 3535 1036 3596 super
1074 3521 1389 3580 arboribus
1399 3567 1417 3597 ,
1483 3529 1551 3580 ut
1599 3523 1744 3581 folia
1780 3533 1841 3582 et
1874 3523 2133 3598 fructus,
2194 3522 2439 3598 sig-nifi-

319 3629 459 3682 cant
506 3622 654 3681 talia
698 3637 853 3697 quae
903 3622 1065 3697 apud
1111 3621 1437 3697 hominem,
1503 3622 1675 3682 Folia
1722 3641 1871 3682 vera
1911 3623 2074 3701 apud
2108 3623 2304 3697 illum,
2366 3631 2441 3684 et

322 3723 585 3782 Fructus
633 3721 791 3780 bona
803 3740 819 3797 3
875 3727 941 3778 ut
974 3724 1034 3780 in
1069 3721 1491 3798 sequentibus;
1547 3721 1756 3797 „Erit
1792 3723 1960 3784 eieut
1992 3723 2203 3784 Arbor
2223 3718 2439 3801 plan-

319 3825 460 3882 tata
481 3820 691 3902 juata
725 3839 955 3904 aquae,
1015 3827 1076 3881 et
1110 3820 1320 3904 juata
1368 3821 1639 3894 fluvium
1677 3823 1913 3884 emittit
1956 3823 2248 3896 radieee;
2302 3824 2441 3885 erit

305 3918 556 4001 folium
587 3920 724 4003 ejus
771 3920 980 3982 viride
991 3941 1020 3993 ;
1072 3939 1182 3981 nee
1225 3921 1496 3982 cessabit
1531 3941 1575 3982 a
1610 3921 1879 4004 serendo
1910 3924 2253 4005 sructum“
2308 3923 2349 3983 J
2352 3941 2435 3984 e-

317 4037 481 4079 rem:
535 4019 754 4082 XVII:
800 4026 859 4082 8.
943 4021 1208 4098 „Juxta
1229 4021 1515 4100 fluvium
1560 4029 1891 4084 exeuntem
1938 4043 1971 4083 e
2014 4023 2234 4086 Domo
2281 4023 2436 4084 Dei

316 4120 604 4183 ascendit
638 4141 831 4204 super
868 4123 1020 4203 ripa
1052 4120 1200 4182 hino
1232 4127 1290 4182 et
1323 4121 1472 4183 hine
1502 4121 1715 4184 Arbor
1747 4123 1902 4196 eibi,
1938 4124 2123 4209 cajus
2156 4143 2280 4185 non
2316 4123 2433 4184 de-

321 4218 484 4282 cidit
521 4221 796 4306 solium,
859 4240 1052 4302 neque
1107 4220 1503 4284 eonsumitur
1532 4222 1799 4303 fruetus
1830 4223 1973 4310 ejus
1990 4269 2008 4300 ,
2072 4225 2145 4284 in
2184 4241 2433 4285 menses

2638 12 2691 535 ²
