2700 4792
376 393 484 446 403
563 379 1056 438 APOCALYPSIS
1101 377 1530 436 EXPLICATA.
1596 378 1643 447 ᾗ.
1688 387 1819 440 283.
1864 387 1996 440 284.
2042 387 2175 440 285.

375 543 733 604 currentium
778 539 858 599 ad
896 537 1142 598 bellum.
1236 537 1415 616 Apud
1468 537 1812 598 Hos-cheam
1878 583 1914 614 „
1942 535 2245 598 Sociatue
2300 535 2507 598 idolis

373 640 722 724 Ephraim,
773 638 1033 702 recessit
1083 637 1302 699 vinum
1342 655 1557 700 eoram
1570 681 1586 710 ,
1640 635 1979 698 remando
2025 637 2303 698 mortam·
2321 639 2499 717 sece-

371 748 553 815 rtmt,
595 739 834 822 liqavit
867 743 1090 801 ventus
1123 756 1263 798 eam
1299 737 1374 798 in
1396 735 1529 798 alie
1568 737 1729 814 auis,
1770 741 1833 798 et
1855 736 2185 819 pudefient
2221 727 2265 798 ά
2286 738 2495 799 em-

363 843 544 926 fict’ie
585 841 780 905 suist
833 839 943 901 IV:
989 842 1094 899 17.
1145 841 1252 899 18.
1299 839 1421 915 193
1488 855 1597 915 per
1642 838 1931 915 Ephraim
1978 837 2342 915 significatur
2388 813 2487 896 i'n-

373 941 738 1014 telleetuale,
771 937 949 1019 quale
987 947 1084 999 est
1107 939 1226 998 illis
1259 940 1417 998 iutra
1440 937 1777 998 Ecclesiam
1813 939 1917 1015 qni
1946 935 2320 997 illustrantur
2352 955 2493 998 eum

372 1046 580 1122 legunt
612 1042 916 1114 Verbum;
970 1057 1082 1116 per
1115 1038 1278 1098 idola
1331 1039 1739 1116 significantur
1776 1038 1933 1098 salsa
1968 1037 2299 1114 doctrlnae3
2352 1039 2497 1099 inde
2581 1085 2586 1092 .

265 1159 288 1176 ·
371 1163 484 1223 per
516 1145 786 1205 sociatus
833 1141 1006 1201 idolis
1044 1139 1326 1216 Ephraim
1372 1139 1743 1216 significatur
1792 1137 2199 1212 intellectuale
2236 1157 2499 1216 perver-

371 1261 505 1305 sum
541 1245 832 1321 arrlpiens
867 1240 1052 1317 falsa3
1117 1256 1230 1317 per
1273 1241 1527 1300 recessit
1570 1242 1775 1298 vinum
1836 1256 2037 1298 eorum
2056 1283 2071 1312 ,
2127 1240 2504 1317 significatur

373 1344 536 1422 quod
583 1343 908 1404 recesserit
955 1359 1162 1400 verum
1195 1339 1542 1415 Ecclesiae,
1598 1342 1801 1399 vinum
1840 1347 1935 1398 est
1975 1338 2037 1398 id
2074 1339 2329 1414 Verum3
2380 1358 2505 1418 per

370 1425 688 1505 scortando
739 1444 988 1502 scortari
1048 1441 1353 1514 fecerunt,
1418 1439 1786 1517 significatur
1832 1438 1996 1516 quod
2042 1439 2503 1502 falsificaverint

369 1560 545 1620 vera,
584 1545 866 1605 scortatio
905 1549 998 1602 est
1032 1539 1369 1602 falsificatio
1406 1543 1562 1616 veri,
1612 1557 1726 1618 per
1756 1539 1967 1616 ligavit
2002 1547 2219 1600 ventus
2254 1541 2321 1598 in
2354 1540 2498 1617 alie,

368 1645 738 1722 significatur
769 1643 1140 1702 ratioclnatio
1178 1659 1255 1701 ex
1281 1640 1535 1702 fallaciis
1552 1686 1567 1715 ,
1607 1640 1765 1700 unde
1792 1639 1975 1700 salsa:
2032 1640 2178 1717 quid
2212 1640 2501 1702 fallaciae

365 1749 427 1805 in
461 1742 906 1822 spiritualibuS,
961 1741 1239 1802 videatur
1284 1744 1347 1801 in
1381 1741 1709 1801 Dour-mim
1743 1739 1961 1800 Novus
1998 1739 2499 1802 Hmuosomms

367 1865 438 1904 n:
477 1845 586 1904 53.
643 1841 848 1902 Simile
881 1859 992 1918 per
1017 1847 1260 1902 ventum
1298 1844 1359 1901 in
1404 1840 1515 1901 alis
1552 1839 1919 1919 significatur
1952 1839 2115 1916 apud
2146 1840 2502 1901 Sachariam

373 1931 533 2022 Cap':
568 1942 647 2001 V:
691 1943 750 2001 9.

525 2045 690 2102 284.
747 2041 826 2100 Et
873 2044 1035 2102 intus
1070 2040 1255 2119 plena
1303 2048 1475 2101 erant
1506 2042 1729 2117 oculis,
1786 2041 1945 2119 quod
1980 2041 2276 2120 significet
2311 2041 2495 2100 Divi-

368 2161 506 2204 nam
532 2141 980 2204 Providentiam
1016 2149 1078 2202 et
1109 2141 1477 2218 Custodiam,
1508 2147 1745 2202 constat
1770 2159 1845 2202 ex
1870 2142 2304 2219 significatione
2320 2139 2494 2201 Ocu-

365 2246 589 2318 lorum,
646 2259 783 2302 cum
818 2243 892 2302 de
929 2244 1216 2313 Domino,
1271 2242 1431 2319 quod
1466 2243 1543 2300 sit
1576 2242 1799 2301 Divina
1830 2241 2037 2318 Ipsius
2080 2243 2498 2312 Providentia,

367 2347 442 2406 de
470 2363 592 2422 qua
625 2359 812 2421 supra
850 2344 915 2421 [n
932 2343 978 2421 .]
1017 2346 1103 2404 68
1139 2349 1198 2402 et
1233 2346 1262 2402 1
1285 2345 1393 2418 52,
1432 2343 1592 2418 quod
1626 2345 1805 2402 etiam
1832 2341 2199 2412 Custodiam,
2228 2351 2323 2402 est
2346 2345 2496 2420 quia

362 2461 476 2526 per
513 2443 822 2506 Cherubos
857 2443 964 2503 illa
1000 2461 1237 2520 quoque
1274 2442 1669 2519 significatur,
1725 2461 1796 2502 n.
1838 2446 1999 2502 277.

519 2545 679 2606 285.
753 2545 830 2603 Et
880 2546 1146 2621 requiem
1210 2560 1326 2602 non
1376 2542 1681 2604 habebant
1724 2543 1821 2603 die
1861 2550 1923 2602 et
1956 2553 2159 2616 nocte,
2224 2545 2525 2604 dicentia·

362 2645 642 2715 Sanctae,
678 2643 952 2714 SanctuS,
993 2641 1266 2716 Sanctus,
1322 2642 1481 2719 quod
1508 2643 1805 2720 significet
1833 2641 2285 2702 Sanctissimum
2324 2645 2495 2720 quod

361 2745 636 2825 procedit
670 2763 708 2804 a
732 2743 1020 2817 Domino,
1061 2751 1296 2803 constat
1331 2760 1407 2802 ex
1443 2743 1877 2821 significatione
1914 2746 2185 2820 requiem
2221 2759 2335 2802 non
2371 2743 2493 2802 ha·—

360 2847 508 2906 bere
543 2846 642 2906 die
679 2852 741 2906 et
764 2854 967 2920 nocte,
1007 2857 1142 2904 cum
1175 2845 1249 2904 de
1275 2845 1499 2904 Divina
1525 2843 1913 2904 Providentia
1947 2852 2009 2904 et
2037 2843 2321 2904 Custodia
2346 2841 2487 2902 Do-

361 2947 522 3020 mini,
561 2963 718 3022 quae
745 2946 1153 3021 significantur
1180 2961 1291 3022 per
1319 2950 1577 3023 quatuor
1607 2943 1915 3006 Cherubos
1944 2947 2045 3022 qui
2074 2951 2493 3022 apparuerunt

364 3047 520 3105 sicut
569 3050 826 3120 quatuor
867 3043 1194 3115 Animalia,
1263 3043 1423 3122 quod
1468 3047 1548 3106 sit
1594 3045 2013 3106 universaliter
2058 3051 2119 3104 et
2164 3050 2487 3121 perpet-uo,

366 3144 648 3220 quoniam
680 3141 905 3203 Divina
937 3143 1179 3204 Domini
1210 3144 1597 3205 Providentia
1648 3153 1711 3204 et
1744 3145 2032 3206 Custodia
2076 3148 2137 3205 in
2170 3150 2488 3204 aeternum

362 3260 480 3302 non
505 3243 832 3318 requiescit
857 3249 918 3302 et
948 3249 1148 3302 cessat
1159 3263 1176 3318 3
1217 3251 1279 3302 et
1314 3261 1389 3304 ex
1418 3244 1849 3322 significatione
1878 3245 2159 3318 Sanctae,
2199 3243 2482 3320 Sanctum,

363 3343 644 3412 Sanctus,
679 3341 840 3418 quod
865 3344 944 3402 sit
963 3340 1425 3403 sanctissimum
1464 3344 1624 3423 quod
1658 3345 1931 3423 procedit
1964 3363 2003 3404 a
2029 3345 2303 3422 Domino,
2342 3361 2484 3404 nam

361 3461 474 3522 per
523 3441 807 3504 Sanctum
872 3451 964 3503 ter
1011 3445 1375 3504 nominatum
1438 3445 1804 3523 significatur
1850 3437 2303 3506 Sanctissimum
2324 3486 2340 3518 ,
2406 3461 2481 3504 ex

363 3561 550 3606 causa
603 3543 743 3622 quia
780 3543 924 3604 Tria
957 3546 1018 3604 in
1052 3543 1257 3604 Verbo
1302 3545 1645 3624 significant
1687 3545 1963 3622 plenum,
2022 3545 2381 3622 completum
2420 3550 2479 3602 et

287 3695 312 3702 -
365 3647 726 3717 continuum,
767 3644 1041 3704 videatur
1067 3662 1133 3704 n:
1171 3647 1384 3707 2788.
1418 3646 1632 3706 4495.
1672 3651 1753 3705 77
1774 3650 1803 3706 1
1825 3649 1880 3707 5.
1940 3645 2146 3708 Simile
2176 3643 2471 3722 significa·

339 3751 458 3806 tur
491 3759 600 3822 per
630 3744 785 3804 haec
821 3744 984 3821 apud
1017 3745 1260 3822 Esajam
1297 3789 1337 3822 „
1362 3743 1519 3808 Vidi
1558 3743 1923 3808 Dominum
1950 3746 2265 3806 cedentem
2291 3762 2477 3824 super

364 3842 622 3908 Tlvro‘no
667 3840 800 3904 alto
836 3849 896 3905 et
937 3841 1101 3906 elato
1117 3889 1136 3921 ,
1203 3850 1264 3906 et
1303 3845 1601 3928 fimbriae
1635 3843 1867 3926 Ipsius
1916 3845 2251 3927 implentes
2288 3843 2474 3907 Tem-

349 3942 538 4026 plum
554 3965 582 4018 ,·
635 3943 974 4026 Seraphim
1024 3948 1267 4006 atwntes
1333 3945 1605 4026 desuper
1653 3942 1770 4007 illo
1786 3967 1815 4018 ,·
1893 3965 2011 4008 eeoe
2064 3945 2211 4008 alae
2252 3941 2475 4018 cuivis,

361 4043 612 4104 duabus
648 4043 892 4123 teqebat
915 4043 1131 4126 facies
1159 4049 1346 4118 'baa-53
1396 4046 1647 4109 duabus
1688 4047 1933 4127 teyebat
1960 4046 2159 4128 pedes
2197 4065 2367 4121 euos,
2418 4046 2479 4102 et

362 4141 612 4202 duabus
636 4139 924 4215 volabat,·
974 4151 1034 4204 et
1066 4141 1371 4208 clamavit
1392 4145 1499 4208 hic
1520 4145 1612 4208 ad
1634 4143 1852 4223 illum,
1898 4146 2177 4208 Sanctus
2204 4143 2481 4208 sanatus

363 4239 639 4300 Sanctus
676 4237 958 4303 Jehovah.
985 4243 1294 4322 Zebaoth,
1326 4243 1667 4326 plenitudo
1708 4252 1913 4310 terrae
1945 4245 2164 4330 ‚olm-ia
2201 4245 2473 4327 φαίην(
