2700 4792
447 333 560 388 300
825 321 1310 380 APOCALYPSIS
1347 323 1669 380 EXPLIGA
1682 323 1801 382 TA.
1882 323 1931 392 §.
1974 331 2097 386 199.

445 481 600 542 libro
634 482 796 540 vitae
831 482 1130 559 significat
1165 482 1324 559 quod
1372 483 1435 540 in
1470 481 1643 543 coelo
1680 487 1885 556 erunt,
1942 481 2083 558 qnia
2122 485 2299 540 status
2328 497 2503 544 eorum
2594 541 2596 566 ἱ

449 581 647 660 quoad
685 597 946 642 amorem
989 588 1050 642 et
1082 581 1258 642 fidem
1297 582 1435 642 talis
1474 589 1601 657 est,
1656 584 1743 641 ita
1788 583 1929 658 quia
1976 580 2141 640 coelo
2189 583 2509 642 accomodati

447 687 606 741 sunt.
685 680 862 758 Quod
904 699 1016 760 per
1067 682 1285 742 librum
1333 685 1495 742 vitae
1542 681 1911 759 significetur
1954 680 2185 742 coelum
2199 726 2215 756 ,
2272 689 2356 742 est
2396 687 2509 760 quia

445 782 622 841 homo
662 783 764 858 qui
798 784 859 840 in
895 799 1094 842 amore
1135 790 1196 842 et
1229 782 1346 842 fide
1380 785 1441 840 in
1466 783 1789 848 Dominum
1828 789 1950 857 est,
2004 783 2067 840 in
2102 784 2329 840 minima
2352 782 2508 859 effigie
2597 821 2599 830 ·

447 887 541 942 εει
575 882 827 958 coelum,
873 889 934 942 et
967 883 1082 943 hoc
1119 884 1250 960 ejus
1279 883 1711 960 correspondet
1744 882 1915 942 coelo
1952 883 2013 940 in
2048 884 2299 942 maxima
2330 883 2507 959 effigie,
2600 903 2602 918 2

447 987 813 1060 quapropter
855 985 957 1060 qui
995 983 1226 1043 coelum
1273 985 1332 1042 in
1369 999 1437 1042 se
1488 982 1703 1057 habet,
1760 984 1938 1042 etiam
1994 985 2055 1041 in
2106 982 2331 1041 coelum
2363 985 2505 1057 venit,

447 1089 541 1142 εει
575 1084 732 1142 enim
769 1085 826 1142 ei
861 1083 1314 1160 accomodatus;
1372 1084 1530 1161 quod
1565 1083 1701 1142 talis
1738 1082 2269 1160 correspondentia
2302 1085 2399 1156 sit,
2438 1084 2506 1138 vi-

445 1181 660 1242 dentur
701 1184 764 1242 in
799 1181 1000 1260 Opere
1059 1183 1132 1243 de
1183 1182 1387 1243 Cotto
1438 1202 1515 1242 n·
1548 1182 1827 1242 larnano
1890 1203 1965 1242 n:
2028 1184 2113 1252 ‚51
2174 1183 2250 1241 ad
2300 1184 2395 1241 58.
2445 1183 2507 1240 73

443 1282 522 1342 ad
581 1287 687 1341 77.
753 1285 837 1342 87
888 1283 968 1343 ad
1010 1286 1182 1359 1023
1249 1290 1310 1344 ει
1356 1287 1417 1343 in
1450 1283 1783 1344 Docranu
1814 1283 2035 1346 NovAn
2070 1283 2510 1342 Hmnosomtms

443 1400 518 1442 n:
579 1385 720 1444 230
769 1385 846 1442 ad
906 1385 1084 1444 236:
1139 1385 1276 1444 inde
1323 1391 1445 1459 est,
1502 1384 1663 1461 quod
1706 1383 1889 1443 Liber
1943 1387 2110 1449 vitae
2169 1386 2246 1442 sit
2290 1383 2345 1442 id
2386 1380 2513 1458 apud

437 1483 740 1544 hominem
775 1483 933 1560 quod
959 1485 1391 1561 correspondet
1414 1485 1585 1544 coelo
1614 1485 1779 1570 opud
1802 1484 1969 1544 illum
1984 1504 2001 1560 ;
2044 1484 2161 1544 hoc
2188 1487 2324 1560 quia
2352 1487 2513 1540 manet

443 1584 604 1660 apud
634 1583 804 1644 illum
855 1587 918 1643 in
951 1591 1260 1645 aeternum
1277 1629 1294 1660 ,
1349 1587 1407 1644 si
1449 1585 1645 1645 factus
1686 1592 1780 1645 est
1824 1584 2163 1661 spiritualis
2206 1601 2313 1661 per
2344 1583 2509 1658 cogni·

443 1686 636 1744 tiones
688 1687 818 1744 veri
869 1691 929 1744 et
965 1683 1104 1744 boni
1153 1685 1493 1762 applicatas
1530 1687 1691 1746 vitae
1742 1688 1803 1745 in
1841 1685 2101 1761 mundo,
2164 1685 2297 1745 ideo
2342 1682 2512 1742 dicitur
2614 1683 2616 1686 ‘

443 1801 564 1841 non
605 1783 818 1844 delebo
854 1802 1070 1844 nomen
1107 1785 1240 1862 ejus
1277 1802 1312 1845 e
1346 1785 1499 1846 libro
1534 1785 1675 1860 illo;
1727 1788 1789 1844 ln
1836 1785 2061 1845 mundo
2098 1785 2333 1862 quidem
2364 1780 2513 1840 deleri
2616 1791 2618 1800 ·

365 1943 372 1950 ,
443 1888 664 1960 potest,
701 1886 757 1944 si
779 1883 956 1946 homo
993 1902 1110 1945 nou
1135 1895 1451 1962 permanet
1484 1886 1813 1963 spiritualis
1842 1902 2035 1961 usque
2076 1886 2153 1944 ad
2178 1886 2343 1944 finem
2368 1883 2511 1952 vitae,

70 2045 71 2048 ,
179 2061 185 2066 .
245 1990 408 2053 [201]
450 1982 646 2046 sedsi
679 1992 996 2061 permanet
1030 2003 1150 2045 non
1195 1986 1385 2047 deleri
1416 1992 1647 2063 potest,
1703 1989 1844 2062 quia
1892 1987 2250 2063 conjunctus
2296 1989 2382 2044 est
2408 1981 2511 2040 Do-

443 2085 600 2143 mino
636 2102 749 2160 per
792 2103 1052 2147 amorem
1103 2094 1163 2146 et
1195 2086 1402 2163 fidem,
1454 2093 1515 2146 et
1548 2088 1919 2165 conjunctio,
1976 2087 2179 2166 qualis
2228 2088 2285 2144 in
2330 2078 2511 2142 mundo

443 2184 558 2244 fuit
620 2201 757 2244 cum
811 2186 1102 2260 Domino,
1157 2195 1362 2246 manet
1418 2187 1717 2247 hominem
1776 2193 1917 2262 post
1970 2194 2257 2246 mortem:
2324 2201 2389 2244 ex
2438 2179 2543 2237 his·

443 2291 722 2346 constare
755 2293 991 2362 potest,
1041 2286 1200 2364 quod
1235 2305 1350 2364 per
1387 2286 1634 2348 Librum
1668 2290 1829 2348 vitae
1864 2287 2257 2364 intelligatur,
2296 2281 2435 2361 quod
2458 2296 2515 2336 ex

436 2382 694 2446 Domino
745 2387 1096 2466 inscriptum
1143 2395 1236 2446 est
1265 2387 1522 2448 hominis
1570 2390 1836 2465 spiritui,
1884 2387 1999 2447 hoc
2036 2394 2169 2462 est,
2228 2384 2379 2462 quod
2408 2380 2513 2456 ejus
2628 2419 2630 2422 ι

437 2485 602 2554 cordi
651 2493 712 2547 et
745 2490 1009 2557 animae,
1059 2503 1202 2560 seu,
1255 2488 1419 2564 quod
1462 2487 1623 2550 idem
1678 2495 1800 2562 est,
1858 2489 1989 2564 ejus
2038 2488 2231 2547 amori
2278 2492 2335 2545 et
2374 2479 2513 2551 fidon
2628 2557 2630 2564 Ι

437 2594 499 2648 ει
535 2588 696 2665 quod
743 2606 781 2647 a
813 2589 1072 2648 Domino
1123 2588 1471 2648 inscribitur
1518 2589 1772 2660 homini,
1830 2594 1923 2648 est
1976 2588 2235 2647 coelum.
2316 2585 2400 2644 Ex
2438 2579 2513 2638 bis

435 2706 596 2749 nunc
631 2695 830 2766 patet,
882 2688 1026 2766 quid
1059 2705 1171 2764 per
1204 2687 1449 2748 Librum
1482 2691 1645 2750 vitae
1678 2690 2031 2764 intelligitur
2064 2691 2130 2748 in
2164 2680 2515 2762 sequentibus

433 2787 528 2847 his
580 2789 760 2864 locis3
816 2788 1002 2866 apud⁴
1023 2788 1340 2848 Danielem
1410 2788 1783 2868 „Antiquue
1832 2787 2083 2849 dieram
2132 2783 2423 2856 comedit,
2467 2780 2515 2834 et

435 2885 626 2948 Libri
647 2888 857 2966 aperti
881 2891 1078 2948 sunt“
1116 2888 1265 2956 VII:
1305 2878 1429 2976 [9.]
1476 2892 1585 2965 10,
1630 2889 1791 2966 apud
1824 2888 2095 2948 Eundem
2152 2931 2192 2963 ,‚
2212 2881 2515 2965 Em‘pietur

424 2979 723 3064 populus,
765 2987 974 3048 omnis
1010 2987 1123 3066 qui
1161 2987 1515 3049 invenietur
1550 2989 1832 3068 scriptus
1868 2988 1939 3050 in
1980 2985 2231 3049 Libro“
2282 2982 2425 3046 XII:
2464 2982 2509 3036 12

435 3085 598 3162 apud
629 3085 926 3146 Davidem
984 3084 1393 3162 „Deleantur
1427 3107 1460 3147 e
1482 3087 1681 3150 Ldbro
1722 3089 2034 3162 vitan-um,
2088 3095 2151 3148 et
2186 3077 2513 3167 eumjuetiss

432 3203 558 3246 non
598 3185 1000 3247 scribantur‘·
1059 3187 1291 3247 Psalm:
1339 3189 1583 3250 LXIX:
1636 3193 1761 3248 29:
1808 3189 1971 3266 apud
2003 3189 2219 3248 Mosen
2269 3180 2513 3262 „Moses

433 3283 643 3360 dimit,
697 3283 834 3347 dele
866 3306 962 3346 me
999 3305 1228 3366 quaeso
1253 3307 1288 3345 e
1310 3285 1471 3350 libro
1506 3307 1684 3368 quem
1722 3288 2087 3369 sev-immi,-
2140 3294 2204 3348 ει
2226 3283 2396 3348 dimit
2418 3277 2507 3342 Je-

432 3384 637 3448 hovah
651 3431 668 3461 ,
723 3384 913 3448 illum
967 3386 1078 3468 qui
1119 3388 1403 3465 peccavit
1448 3387 1648 3464 M'ihi,
1702 3387 1909 3450 delebo
1962 3408 1997 3449 e
2028 3385 2230 3450 Libro
2240 3390 2277 3420 “
2338 3377 2509 3443 Exodz

432 3481 685 3548 XXXII
703 3510 718 3546 ε
763 3491 874 3548 32.
913 3490 1025 3548 33.
1061 3486 1135 3546 In
1161 3487 1536 3566 Apocalypsi
1590 3487 2015 3565 „Adorabunt
2042 3489 2308 3550 bestiam
2332 3494 2511 3544 omnm

429 3605 696 3667 quorum
727 3607 853 3648 non
877 3586 1122 3666 empta
1145 3587 1409 3650 nomina
1432 3589 1503 3649 in
1528 3587 1729 3650 Libro
1768 3589 1939 3650 vitae
1976 3588 2208 3668 Agmffl
2253 3583 2427 3646 xm:
2456 3579 2503 3635 8·

432 3687 591 3766 Cap:
643 3687 859 3748 XVII:
923 3691 996 3748 8:
1063 3685 1208 3746 alibi
1271 3729 1310 3762 ‚,
1335 3686 1493 3749 Vidi
1532 3688 1703 3767 quod
1737 3687 1929 3752 Lien-z·
1982 3689 2194 3769 aperti
2244 3685 2408 3754 sinn
2460 3679 2507 3735 et

425 3785 622 3850 Liber·
672 3784 848 3848 alius
898 3791 1162 3868 apertus
1225 3792 1320 3848 est
1371 3788 1484 3867 qui
1538 3793 1634 3848 eet
1694 3789 1893 3864 vitae,
1950 3793 2011 3848 et
2050 3784 2337 3871 judicati
2382 3779 2505 3841 sunt

427 3887 667 3950 mortui
709 3886 920 3970 juxta
991 3906 1067 3947 ea
1129 3905 1292 3964 quae
1341 3887 1589 3967 scripta
1638 3894 1790 3950 sunt
1849 3890 1920 3951 in
1954 3887 2154 3950 Libro
2200 3879 2505 3948 secundum

427 4003 617 4064 opera
654 3984 955 4059 illorum;
1005 3993 1066 4046 et
1097 3985 1163 4046 εἰ
1197 3987 1344 4066 quis
1382 4007 1507 4049 non
1544 3988 1837 4052 inventus
1888 3995 1985 4050 est
2029 3989 2101 4050 in
2136 3986 2328 4050 Libro
2363 3980 2503 4042 w'tff

423 4083 739 4160 smptus,
791 4085 1024 4165 ejectus
1078 4091 1174 4146 est
1225 4087 1297 4147 in
1341 4092 1649 4166 staynum
1686 4089 1912 4168 iynis“
1980 4081 2185 4166 Apoc:
2224 4085 2369 4148 XX:
2410 4079 2497 4136 12.

439 4181 467 4236 1
487 4181 545 4237 3.
591 4183 620 4237 1
643 4180 700 4237 5.
741 4181 902 4238 Alibi
939 4183 1134 4256 „Non
1160 4185 1601 4264 inyredz‘cmtur
1624 4188 1695 4248 in
1718 4186 1973 4249 Novam
1998 4182 2497 4266 Hierosolymm2
