2700 4792
312 367 552 425 CAPUT
589 367 1397 426 TERTIUM..
1612 381 1629 394 “
1688 365 1901 422 VEB&
1956 377 2007 428 9·
2162 379 2269 432 331

43 491 61 596 ’μ
165 525 400 590 multae
457 527 732 590 virtutes
783 524 1106 606 fecissem&
1181 529 1242 585 et
1297 531 1448 586 tunc
1504 525 1834 606 confitebor
1874 521 2045 600 illis,
2108 527 2277 606 quod

44 653 46 656 ’
162 647 482 707 nunquam
525 627 675 688 novi
717 645 826 686 voe
841 669 856 700 ‚
911 622 1218 686 diacedite
1253 644 1296 686 a
1330 623 1441 684 Me
1474 643 1685 685 omnes
1720 625 2000 704 operarii
2034 626 2277 705 iniqui·-

161 729 330 790 tatic.
399 727 630 790 Omwie
662 726 774 805 qai
806 725 997 786 audit
1029 743 1166 785 mea
1195 725 1407 801 verba,
1457 731 1519 784 et
1549 727 1725 806 facit
1764 743 1857 801 ea,
1902 725 2277 788 ‹ze-similabo

165 829 292 890 viro
307 825 646 908 prudenti,
687 826 802 905 qui
828 825 1194 906 aedificavit
1222 825 1481 886 domum
1506 845 1697 905 cuper
1710 830 1930 904 petra,
1974 832 2045 886 at
2070 829 2277 889 omnic

164 928 434 989 audie-ne
477 927 664 988 verba
701 945 846 986 ‘mea
887 930 946 985 et
989 944 1116 986 non
1139 925 1397 1004 faciens
1438 923 1585 1002 illa,
1640 923 2114 986 aecimilabitur
2139 928 2277 988 viro

161 1026 378 1104 stulto,
421 1028 540 1107 qui
563 1025 932 1107 aedificavit
972 1024 1230 1086 domum
1255 1044 1445 1105 super
1468 1028 1709 1086 arena“
1759 1025 1897 1084 VII:
1938 1029 2019 1084 19
2056 1026 2132 1084 ad
2162 1031 2197 1084 2
2216 1033 2247 1086 7
2258 1047 2274 1102 3

165 1128 254 1187 hic
293 1128 725 1188 describuntur
759 1126 850 1185 illi
897 1127 1000 1203 qui
1037 1128 1098 1184 in
1133 1125 1248 1184 fide
1304 1143 1379 1184 ex
1414 1125 1705 1184 charitate
1740 1131 1911 1193 sunt,
1966 1133 2027 1184 et
2062 1128 2165 1202 qui
2215 1128 2276 1184 in

163 1227 275 1287 fide
315 1235 380 1288 et
413 1230 480 1286 in
515 1227 686 1286 nulla
721 1227 1010 1286 charitate
1027 1245 1044 1300 3
1081 1225 1171 1284 illi
1207 1226 1309 1301 qui
1341 1227 1404 1283 in
1440 1225 1555 1284 fide
1595 1243 1671 1283 ex
1706 1224 1995 1285 charitate
2030 1243 2141 1302 per
2176 1243 2277 1284 ar·-

161 1327 364 1388 borem
411 1329 733 1388 facientem
781 1327 1014 1386 fructus
1065 1326 1288 1398 hence,
1337 1330 1399 1384 et
1444 1343 1555 1402 per
1591 1325 1829 1384 domum
1874 1342 2029 1399 quae
2065 1325 2275 1384 aedifi-

161 1435 324 1486 catur
377 1445 567 1504 super
614 1435 788 1502 petra
798 1446 814 1502 3
877 1428 1058 1484 etiam
1101 1426 1329 1486 fructus
1368 1425 1701 1502 significant
1744 1429 1805 1485 in
1842 1424 2045 1484 Verbo
2093 1442 2279 1500 opera

159 1527 467 1587 charitatis
489 1572 504 1601 ,
563 1533 625 1586 et
657 1533 832 1604 petra
863 1525 1042 1586 fidem
1077 1543 1154 1584 ex
1187 1525 1508 1584 charitate:
1562 1532 1625 1583 at
1656 1525 1745 1584 illi
1788 1527 1889 1602 qui
1921 1527 1983 1583 in
2014 1525 2133 1586 fide
2170 1541 2274 1585 se-

160 1634 379 1702 parata
407 1645 444 1685 a
473 1627 768 1686 charitate
805 1631 960 1700 sunt,
998 1625 1414 1702 intelliguntur
1447 1643 1561 1701 per
1586 1625 1857 1684 arborem
1894 1643 2012 1684 non
2047 1626 2276 1684 facien-

158 1734 272 1784 tem
307 1730 548 1786 fructus
584 1726 806 1798 hence,
866 1732 926 1784 et
978 1743 1089 1801 per
1125 1725 1511 1784 aedificantes
1563 1725 1802 1784 domum
1853 1743 2039 1802 super
2074 1742 2275 1799 arena,

161 1829 340 1885 etiam
380 1829 614 1885 fructus
652 1825 794 1884 mali
826 1828 888 1884 in
915 1824 1117 1885 Verbo
1154 1825 1489 1901 significant
1524 1843 1711 1902 opera
1747 1826 1934 1898 mala,
1990 1833 2050 1884 et
2096 1843 2282 1884 arena

161 1926 338 1986 fidem
374 1933 718 2002 separatam
757 1943 793 1983 a
829 1925 1136 1998 charitate,
1177 1926 1250 1982 de
1285 1925 1379 1983 his
1418 1925 1633 1984 dicitur
1682 1926 1842 2001 quod
1878 1926 2105 1997 dicturi,
2144 1926 2277 1984 Do-

159 2025 610 2086 mine'Domine
630 2069 644 2099 ,
701 2027 870 2102 aperi
901 2024 1102 2099 nobie,
1157 2025 1266 2084 sed
1302 2025 1461 2100 quod
1495 2042 1849 2101 responsum
1885 2026 2081 2099 laturi,
2120 2043 2278 2082 nun-

163 2145 340 2203 quam
373 2129 518 2186 novi
542 2141 672 2200 voe,
722 2126 1010 2185 discedite
1039 2143 1077 2182 a
1105 2126 1202 2184 Me
1241 2142 1446 2184 omnes
1484 2128 1744 2201 operarii
1778 2127 2123 2201 iniquitatis,
2180 2124 2279 2184 Si-

161 2227 380 2286 militer
421 2225 585 2303 apud
611 2227 836 2286 Lucam
874 2269 912 2300 „
927 2223 1176 2285 Certate
1207 2224 1455 2286 intrare
1476 2244 1599 2304 per
1624 2230 1973 2303 anquetam
2000 2230 2279 2304 portam,

159 2327 310 2405 quia
345 2324 545 2398 multi
567 2331 863 2405 quaerent
896 2325 1158 2396 intrare,
1195 2325 1309 2385 aed
1343 2344 1468 2384 non
1496 2330 1791 2402 poterunt
1808 2346 1828 2384 .·
1864 2343 1945 2384 ex
1980 2343 2099 2402 quo
2128 2345 2277 2385 sar-

158 2428 398 2488 rexerit
444 2423 974 2507 Pata-familiae,
1031 2430 1093 2485 et
1135 2423 1467 2486 occluserit
1521 2425 1789 2495 ostium,
1837 2429 1896 2482 et
1945 2425 2277 2502 coeperitis
2373 2486 2383 2498 ‚

150 2527 330 2605 soria
365 2532 558 2600 stou-e,
599 2533 659 2586 et
685 2523 955 2605 pulsare
995 2527 1261 2598 octium,
1307 2523 1609 2599 dicente-9,
1650 2523 1935 2584 Domine
1973 2522 2277 2592 Domine,

161 2626 350 2704 aperi
377 2627 566 2703 nobie,
606 2626 720 2688 aed
751 2625 1136 2706 responden-9
1171 2625 1374 2694 dicet,
1414 2643 1539 2685 non
1571 2624 1721 2684 novi
1747 2641 1857 2682 vos
1890 2621 2058 2682 unde
2092 2621 2275 2692 εἰᾶθ’,-

161 2732 310 2788 tunc
345 2726 670 2808 incipietis
705 2726 927 2797 dicere,
979 2726 1230 2797 edimus
1265 2743 1479 2786 coram
1518 2724 1609 2786 Te
1642 2731 1703 2786 et
1752 2721 2055 2794 bibimue,
2104 2725 2163 2780 et
2205 2721 2277 2780 in

152 2825 392 2905 plateis
425 2829 669 2889 nostrie
705 2826 1016 2897 docuisti,
1051 2802 1166 2901 aed
1200 2826 1385 2898 dicet,
1420 2825 1561 2886 dico
1598 2825 1786 2895 vobis,
1824 2841 1949 2884 non
1980 2821 2131 2882 novi
2166 2839 2277 2883 voa

162 2928 324 2988 unde
351 2928 525 2998 aitis,
560 2925 869 2988 discedite
897 2947 938 2988 a
963 2909 1072 2986 Me
1098 2945 1309 2987 omnes
1333 2927 1617 3006 opera-rii
1640 2923 2010 3004 iniquitati-s·
2020 2925 2057 2956 ‘
2099 2922 2274 2982 XIII:

168 3031 274 3087 24.
319 3030 430 3088 25.
481 3032 592 3088 26.
642 3033 752 3103 273
811 3031 993 3087 etiam
1027 3028 1124 3086 hic
1161 3030 1358 3104 agitur
1395 3027 1467 3086 de
1504 3027 1623 3086 illis
1660 3029 1763 3104 qui
1795 3027 1856 3084 in
1887 3025 2004 3084 fide
2040 3031 2181 3083 sunt
2216 3031 2279 3082 et

162 3145 276 3187 non
308 3131 374 3186 in
409 3129 698 3188 charitate
719 3173 734 3202 ,
783 3128 857 3188 de
896 3128 1110 3204 quibus
1148 3128 1363 3186 dicitur
1402 3126 1563 3203 quod
1595 3128 1737 3185 foris
1775 3126 2017 3185 stabunt
2057 3125 2273 3202 pulsa-

161 3231 275 3286 turi
303 3232 543 3303 ostium,
581 3229 688 3288 sed
727 3228 888 3304 quod
913 3245 1032 3286 non
1069 3227 1479 3294 admittentur:
1520 3227 1699 3286 edere
1738 3233 1797 3286 et
1831 3225 2036 3286 bibere
2074 3242 2276 3284 coram

159 3327 415 3387 Domino
451 3346 524 3387 ac
559 3331 622 3386 in
655 3328 874 3405 plateis
913 3329 1142 3411 doceri,
1207 3327 1503 3404 significat
1540 3327 1805 3386 Verbum
1858 3334 1919 3386 et
1951 3326 2273 3402 praedica·-

160 3430 351 3486 tiones
387 3447 462 3487 ex
499 3427 704 3488 Verbo
741 3427 948 3488 audire
986 3413 1046 3487 et
1081 3429 1236 3509 scire
1279 3445 1433 3504 quae
1470 3427 1611 3487 fidei
1646 3433 1837 3500 erunt,
1894 3426 2000 3484 sed
2040 3427 2180 3500 quia
2214 3425 2274 3480 in

157 3527 321 3586 nulla
361 3528 651 3587 charitate
688 3535 858 3602 sunt,
899 3531 986 3587 eis
1027 3528 1242 3586 dicitur
1277 3546 1393 3586 non
1432 3530 1569 3586 novi
1604 3545 1709 3586 vos
1748 3525 1904 3584 unde
1944 3526 2103 3596 sitiS,
2145 3521 2273 3578 dis-

159 3628 392 3698 cedite,
435 3647 570 3686 nam
617 3646 654 3686 a
681 3630 940 3688 Domino
990 3643 1195 3687 omnes
1239 3633 1567 3686 noscuntur
1604 3645 1677 3684 ex
1716 3641 1913 3684 amore
1954 3629 2013 3680 et
2048 3637 2165 3678 non
2202 3636 2277 3678 ex

157 3725 274 3786 fide
301 3736 604 3804 separata.
645 3727 850 3790 Simile
883 3729 1233 3804 intelligitur
1259 3747 1378 3806 per
1400 3724 1668 3803 quinque
1692 3722 1973 3802 vimine-s
2010 3717 2269 3793 stultae,
2314 3736 2475 3797 [221]

154 3845 312 3904 quae
351 3846 478 3888 non
512 3827 815 3890 habebam
853 3826 1056 3890 oleum
1101 3828 1174 3889 in
1212 3823 1619 3904 lampadibus
1632 3867 1649 3897 ,
1705 3822 1783 3882 de
1826 3821 2047 3899 quibus
2082 3819 2277 3878 etiam

153 3925 415 4000 dicitur,
471 3927 640 4008 quod
697 3975 732 4006 „
753 3929 1032 3990 venerint
1083 3926 1357 3988 dicentes
1409 3922 1689 3983 Domine
1731 3919 2043 3992 Domine,
2096 3917 2278 3998 apem·

152 4027 365 4098 nobie,
415 4034 488 4088 at
521 4029 674 4108 Ipse
709 4029 1076 4108 respondit,
1118 4045 1302 4088 amen
1339 4024 1481 4085 dico
1522 4022 1727 4094 vobis,
1776 4040 1901 4082 mm
1934 4019 2083 4082 novi
2117 4020 2274 4080 v03“

151 4126 380 4187 Matth:
433 4129 639 4189 XXV:
693 4133 722 4189 1
769 4130 846 4188 ad
891 4133 1013 4189 12:
1068 4146 1181 4206 per
1217 4127 1497 4204 Virgines
1532 4126 1593 4183 in
1628 4123 1833 4182 Verbo
1870 4123 2279 4200 significantur

153 4226 238 4287 illi
276 4231 378 4306 qui
415 4229 491 4289 ab
527 4230 837 4307 Ecclesia3
879 4248 990 4308 per
1023 4228 1336 4306 lampades
1372 4226 1479 4286 illa
1518 4242 1673 4303 quac
1707 4224 1846 4285 fidei
1882 4232 2041 4296 sunt,
2082 4230 2140 4283 et
2165 4239 2278 4298 per
