2700 4792
295 328 590 389 CAPUT
631 327 996 396 QUARTUM.
1740 325 1949 384 VEB&
1990 341 2046 392 7.
2202 341 2309 397 481

127 502 394 555 terram
410 535 434 562 ‚
501 505 658 567 quae
691 489 998 567 redigetur
1041 491 1102 549 in
1135 488 1515 550 solitudinem
1532 533 1547 561 ,
1600 489 1971 567 significatur
2002 490 2310 570 Ecclesia,

129 595 288 656 inde
335 597 578 672 patet,
633 590 778 668 quid
809 589 1176 668 significatur
1223 605 1336 668 per
1368 604 1681 650 removere
1716 590 2046 661 hominem,
2100 599 2161 651 et
2203 609 2315 671 per

133 694 601 772 multiplicare
638 691 882 750 deserta
913 693 975 750 in
1010 689 1204 750 medio
1240 696 1439 750 terrae
1453 710 1471 764 3
1526 689 1831 750 desertum
1882 691 2181 768 significat
2214 694 2321 774 ubi

137 813 272 856 non
313 795 578 854 bonum
613 793 753 868 quia
775 809 897 851 non
921 807 1150 852 verum.
1201 788 1385 867 Apud
1408 789 1676 850 Eundem
1714 789 2021 866 „Rarum
2048 789 2321 854 reddam

142 895 394 956 virum
453 890 774 953 hominem
820 909 986 972 prae
1021 907 1184 952 auro
1223 909 1394 970 puro
1413 935 1429 964 ,
1494 894 1557 950 et
1605 888 1917 950 hominem
1956 909 2121 971 prae
2155 907 2333 954 auro·

141 993 442 1074 ophim-2⁸8
454 995 498 1026 “
553 991 741 1052 XIII:
787 994 816 1050 1
835 995 905 1067 23
957 1007 1069 1069 per
1099 993 1294 1050 virum
1341 991 1641 1051 hominem
1688 989 2055 1066 significatur
2086 991 2314 1053 intelli-

149 1096 410 1172 gentia,
459 1098 524 1152 et
555 1109 668 1169 per
692 1091 992 1152 hominem
1027 1093 1341 1168 sapientia,
1398 1107 1553 1168 quae
1590 1090 1750 1167 quod
1782 1097 2134 1151 cessaturae
2168 1094 2309 1168 sint,
2354 1087 2513 1150 [317]

149 1195 568 1272 significatur
603 1209 714 1270 per
747 1193 906 1269 qued
939 1190 1266 1252 reddentur
1298 1193 1447 1250 rai-it
1500 1190 1895 1269 intelligentia
1928 1191 2317 1271 distinguitur

160 1313 202 1352 a
227 1294 566 1372 sapientia
591 1309 702 1368 per
726 1292 804 1368 id,
843 1291 1004 1370 quod
1036 1291 1431 1368 intelligentia
1465 1293 1543 1350 sit
1565 1291 1909 1352 intellectus
1936 1294 2080 1368 veri,
2119 1292 2318 1370 qualis

161 1400 266 1454 est
305 1393 632 1472 spirituali
666 1393 918 1467 homini,
975 1398 1036 1452 et
1089 1393 1391 1467 sapientia
1442 1390 1783 1452 intellectus
1817 1392 1947 1450 veri
1992 1391 2185 1470 qualis
2222 1399 2319 1454 est

167 1494 455 1554 coelesti
491 1491 741 1567 homini,
780 1493 960 1570 hujus
994 1491 1335 1552 intellectus
1376 1497 1471 1552 est
1504 1509 1581 1551 ex
1611 1492 1919 1551 voluntate
1952 1491 2121 1568 boni3
2174 1491 2316 1552 inde

167 1600 360 1668 patet
399 1591 550 1670 quid
582 1609 693 1670 per
717 1594 908 1652 virum
931 1592 1249 1666 hominem,
1289 1599 1350 1650 et
1381 1591 1523 1669 quid
1548 1609 1659 1668 per
1684 1592 1985 1652 hominem
2016 1591 2100 1652 ibi
2126 1595 2317 1671 signi-

173 1691 427 1754 fleatur.
484 1692 668 1770 Apud
701 1691 972 1752 Eundem
1011 1689 1440 1768 „Exurentur
1460 1689 1849 1752 habitatores
1878 1695 2099 1770 tem-ae,
2128 1697 2190 1753 et
2212 1711 2316 1754 re-

179 1787 396 1854 lictus
434 1792 557 1853 erit
593 1791 776 1852 homo
819 1811 1016 1854 ramus
1035 1795 1072 1826 “
1128 1791 1365 1852 XXIV:
1424 1795 1497 1870 ὃς
1548 1810 1659 1870 per
1702 1792 2071 1854 habitatores
2116 1801 2319 1854 terrae

187 1881 610 1969 significantur
635 1892 794 1952 bona
820 1892 1148 1968 Ecclesiae;
1187 1910 1340 1969 quae
1370 1896 1538 1954 exuri
1566 1894 1845 1954 dicuntur
1879 1893 2116 1971 quando
2146 1911 2318 1954 amo·-

189 2007 296 2050 res
333 1996 436 2055 sui
495 2000 558 2054 et
591 1993 796 2052 mundi
841 2011 1094 2071 regnare
1139 1995 1465 2070 incipiunt3
1521 1993 1681 2070 quod
1730 2001 1873 2054 tunc
1920 1994 2153 2054 affectio
2189 1995 2319 2054 veri

197 2093 530 2166 spiritualis
569 2100 631 2154 et
663 2093 802 2153 inde
839 2095 1136 2170 sapientia
1171 2099 1487 2152 cessatura
1520 2095 1619 2162 sit,
1666 2091 2035 2171 significatur
2068 2112 2177 2171 per
2212 2109 2315 2154 re-

195 2188 384 2250 lictus
417 2196 528 2253 erit
557 2194 734 2253 homo
770 2211 962 2253 rarus.
1017 2193 1198 2270 Apud
1231 2192 1499 2252 Eundem
1541 2191 1989 2266 „Devastatae
2027 2198 2178 2256 sunt
2210 2211 2314 2254 se-

211 2286 438 2365 mitae,
488 2293 758 2354 cessavit
801 2294 1123 2355 transiens
1169 2292 1370 2367 viam,
1424 2290 1689 2353 irritum
1732 2291 2027 2356 reddidit
2054 2291 2319 2375 foedus,

204 2381 544 2460 fastidivit
579 2395 787 2467 urbes,
832 2412 959 2456 mm
991 2397 1245 2475 reputat
1277 2390 1634 2453 hominm“
1673 2393 1988 2454 xxm:
2033 2397 2093 2470 ες
2132 2396 2318 2454 etiam

215 2482 300 2543 ibi
335 2491 524 2566 agitur
567 2493 638 2554 de
673 2497 1008 2555 vastatione
1042 2495 1351 2555 Ecclesiae
1368 2513 1384 2569 3
1445 2497 1695 2554 semitae
1746 2511 1901 2570 quae
1938 2491 2311 2568 devastatae,

209 2591 272 2642 et
307 2592 596 2654 transiens
643 2598 800 2655 viam
851 2598 954 2673 qui
1001 2598 1293 2668 cessavit,
1348 2594 1647 2672 significat
1694 2595 1852 2672 quod
1898 2597 2017 2653 non
2050 2592 2314 2668 amplius

205 2683 362 2750 bona
393 2700 456 2754 et
491 2711 636 2754 vera
669 2713 825 2772 quae
875 2685 1102 2756 ducunt
1136 2696 1212 2756 ad
1249 2695 1534 2771 Ocelum,
1586 2695 1801 2755 foedus
1863 2691 2023 2771 quod
2082 2694 2315 2754 irritum

205 2788 458 2854 reddidit
489 2795 786 2873 significat
831 2796 1305 2873 conjunctionem
1366 2802 1505 2856 tunc
1564 2795 1790 2854 nullam
1852 2811 1988 2855 cum
2021 2793 2311 2870 Domino;

205 2888 488 2954 fastidivit
518 2895 702 2956 urbes
747 2895 1044 2974 significat
1089 2897 1250 2972 quod
1294 2902 1586 2973 respuant
1618 2895 1999 2970 Doctrinam3
2053 2910 2174 2954 non
2206 2909 2311 2954 re-

205 2997 372 3064 putat
403 2995 706 3054 hominem
741 2995 1034 3073 significat
1088 2995 1248 3074 quod
1282 2997 1449 3056 nihili
1482 2997 1661 3056 faciat
1696 2997 2075 3073 sapientiam.
2130 2993 2315 3073 Apud

203 3089 524 3154 Jeremiam
561 3138 600 3170 „
623 3091 780 3157 Vidi
797 3101 1035 3157 terram
1059 3115 1201 3158 oum
1233 3114 1363 3157 ecce
1386 3114 1657 3158 vacuum
1680 3101 1741 3158 et
1764 3094 1969 3172 inane,
2006 3100 2069 3158 et
2090 3111 2315 3157 vers-us

203 3190 392 3255 coelos
428 3199 491 3255 et
515 3212 640 3256 non
663 3191 784 3258 lux
809 3215 1026 3258 eorum
1037 3217 1066 3269 ;
1106 3195 1248 3257 vidi
1281 3215 1425 3258 cam
1456 3215 1587 3258 ecce
1618 3215 1745 3258 non
1775 3195 1977 3268 homo,
2016 3202 2079 3258 et
2102 3211 2314 3258 omnes

206 3308 346 3355 aves
373 3291 548 3356 O'oeli
571 3292 957 3358 avolas-anst
997 3297 1107 3358 IV:
1142 3300 1252 3358 23.
1291 3301 1326 3357 2
1345 3299 1378 3358 5
1393 3318 1410 3374 3
1467 3297 1627 3376 quod
1659 3297 1757 3358 hic
1794 3315 1913 3356 non
1946 3297 2314 3374 intelligatur

205 3395 362 3455 terra
395 3395 558 3473 quod
589 3396 696 3456 illa
727 3414 926 3457 vacua
961 3405 1022 3458 et
1053 3399 1266 3473 inanis,
1304 3415 1417 3459 nec
1447 3398 1608 3476 quod
1636 3395 1805 3456 Coeli
1833 3397 1995 3472 quod
2025 3396 2166 3455 inde
2190 3411 2313 3454 nen

204 3488 330 3570 lux,
385 3511 498 3556 nec
533 3497 696 3574 quod
727 3500 790 3558 in
823 3501 986 3559 terra
1019 3515 1138 3560 non
1170 3498 1381 3573 homo,
1436 3504 1499 3559 et
1533 3495 1691 3573 quod
1728 3511 1933 3556 omnes
1970 3510 2119 3555 aves
2154 3493 2311 3554 coeli

206 3594 599 3672 avolaverint,
636 3603 836 3675 patet3
890 3599 1036 3676 quid
1069 3605 1268 3659 autem
1303 3598 1671 3675 intelligitur,
1726 3613 1843 3656 non
1878 3592 2119 3654 aliunde
2156 3609 2305 3652 con-

207 3697 354 3754 stare
389 3702 594 3771 potest
625 3715 806 3775 quam
841 3716 878 3758 a
911 3714 1097 3760 sensu
1129 3699 1427 3777 spirituali
1460 3696 1681 3770 Verbi,
1730 3699 1793 3758 in
1826 3695 1929 3756 illo
1966 3710 2151 3756 sensu
2194 3709 2309 3771 per

209 3795 416 3854 terram
449 3797 818 3873 significatur
851 3798 1151 3874 Ecclesia,
1209 3799 1369 3877 quod
1403 3816 1661 3860 vacuum
1693 3804 1755 3859 et
1786 3800 1962 3858 inane
1995 3795 2080 3855 ibi
2112 3795 2303 3871 signi-

208 3887 403 3953 ficatur
451 3896 614 3972 quod
654 3899 716 3956 in
760 3897 1038 3960 Ecclesia
1093 3915 1214 3959 non
1267 3899 1491 3958 bonum
1550 3905 1612 3960 et
1651 3917 1891 3976 verum3
1940 3913 2051 3976 per
2086 3891 2304 3954 Coeles

209 3989 300 4053 ubi
329 4010 448 4055 non
481 3995 588 4056 lux
622 3998 1034 4075 significantur
1066 3999 1355 4058 interiora
1389 4001 1605 4058 mentis
1642 3998 1899 4061 hominus
1916 4041 1935 4074 ,
1974 4011 2129 4076 quae
2165 3997 2307 4054 sunt

211 4095 576 4171 receptacula
607 4098 762 4160 lucis
799 4097 996 4174 Coeli,
1034 4099 1142 4158 lux
1175 4115 1332 4175 quae
1366 4113 1489 4157 non
1520 4097 1605 4156 ibi
1642 4104 1737 4157 est
1761 4099 2051 4158 Divinum
2074 4095 2307 4156 Verum

213 4195 262 4250 et
289 4194 420 4255 inde
455 4200 784 4275 sapientia,
842 4215 1025 4276 quare
1061 4198 1274 4258 dicitur
1306 4197 1429 4262 vidi
1476 4204 1537 4257 et
1586 4213 1727 4258 ecce
1774 4213 1893 4257 non
1927 4198 2140 4270 homc;
2194 4209 2305 4271 pet

300 4307 722 4366 Swedenbfiorg.
766 4312 956 4367 Apoeal.
987 4303 1100 4368 expl.
1133 4314 1167 4354 1.
1901 4299 1981 4356 31
