2700 4792
417 356 523 408 152
835 343 1324 408 APOCALYPSIS
1368 345 1800 406 EXPLICATA.
1880 349 1927 417 §.
1968 355 2093 411 118-

413 501 778 564 desidorium
813 519 1020 560 eorum
1055 501 1417 562 describitur
1440 519 1555 580 per
1588 503 1751 581 quod
1780 503 1989 581 lingua
2022 521 2231 564 eorum
2272 509 2373 566 siti
2402 506 2499 566 de·-

411 603 575 664 fieiat
589 644 606 676 ,
673 608 734 660 et
785 600 1150 662 abundantia
1201 620 1383 679 qnam
1428 601 1715 677 habituri,
1780 621 1892 680 per
1954 605 2117 682 quod
2170 609 2503 683 aperientur

411 703 576 762 fluvii
623 717 810 779 super
869 701 1070 776 clivis,
1137 710 1198 762 et
1243 703 1438 762 sontes
1499 706 1560 763 in
1614 705 1813 764 medio
1864 703 2131 764 vallium.
2232 705 2355 783 Qui
2396 724 2505 766 non

413 805 628 874 sciunt,
667 801 826 880 quod
861 819 972 878 per
1003 801 1242 862 Divites
1279 802 1691 879 significentur
1714 803 1805 864 illi
1830 807 1935 880 qui
1964 803 2237 866 Verbum
2270 807 2501 878 habent,

415 911 476 964 et
515 902 652 962 inde
686 905 748 961 in
795 902 1226 978 cognitionibus
1261 906 1394 963 veri
1446 909 1509 962 et
1556 904 1699 964 boni
1730 911 1989 981 possunt
2022 922 2190 981 esse,
2260 913 2322 966 et
2356 907 2503 984 quod

413 1021 525 1080 per
568 1019 874 1080 pauperes
921 1003 1328 1081 significentur
1379 1003 1466 1064 illl
1514 1007 1621 1086 qui
1668 1021 1787 1064 non
1830 1003 2057 1064 habent
2098 1004 2403 1081 Verbum,
2454 1014 2507 1065 et

411 1121 604 1180 nsque
641 1101 986 1163 desiderant
1019 1121 1192 1178 vera,
1247 1121 1367 1163 non
1402 1103 1578 1164 aliter
1612 1107 1807 1164 sciunt
1844 1095 2021 1182 quam
2058 1105 2219 1182 quod
2252 1124 2366 1184 per
2399 1107 2501 1166 Di·

411 1206 626 1276 vitem,
703 1203 862 1262 Luc:
931 1202 1116 1262 XVI:
1181 1207 1210 1262 l
1231 1206 1266 1262 9
1325 1221 1465 1279 seq:
1534 1206 1637 1280 qui
1694 1204 2053 1264 induebatur
2118 1224 2397 1283 purpura
2452 1213 2503 1266 et

409 1304 630 1380 bysso,
669 1303 1079 1379 intelligantur
1115 1301 1332 1364 divites
1370 1307 1431 1362 in
1460 1303 1711 1379 mundo,
1768 1312 1829 1364 et
1853 1321 1965 1381 per
1998 1323 2335 1384 pauperem
2370 1325 2503 1383 pro-

403 1404 636 1482 jectum
693 1403 772 1462 ad
823 1403 1188 1462 vestibulum
1239 1405 1401 1481 ejus,
1470 1411 1530 1463 et
1590 1405 1972 1465 desiderabat
2024 1409 2287 1466 saturari
2346 1409 2503 1466 micis

413 1521 568 1582 quae
605 1503 902 1564 cadebant
951 1521 1027 1564 ex
1079 1520 1288 1564 mensa
1335 1505 1563 1578 divitie,
1626 1499 2030 1582 intelligantur
2086 1523 2403 1584 pauperes
2450 1510 2503 1566 in

411 1602 631 1664 mundo
645 1625 663 1680 3
715 1603 826 1663 sed
865 1621 978 1680 per
1012 1603 1278 1664 Divitem
1321 1603 1405 1663 ibi
1438 1604 1787 1682 intelligitur
1826 1605 1991 1666 Gens
2027 1605 2069 1664 J
2072 1606 2308 1681 udaica,
2352 1625 2499 1683 quae

361 1701 368 1708 “
411 1703 674 1764 habebat
718 1703 1020 1773 Verbum,
1097 1710 1160 1762 et
1209 1707 1405 1781 potuit
1456 1704 1595 1766 inde
1662 1707 1724 1764 in
1772 1706 2205 1781 cognitionibus
2270 1711 2405 1766 veri
2454 1714 2505 1766 et

411 1803 554 1864 boni
595 1819 748 1880 esse,
787 1811 849 1863 et
873 1823 988 1880 per
1021 1821 1354 1882 pauperem
1392 1805 1477 1864 ibi
1508 1805 1921 1882 intelliguntur
1952 1811 2163 1882 gentes
2200 1825 2363 1884 quae
2398 1825 2506 1867 non

411 1901 716 1962 habebant
767 1904 1034 1984 Verbum
1050 1949 1068 1980 ,
1122 1911 1184 1964 et
1229 1911 1432 1964 tamen
1482 1905 1907 1965 desiderabant
1952 1907 2327 1984 cognitiones
2376 1911 2503 1968 veri

415 2009 479 2064 et
511 2003 680 2078 boni3
733 2003 894 2080 qnod
927 2004 1095 2064 dives
1133 2005 1506 2065 describatur
1538 2023 1649 2082 per
1686 2006 1845 2081 quod
1878 2005 2119 2066 indutus
2158 2014 2327 2066 esset
2360 2026 2503 2084 pur-

413 2119 568 2180 pura
603 2109 664 2163 et
694 2103 896 2180 bysso,
939 2111 1071 2164 erat
1105 2108 1248 2182 quia
1278 2123 1551 2184 purpura
1582 2104 1879 2182 signifieat
1910 2108 2230 2182 genuinum
2268 2107 2501 2180 bonum,

413 2221 485 2262 n:
547 2203 770 2278 94673
823 2211 883 2263 et
931 2204 1152 2282 byssus
1205 2208 1528 2282 genuinum
1578 2223 1823 2281 verum,
1890 2224 1961 2265 nt
2024 2207 2234 2266 5319.
2296 2211 2502 2268 9469.

421 2303 634 2364 9596.
683 2305 894 2380 9744,
949 2311 1266 2383 utrumque
1307 2324 1382 2366 ex
1417 2306 1620 2366 Verbo
1632 2326 1648 2381 3
1704 2311 1768 2364 et
1804 2305 1965 2382 quod
1996 2323 2237 2384 pauper
2278 2307 2502 2368 deseri-

217 2412 374 2478 [107]
413 2404 592 2464 batur
623 2421 734 2482 per
770 2405 930 2482 quod
963 2406 1267 2483 projectus
1305 2413 1468 2466 esset
1500 2405 1579 2464 ad
1613 2405 1979 2466 vestibulum
2014 2406 2245 2482 divitis,
2306 2414 2369 2468 et
2402 2409 2503 2468 de·-

413 2506 708 2566 sideraret
743 2507 1004 2564 saturari
1037 2509 1207 2566 micis
1245 2523 1401 2582 quae
1438 2506 1723 2566 caderent
1758 2523 1789 2565 e
1826 2523 2037 2567 mensa
2084 2507 2317 2582 div-itis,
2384 2515 2503 2567 erat

413 2609 553 2684 quia
589 2606 802 2684 projici
843 2606 920 2664 ad
958 2606 1324 2666 vestibulum
1364 2612 1495 2666 erat
1536 2606 1733 2684 rejici,
1788 2623 1861 2666 ae
1894 2608 2121 2683 privari
2153 2607 2417 2668 lectione
2452 2614 2504 2668 et

409 2707 720 2769 intellectu
755 2703 974 2782 Verbi,
1015 2711 1078 2766 et
1109 2707 1267 2766 velle
1304 2708 1563 2766 saturari
1596 2707 1767 2764 micis
1806 2723 1881 2767 ex
1908 2723 2119 2766 mensa
2158 2706 2384 2779 divitis,
2420 2714 2501 2768 est

411 2807 758 2866 desiderare
808 2805 1011 2882 aliqua
1055 2823 1202 2865 vera
1247 2805 1418 2881 inde,
1470 2824 1606 2864 nam
1657 2805 1824 2865 cibus
1878 2807 2174 2883 signifieat
2212 2807 2321 2868 illa
2356 2825 2499 2886 quae

411 2913 551 2966 sunt
587 2905 902 2979 scientiae,
953 2905 1385 2982 intelligentiae
1422 2912 1483 2966 et
1516 2907 1849 2983 sapientiae
1866 2950 1883 2981 ,
1932 2908 1995 2966 in
2029 2923 2250 2982 genere
2286 2909 2499 2970 bonum

411 3013 473 3064 et
521 3021 760 3080 verum,
815 3023 890 3064 n:
950 3009 1163 3067 3114.
1206 3007 1420 3066 4459.
1474 3008 1687 3064 4792.
1748 3008 1955 3065 5147.
2018 3008 2229 3066 5293.
2296 3009 2498 3069 5340.

419 3106 630 3164 5342.
675 3105 882 3165 5410.
943 3109 1152 3166 5426.
1209 3107 1418 3165 5576.
1484 3105 1691 3164 5582.
1754 3106 1966 3165 55883
2028 3107 2239 3166 5655.
2286 3110 2494 3168 8562.

419 3206 640 3282 90035
696 3213 756 3265 et
793 3224 1004 3266 mensa
1039 3206 1334 3280 signifieat
1380 3205 1827 3282 receptaculum
1864 3223 2103 3277 earum,
2154 3224 2233 3264 n:
2294 3209 2499 3268 9527.

411 3303 567 3382 Quia
600 3323 837 3385 pauper
871 3308 932 3362 in
967 3303 1264 3364 desiderio
1297 3305 1401 3365 illo
1438 3310 1598 3375 erat,
1652 3303 1812 3380 quod
1844 3304 2005 3364 idem
2050 3313 2143 3364 est
2178 3323 2319 3366 eum
2354 3308 2495 3366 affe-

409 3407 602 3466 ctione
639 3409 766 3466 veri
807 3403 1133 3481 spirituali,
1193 3405 1330 3464 ideo
1370 3405 1445 3466 de
1480 3421 1553 3464 eo
1590 3404 1836 3475 dicitur,
1896 3405 2059 3482 quod
2101 3407 2379 3466 sublatus
2428 3409 2497 3466 sit

408 3505 485 3566 ab
521 3505 772 3583 Angelis
809 3505 870 3560 in
907 3501 1110 3564 Sinum
1157 3505 1517 3580 Abrahami,
1578 3521 1690 3581 per
1728 3505 1887 3580 quod
1938 3504 2312 3580 significatur
2349 3504 2499 3584 quod

407 3609 469 3664 in
504 3612 730 3666 statum
775 3602 1108 3679 angelicum
1137 3605 1336 3682 quoad
1358 3605 1811 3682 intelligent-iam
1841 3612 1901 3664 et
1928 3607 2303 3681 sapientiam,
2342 3608 2499 3666 sinus

405 3703 738 3766 Abrahami
775 3707 868 3762 est
909 3702 1192 3764 Divinum
1241 3703 1469 3764 Verum
1522 3704 1682 3780 quod
1724 3706 1784 3764 in
1836 3702 2048 3776 Coelo,
2103 3709 2206 3780 qui
2254 3708 2413 3766 enim
2443 3706 2497 3762 in

404 3805 510 3866 illo
567 3809 739 3873 sunt,
795 3801 956 3880 apud
1001 3803 1324 3864 Dominum
1376 3811 1517 3864 sunt
1528 3824 1545 3880 3
1626 3805 1785 3880 quod
1834 3801 2139 3863 Abraham
2186 3807 2248 3863 in
2301 3805 2497 3865 Verbo

405 3902 699 3980 significet
726 3902 1076 3979 Dominum,
1116 3904 1393 3963 videatur
1426 3923 1493 3962 n:
1536 3907 1750 3963 2010.
1791 3905 2001 3964 2833.
2038 3906 2254 3965 2836.
2290 3905 2492 3965 3245.

411 4001 624 4063 3251.
680 4004 891 4063 3305.
951 4005 1164 4064 3439.
1223 4005 1434 4064 3703.
1492 4005 1701 4064 6098.
1760 4004 1968 4062 6185.
2034 4006 2243 4063 6276.
2292 4004 2489 4064 6804.

327 4121 337 4128 ·
401 4104 620 4162 6847.
702 4101 908 4164 Simile
941 4103 1102 4180 quod
1134 4122 1248 4180 per
1288 4104 1560 4178 divitem,
1600 4109 1662 4162 et
1696 4121 1808 4180 per
1848 4119 2181 4180 pauperem
2226 4106 2490 4164 esurien-

399 4208 522 4264 tem
579 4203 685 4278 ibi,
741 4203 1112 4280 significatur
1163 4220 1272 4278 per
1327 4203 1543 4261 divites
1593 4210 1652 4260 et
1698 4203 2032 4268 esurientos
2070 4203 2233 4281 apud
2280 4202 2489 4262 Lucam
