2700 4792
439 344 550 398 186
819 331 1318 390 APOCALYPSIS
1361 333 1795 396 EXPLICATA.
1876 334 1923 403 §2
1969 342 2099 398 141.

2620 319 2622 418 ἱ

437 495 514 556 de
576 493 884 554 voluntate
941 499 1002 552 et
1059 492 1371 554 intellectu
1429 493 1748 554 videantur
1806 497 1867 553 in
1932 495 2261 554 Duo-rann
2314 493 2491 556 Nom
2536 529 2541 535 ·
2602 423 2623 532 1

436 594 922 656 Ηιιιιιοεοιῖκᾼι
977 613 1044 654 n:
1099 597 1188 652 28
1221 594 1298 653 ad
1330 587 1443 654 362

649 696 733 752 14
753 698 808 752 1.
879 695 1072 754 Edere
1107 693 1441 773 idolothyta
1492 703 1554 756 et
1603 697 1885 769 scortari,
1950 695 2117 771 quod
2152 694 2419 772 significet
2446 702 2501 752 ut

437 795 708 854 imbuant
741 794 900 854 mala
943 802 1002 854 et
1047 795 1186 855 inde
1225 795 1382 854 salsa
1398 841 1415 872 ,
1472 803 1707 856 constat
1744 813 1820 855 ex
1870 795 2303 873 significatione
2336 795 2501 866 edere,

440 895 602 974 quod
635 897 716 954 sit
761 898 1154 972 appropriare
1193 894 1308 956 sibi
1364 904 1427 956 et
1470 898 1833 971 consociari,
1889 896 1963 956 de
2014 915 2140 974 qua
2189 915 2261 956 n:
2325 899 2499 956 2187.

443 997 657 1056 2343.
703 997 916 1056 3168.
958 998 1166 1056 3513.
1219 997 1427 1056 5643.
1466 1000 1679 1067 8001,
1732 1000 1817 1056 ita
1856 1013 2101 1073 quoque
2136 997 2417 1072 imbuere3
2446 1013 2504 1054 ex

439 1095 872 1173 significatione
915 1095 1379 1173 idolothytorum
1397 1143 1411 1168 ,
1454 1115 1608 1174 quae
1646 1103 1785 1158 sunt
1814 1115 1969 1174 quae
1996 1098 2363 1160 sanctificata
2394 1103 2505 1154 sunt

437 1196 644 1271 idolis,
684 1197 846 1273 quod
879 1199 998 1257 sint
1033 1196 1192 1256 mala
1221 1199 1413 1256 omnis
1452 1201 1717 1274 generis,
1760 1197 1832 1255 de
1872 1215 1991 1274 qua
2032 1201 2331 1275 sequitur;
2370 1204 2506 1256 etex

249 1285 268 1308 ⁷
311 1329 341 1362 ο.
439 1297 868 1375 significatione
905 1299 1186 1372 scortari,
1223 1298 1385 1373 quod
1414 1301 1493 1356 sit
1526 1299 1847 1359 falsificare
1886 1316 2065 1370 vera,
2105 1298 2180 1359 de
2220 1315 2333 1374 qua
2359 1299 2504 1356 etiam

239 1398 402 1461 [128]
443 1401 732 1476 sequitur.
823 1397 1000 1474 Quod
1043 1395 1351 1456 Bileamus
1403 1399 1771 1459 consuluerit
1818 1398 2081 1475 Balaco,
2160 1407 2230 1460 ut
2267 1401 2506 1456 invitaret

436 1500 592 1562 filios
625 1497 872 1558 Israelis
913 1498 989 1558 ad
1023 1498 1320 1558 sacrificia
1356 1498 1605 1558 deorum
1646 1501 1808 1578 ejus,
1848 1508 2091 1560 constat
2128 1519 2205 1560 ex
2243 1499 2355 1558 illis
2382 1515 2505 1572 quae
2622 1539 2624 1584 3

435 1604 499 1662 in
537 1598 938 1677 praecedente
977 1598 1226 1658 articulo
1275 1607 1521 1658 ostensa
1558 1607 1724 1676 sunt,
1782 1607 1843 1659 et
1884 1617 1960 1658 ex
1994 1601 2093 1660 his
2137 1598 2301 1677 apud
2333 1599 2505 1656 Mosen
2622 1585 2624 1658 ἷ

441 1696 790 1776 „Consedit
822 1694 1038 1760 Israel
1073 1697 1142 1758 in
1175 1697 1508 1769 saltatim,
1566 1700 1676 1760 ubi
1716 1698 1915 1778 coepit
1938 1699 2233 1780 populus
2276 1695 2507 1760 scortari
2622 1715 2624 1724 ·

437 1817 584 1862 cum
602 1794 872 1879 filiabus
897 1797 1119 1858 Moabi
1137 1818 1165 1870 ;
1215 1805 1519 1860 vocarunt
1550 1801 1719 1878 enim
1740 1797 2059 1880 populum
2098 1799 2193 1862 ad
2228 1796 2507 1878 eam-ifida
2622 1791 2624 1794 ⁴

437 1898 698 1962 deorum
734 1917 1025 1974 suorum,
1079 1905 1138 1967 et
1173 1899 1443 1960 comedit
1465 1898 1777 1982 populus,
1818 1905 1878 1960 et
1912 1900 2281 1964 incurvavit
2314 1918 2375 1958 se
2402 1895 2505 1956 diis
2622 1945 2624 1950 .

437 2017 660 2061 earam
672 2018 700 2070 ,·
752 1999 1077 2078 imprimis
1121 2000 1433 2082 adjuvavit
1478 2020 1545 2060 se
1567 1999 1852 2081 popvdas
1892 2000 2080 2064 Baal
2114 2001 2314 2062 Peori
2327 2020 2353 2072 ;
2398 1995 2507 2058 ideo

437 2117 702 2162 accensa
751 2105 846 2160 eet
898 2099 1004 2160 ira
1055 2098 1331 2160 Jehovae
1371 2106 1589 2162 contra
1644 2099 1959 2164 Israelem
1968 2147 1984 2178 ,
2048 2109 2115 2164 et
2164 2100 2352 2163 occisi
2391 2100 2507 2158 eunt

437 2205 716 2281 quatuor
749 2205 810 2260 et
843 2199 1098 2279 viyinta
1132 2198 1396 2261 millia“
1432 2202 1623 2262 Num:
1660 2201 1897 2262 XXV&
1926 2208 1980 2262 1.
2017 2207 2078 2262 2.
2118 2206 2181 2264 3.
2222 2207 2289 2264 9:
2348 2201 2504 2258 fuerat

439 2319 518 2362 ex
559 2301 799 2360 statutis
837 2301 940 2359 ubi
987 2300 1294 2361 Sacrificia
1341 2303 1615 2362 instituta
1658 2307 1827 2374 sunt,
1884 2304 2046 2380 quod
2097 2323 2175 2364 ex
2230 2299 2505 2364 Sacrificiis

439 2404 728 2481 imprimis
782 2401 1214 2462 Eucharisticis
1267 2403 1471 2479 aliqua
1531 2403 1916 2464 adolerentur
1972 2421 2163 2481 super
2214 2403 2420 2471 Altari,
2462 2401 2506 2454 et

439 2503 644 2582 aliqua
695 2503 1152 2563 comederentur
1199 2506 1258 2562 in
1301 2502 1436 2562 loco
1476 2511 1719 2580 sanct03
1785 2507 1922 2581 ipsa
1970 2506 2273 2566 sacrificia
2316 2497 2503 2577 signifi-

439 2603 656 2666 cabant
715 2603 940 2664 cultum
995 2621 1070 2662 ex
1111 2620 1310 2662 amore
1349 2610 1408 2662 et
1470 2604 1617 2678 fide,
1688 2612 1748 2664 et
1796 2610 2274 2666 comessationes
2323 2615 2505 2679 appro-

439 2707 765 2783 priationes
816 2705 954 2764 boni
971 2704 1195 2782 ‚illinet
1274 2704 1434 2780 quod
1482 2704 1788 2766 Sacrificia
1834 2706 2311 2783 significaverint
2348 2699 2507 2762 omnia

441 2806 638 2866 cultus
687 2823 762 2866 ex
813 2806 970 2864 bono
1019 2807 1239 2863 amoris
1299 2811 1359 2863 et
1408 2805 1579 2880 fidei,
1645 2807 1920 2866 videatur
1975 2826 2039 2865 n:
2104 2809 2270 2868 923.
2330 2799 2503 2863 6905.
2624 2881 2626 2890 Ι

445 2907 657 2966 8680.
695 2907 906 2964 8936.
951 2907 1226 2980 100423
1283 2913 1342 2964 et
1378 2906 1538 2981 quod
1573 2909 2044 2968 comessationes
2092 2903 2507 2984 appropriatio·
2624 2893 2626 2896 ⁴

440 3019 579 3066 uem
614 3004 786 3079 boni,
837 3023 908 3064 n:
964 3007 1224 3064 10109.
1308 3004 1466 3081 Quia
1522 3010 1992 3068 comessationes
2035 3026 2111 3067 ex
2157 3000 2505 3068 sanctificatis
2624 2993 2626 2998 ’

437 3105 719 3166 Jehovae
779 3105 1193 3180 significabant
1255 3109 1805 3182 appropriationem
1865 3109 2003 3168 boni
2024 3151 2041 3179 ,
2115 3109 2255 3172 inde
2306 3115 2507 3166 comes-

443 3206 708 3264 sationes
751 3221 822 3262 ex
859 3205 1166 3264 sacrificiis
1197 3224 1353 3282 quae
1396 3225 1507 3284 pro
1545 3207 1657 3265 diis
1695 3211 1959 3284 gentium
2002 3216 2199 3284 erant,
2254 3214 2313 3268 et
2344 3200 2505 3264 idolo-

441 3305 614 3382 thyta
647 3303 1046 3377 vocabantur,
1099 3306 1514 3380 significabant
1552 3311 2099 3384 appropriationem
2144 3309 2302 3368 mali.
2366 3295 2509 3378 Qu⁰d

441 3407 691 3466 scortari
719 3407 780 3462 in
821 3420 1006 3462 sensu
1046 3405 1340 3480 spirituali
1370 3407 1667 3485 significet
1702 3409 1970 3468 imbuere
2010 3409 2193 3484 salsa,
2234 3416 2353 3468 tum
2382 3415 2503 3478 quo·

443 3525 560 3584 que
611 3505 932 3566 falsificare
987 3521 1160 3579 vera,
1237 3514 1475 3566 constat
1528 3525 1603 3568 ex
1652 3508 1929 3585 pluribus
1991 3510 2140 3569 locis
2191 3512 2254 3568 in
2302 3500 2505 3569 Verb03

443 3607 638 3667 simile
687 3603 1135 3682 significabatur
1195 3623 1304 3682 per
1360 3611 1751 3670 scortationes
1804 3609 2059 3668 filiorum
2115 3609 2355 3669 Israelis
2400 3614 2506 3659 cum

440 3706 680 3767 filiabus
709 3704 941 3781 Moabi3
990 3708 1187 3764 omnia
1225 3709 1381 3766 enim
1410 3708 1717 3768 Historica
1742 3712 1803 3768 in
1830 3709 2035 3770 Verbo
2070 3687 2371 3770 involvunt
2401 3698 2503 3776 spi-

441 3805 686 3866 ritualia
721 3812 782 3865 et
806 3804 1142 3882 significant
1178 3807 1299 3881 illa,
1343 3819 1411 3866 nt
1446 3815 1721 3869 constare
1757 3816 1961 3886 potest
1998 3811 2073 3868 ab
2110 3799 2500 3886 Explicationi-

439 3905 556 3964 bns
593 3921 778 3982 super
819 3906 1084 3967 Genesin
1121 3914 1182 3966 et
1216 3907 1519 3983 Exodum,
1564 3927 1721 3986 quae
1764 3904 2025 3972 AncANA
2052 3909 2385 3972 Connnsru
2414 3915 2501 3954 VO·

441 4010 655 4066 cantur
666 4025 684 4081 ς
751 4013 811 4067 et
869 4009 1012 4084 quia
1076 4011 1551 4068 comessationes
1604 4009 1862 4069 filiorum
1923 4009 2171 4070 Israelis
2234 4027 2301 4068 ex
2342 3998 2499 4062 idolo-

441 4105 624 4184 thytis
663 4114 723 4168 et
757 4110 1152 4170 scortationes
1192 4125 1399 4167 eorum
1436 4126 1571 4168 cum
1606 4110 1847 4169 filiabus
1884 4111 2089 4171 Moabi
2126 4111 2270 4170 talia
2302 4111 2499 4184 quoque

439 4206 852 4282 involvebant,
924 4225 1060 4266 nam
1111 4218 1264 4283 quae
1320 4209 1657 4286 significant
1710 4211 2051 4287 involvunt,
2105 4211 2240 4270 ideo
2290 4198 2497 4266 manda-
