2700 4792
399 333 507 384 312
731 318 1221 376 APOCALYPSIS
1267 321 1710 381 EXPLICATA.
1794 322 1841 392 ὗ.
1882 331 2019 386 204.
2062 331 2191 385 205.

397 485 572 541 ritate
601 497 745 556 erga
769 482 1104 556 proximum
1131 487 1287 556 sunt,
1331 481 1609 540 dicuntur
1636 482 1875 544 Sancti:
1928 483 2097 560 quod
2127 483 2248 544 duo
2282 499 2499 542 amores

399 584 520 641 sint
545 582 648 657 qui
673 579 897 640 faciunt
921 580 1176 657 coelum,
1213 599 1430 658 nempe
1460 600 1627 642 amor
1650 585 1711 640 in
1736 583 2065 644 Dominum
2095 591 2156 644 et
2186 601 2349 642 amor
2372 600 2505 659 erga

397 682 736 760 proximum
763 697 874 741 seu
901 680 1180 756 charitas,
1221 689 1282 740 ct
1309 682 1467 758 quod
1494 682 1631 742 inde
1660 681 1829 742 Coeli
1854 684 2129 754 distincti
2162 686 2283 744 sint
2314 685 2377 742 in
2400 683 2505 742 duo

393 783 626 860 Regna,
653 798 866 858 nempe
885 783 946 840 in
965 781 1238 858 Regnum
1267 783 1531 844 coeleste
1574 786 1721 842 etin
1746 783 2024 862 Regnum
2054 783 2388 860 spirituale,
2425 784 2507 840 vi-

397 883 612 940 deatur
643 884 705 940 in
743 880 944 958 Opere
979 881 1052 941 de
1096 881 1296 942 conto
1332 899 1407 942 ετ
1444 883 1717 944 Imm-:nuo
1758 901 1831 943 nx
1869 888 1953 946 13
1988 885 2069 944 ad
2108 889 2137 943 1
2160 887 2195 943 9
2238 891 2302 945 et
2332 901 2391 961 n:
2426 885 2503 942 20

397 981 474 1042 ad
514 985 550 1040 2
567 984 625 1040 8.

554 1085 718 1142 205.
784 1082 1030 1142 Habe-ns
1069 1081 1315 1143 Clavem
1353 1083 1635 1160 Davidis,
1692 1086 1854 1162 quod
1896 1086 2205 1162 significet
2252 1085 2365 1146 Cui
2404 1101 2503 1160 po-

395 1185 584 1242 tentia
622 1190 714 1242 est
746 1200 857 1260 per
881 1183 1162 1242 Divinum
1190 1183 1437 1258 Verum,
1478 1193 1711 1244 constat
1740 1204 1815 1244 ex
1842 1186 2290 1263 significatione
2318 1185 2505 1256 clavis,

397 1283 559 1361 quod
608 1286 686 1344 sit
718 1285 988 1360 potentia
1035 1283 1342 1362 aperiendi
1398 1289 1459 1343 et
1494 1284 1839 1361 claudendi,
1892 1287 1989 1346 hic
2028 1287 2273 1348 coelum
2323 1291 2382 1344 et
2422 1285 2502 1342 in-

392 1385 658 1454 fernum,
691 1401 830 1442 nam
866 1385 1156 1460 sequitur3
1195 1385 1471 1460 aperiens
1510 1392 1569 1443 et
1602 1403 1779 1446 nemo
1816 1387 2075 1462 claudit,
2128 1405 2203 1446 ac
2240 1385 2505 1445 claudens

393 1491 456 1546 et
487 1502 664 1545 nemo
701 1486 926 1560 aperit,
967 1485 1106 1544 inde
1142 1501 1254 1562 per
1288 1485 1525 1546 clavem
1560 1487 1657 1546 hic
1690 1486 2049 1564 intelllgitur
2084 1489 2361 1566 potentia
2390 1482 2499 1542 sal-

393 1584 604 1660 vandi,
660 1591 728 1642 ut
761 1600 948 1661 supra
984 1601 1049 1644 n:
1093 1587 1204 1658 86,
1259 1588 1542 1666 quoniam
1578 1589 1815 1663 aperire
1848 1588 2091 1648 coelum
2144 1595 2208 1648 et
2242 1584 2502 1646 claudere

393 1685 686 1746 infernum
737 1692 832 1743 est
864 1683 1136 1762 salvare3
1192 1691 1252 1744 et
1289 1703 1364 1744 ex
1404 1689 1958 1763 repraesentatione
2011 1687 2311 1755 Davidis,
2362 1681 2501 1760 quod

394 1788 478 1844 sit
509 1784 802 1863 Dominus
839 1786 1037 1862 quoad
1071 1787 1358 1846 Divinum
1386 1785 1649 1846 Verum:
1704 1788 1864 1864 quod
1898 1791 1958 1847 in
1986 1788 2203 1848 Verbo
2240 1805 2349 1864 per
2380 1785 2499 1843 Da·-

395 1884 596 1944 videm
647 1884 1010 1962 intelligatur
1057 1886 1389 1961 Dominus,
1454 1894 1547 1946 est
1598 1890 1741 1972 quia
1781 1906 1892 1964 per
1938 1889 2151 1966 Reges
2204 1891 2267 1946 in
2314 1881 2497 1944 Verbo

397 1991 887 2064 repraesentatus
935 1993 1030 2046 est
1072 1987 1365 2046 Dominus
1418 1987 1617 2063 quoad
1664 1987 1949 2048 Divinum
1984 1988 2257 2063 Verum,
2310 1993 2367 2044 et
2404 1999 2499 2059 per

399 2084 761 2148 Sacerdotes
793 2084 879 2144 ibi
907 2085 1202 2148 Dominus
1239 2086 1438 2164 quoad
1461 2087 1745 2148 Divinum
1768 2089 2020 2166 Bonum,
2062 2097 2128 2152 et
2150 2107 2265 2167 per
2288 2086 2493 2161 Regem

394 2185 692 2248 Davidem
725 2188 1030 2263 imprimiS,
1067 2189 1212 2264 quia
1243 2189 1294 2246 is
1331 2187 1582 2248 multam
1626 2205 1833 2250 curam
1866 2190 1941 2250 de
1977 2191 2168 2252 rebus
2202 2186 2491 2250 Ecclesiae

391 2287 621 2358 habuit,
657 2293 719 2348 et
745 2304 980 2364 quoque
1005 2287 1280 2351 Psalmos
1313 2290 1589 2365 scripsit:
1646 2290 1806 2366 quod
1838 2308 1951 2368 per
1974 2290 2183 2369 Reges
2222 2292 2283 2348 in
2309 2282 2491 2346 Verbo

391 2388 756 2466 significetur
786 2387 1072 2447 Divinum
1109 2388 1369 2462 Verum,
1426 2397 1485 2448 et
1519 2407 1629 2466 per
1666 2387 2027 2452 Sacerdotes
2065 2392 2349 2452 Divinum
2380 2385 2487 2446 Bo-

391 2507 566 2566 num,
620 2490 894 2548 videatur
929 2505 1114 2566 supra
1147 2507 1216 2548 n:
1257 2491 1342 2548 31
1371 2510 1389 2565 3
1446 2496 1506 2548 et
1536 2497 1859 2566 praeterea
1889 2510 2000 2570 per
2034 2494 2243 2553 omnia
2274 2488 2488 2547 nomina

387 2607 781 2667 personarum
819 2596 882 2648 et
912 2589 1180 2650 locorum
1215 2593 1274 2648 in
1309 2589 1516 2650 Verbo
1566 2591 1973 2667 significantur
2005 2610 2109 2654 res
2146 2586 2489 2669 spirituales

394 2708 550 2768 quae
598 2697 739 2751 sunt
781 2707 880 2750 res
915 2689 1226 2750 Ecclesiae
1276 2697 1338 2752 et
1374 2689 1571 2767 Coeli,
1625 2708 1697 2750 n:
1742 2695 1853 2752 19.
1915 2696 2023 2754 50.
2082 2695 2247 2762 102.
2334 2681 2487 2763 Quod

397 2792 630 2852 dicatur
680 2789 908 2850 habens
961 2789 1192 2850 clavem
1239 2791 1525 2864 DavidiS,
1582 2798 1675 2852 est
1724 2796 1864 2869 quia
1905 2811 2017 2870 per
2050 2791 2386 2857 Davidem,
2432 2789 2485 2841 ut

392 2907 550 2950 nunc
587 2891 807 2950 dictum
845 2897 964 2964 est,
1016 2899 1507 2967 repraesentatus
1544 2897 1637 2950 est
1659 2892 1953 2953 Dominus
1991 2894 2195 2970 quoad
2228 2890 2483 2952 Divinum

395 2990 654 3059 Verum,
703 2996 764 3048 et
797 2993 984 3049 omnis
1037 2995 1309 3066 potentia
1354 2994 1415 3051 in
1452 2993 1637 3052 coelis
1686 2999 1748 3052 et
1792 2996 1855 3052 in
1890 2997 2068 3054 terris
2118 3001 2217 3054 est
2250 2988 2479 3050 Domino

397 3107 472 3150 ex
506 3089 725 3150 Divino
759 3088 929 3148 Bono
989 3108 1098 3166 per
1133 3092 1418 3152 Divinum
1452 3092 1714 3170 Verum3
1767 3096 1827 3152 in
1862 3111 2083 3172 genere
2148 3096 2301 3155 enim
2344 3088 2481 3146 bono

394 3189 624 3266 absque
661 3207 803 3249 vero
837 3207 956 3250 non
1005 3199 1099 3252 est
1133 3192 1332 3269 aliqua
1368 3196 1666 3270 potentia,
1720 3211 1833 3254 nec
1867 3212 2012 3255 vero
2060 3194 2290 3272 absque
2324 3190 2473 3256 bono,

391 3308 531 3350 nam
564 3289 784 3350 bonum
821 3293 946 3367 agit
976 3309 1089 3368 per
1122 3309 1362 3368 verum3
1418 3293 1554 3353 inde
1593 3301 1701 3364 est,
1754 3295 1915 3372 quod
1947 3295 2237 3356 Divinum
2268 3293 2475 3352 Bonum

393 3399 454 3452 et
484 3392 770 3451 Divinum
819 3390 1047 3451 Verum
1097 3395 1266 3452 unita
1312 3394 1647 3470 procedant
1694 3413 1731 3454 a
1762 3395 2053 3470 Domino,
2110 3409 2171 3455 et
2216 3393 2471 3473 quantum

388 3491 496 3552 illa
530 3493 891 3572 conjunctim
935 3495 1308 3570 recipiuntur
1355 3495 1429 3553 ab
1480 3495 1757 3572 Angelis,
1814 3501 2043 3556 tantum
2090 3496 2155 3556 hi
2198 3488 2469 3574 potentiae

393 3596 538 3652 sint:
589 3593 725 3654 inde
761 3610 915 3652 nunc
953 3600 1046 3653 est
1083 3593 1242 3670 quod
1277 3595 1509 3654 dicatur
1544 3595 1731 3654 clavis
1768 3595 2059 3656 Davidis:
2108 3595 2273 3673 quod
2306 3586 2465 3650 omnis

388 3695 658 3769 potentia
703 3697 780 3754 sit
814 3697 974 3754 veris
1021 3712 1094 3752 ex
1129 3694 1314 3770 bono,
1370 3695 1645 3755 videatur
1686 3698 1752 3754 in
1788 3693 1989 3772 Opere
2040 3697 2115 3756 de
2172 3697 2361 3756 Com
2400 3699 2464 3744 Μ’

389 3793 665 3856 Ins-nuno
717 3813 787 3855 n:
824 3795 963 3854 228
1003 3794 1081 3854 ad
1121 3796 1294 3867 233,
1347 3795 1451 3854 ubi
1486 3797 1683 3874 agitur
1719 3796 1794 3856 de
1829 3798 2098 3872 potentia
2134 3793 2460 3874 Angelorum

391 3893 594 3970 Coeli,
649 3901 709 3956 et
745 3913 984 3974 quoque
1033 3913 1102 3954 n:
1151 3887 1284 3956 539
1323 3896 1427 3956 ibi.
1510 3895 1689 3973 Quod
1720 3913 1831 3974 per
1866 3895 2163 3973 Davidem
2198 3899 2258 3956 in
2290 3884 2461 3951 Verbo

387 3995 756 4070 intelligatur
788 3995 1114 4073 Dominus,
1172 4003 1411 4056 constat
1452 3997 1764 4057 manifeste
1818 4013 1893 4056 ex
1942 3997 2293 4074 quibusdam
2336 3984 2454 4048 locis

386 4092 495 4150 ubi
527 4096 864 4152 nominatur
899 4096 1063 4172 apud
1093 4097 1460 4174 Propheta5‚
1498 4104 1565 4156 ut
1601 4097 1765 4174 apud
1798 4096 2177 4158 Ezechielem
2234 4084 2457 4175 „Erunt

392 4185 568 4245 Mihi
624 4187 692 4246 in
726 4190 1068 4266 populum,
1109 4201 1170 4255 et
1217 4194 1367 4275 Eyo
1414 4215 1515 4256 ero
1570 4194 1710 4258 illis
1760 4197 1829 4257 in
1867 4197 2115 4276 Deam,
2176 4204 2233 4259 et
2276 4197 2453 4256 sei-²:26⁸
