2700 4792
337 369 581 426 CAPUT
635 369 1043 430 SECUNDUM.
1660 371 1871 428 VERS:
1928 381 2019 434 28.
2148 407 2153 412 ·
2196 385 2301 446 251

183 537 306 592 tem
321 573 340 603 ,
383 526 758 590 descendent
797 527 870 588 in
903 525 1248 607 planitiem
1262 573 1279 604 ,
1330 533 1391 589 et
1437 529 1679 592 venient
1722 549 1944 592 versuo
1982 550 2189 602 mame,
2236 532 2309 600 in

182 649 364 692 mare
423 627 699 690 mnis-sae
747 633 824 690 ut
881 633 1190 690 sanentur
1239 647 1442 708 aqu-ae
1451 649 1480 701 ;
1535 629 1703 691 unde
1737 632 1825 711 fit
1882 632 2051 710 quod
2098 632 2307 694 omnic

181 730 412 793 anima
446 729 662 790 vivens
695 747 855 808 quae
885 733 1122 808 reptat,
1159 746 1515 808 quocunque
1549 731 1827 792 venerint
1850 731 2051 809 fluvii
2063 777 2079 808 ,
2122 733 2302 809 vivet,

185 830 357 894 unde
387 831 478 912 fit
505 829 716 909 piscis
750 826 996 890 multus
1031 825 1236 901 valde,
1273 829 1429 906 quia
1463 830 1706 890 venient
1740 850 1806 890 eo
1842 851 2043 910 aquae
2074 832 2208 907 hae,
2246 838 2308 892 et

183 936 532 1007 sanantur,
595 935 668 990 ut
713 929 890 990 vivat
934 947 1113 990 omne
1152 947 1272 1008 quo
1308 929 1543 990 venerit
1578 929 1878 1006 fluvius“
1932 932 2199 990 XLVII:
2246 937 2303 991 1.

191 1038 255 1092 2.
309 1035 370 1092 8.
418 1033 495 1105 93
559 1030 914 1090 describitur
961 1033 1142 1090 etiam
1189 1030 1287 1089 hic
1339 1047 1451 1106 per
1490 1047 1689 1090 meras
1742 1031 2307 1108 correspondentias

188 1133 453 1190 influxus
506 1131 748 1190 Domini
805 1147 882 1190 ex
926 1130 1148 1189 Divino
1199 1129 1481 1190 Humano
1541 1147 1653 1190 suo
1714 1131 1876 1207 apud
1935 1132 2071 1192 illos
2122 1135 2223 1207 qui
2274 1150 2305 1191 e

187 1233 404 1308 Regno
427 1237 491 1292 et
515 1229 794 1292 Ecclesia
831 1230 1026 1306 Ipsius
1063 1236 1232 1306 sunt3
1269 1246 1383 1305 per
1418 1247 1611 1306 aquas
1640 1239 1929 1291 exeuntes
1966 1232 2305 1292 sublimine

187 1333 402 1392 domus
449 1345 664 1390 versus
713 1333 1032 1406 orientem,
1085 1329 1443 1390 describitur
1480 1330 1765 1392 Divinum
1814 1330 2039 1390 Verum
2088 1349 2305 1408 proce·-

189 1433 340 1494 deus
379 1432 458 1490 ab
494 1430 666 1506 Ipso,
721 1439 782 1490 et
813 1431 1068 1490 influens
1105 1429 1268 1507 apud
1300 1429 1437 1490 illos
1467 1433 1568 1506 qui
1602 1435 1661 1491 in
1690 1431 1934 1491 Oriente
1980 1439 2145 1507 sunt,
2192 1433 2307 1492 hoc

187 1540 313 1609 est,
367 1534 472 1608 qui
511 1533 576 1588 in
610 1531 766 1590 bono
803 1532 1024 1591 amoris
1059 1535 1121 1589 in
1155 1530 1368 1608 Ipsum
1402 1538 1568 1605 sunt3
1619 1532 1779 1609 quod
1816 1549 2009 1609 aquae
2048 1532 2304 1592 descen-

187 1635 386 1694 derint
419 1635 485 1690 in
529 1631 874 1708 planitiem,
925 1639 989 1692 et
1031 1635 1094 1689 in
1137 1648 1332 1703 mare,
1390 1637 1450 1690 et
1486 1632 1643 1707 quod
1694 1632 1833 1691 inde
1882 1649 2077 1709 aquae
2126 1635 2306 1692 maris

187 1740 442 1794 sanatae
490 1733 639 1804 sint,
689 1731 984 1809 significat
1037 1732 1324 1790 influxum
1372 1733 1431 1788 iu
1472 1733 1805 1791 naturalem
1848 1732 2175 1808 hominem,
2238 1751 2308 1794 ac

187 1837 250 1892 in
293 1835 668 1910 cognitiones
721 1850 876 1910 quae
928 1832 1042 1908 ibi;
1112 1834 1298 1908 piscis
1354 1831 1575 1890 multus
1633 1835 1735 1910 qui
1786 1833 1952 1903 inde,
2014 1835 2311 1910 significat

187 1934 520 1994 scientifica
562 1951 708 1992 vera
756 1931 865 2007 ibi3
914 1934 1074 2008 quod
1121 1933 1338 1990 vixerit
1391 1949 1563 1990 omne
1619 1951 1737 2009 quo
1784 1937 2015 1994 venerit
2062 1935 2302 2010 fluvius,

187 2035 488 2112 significat
523 2033 684 2108 quod
723 2036 850 2092 vita
899 2032 1018 2092 illis
1063 2051 1137 2092 ex
1172 2032 1393 2092 Divino
1428 2031 1624 2108 Vero,
1675 2033 1836 2109 quod
1874 2034 2025 2094 haec
2075 2035 2304 2111 signifi-

189 2141 404 2195 centur
449 2151 566 2212 per
596 2133 704 2194 illa
736 2133 845 2207 ibi,
897 2151 1072 2193 nemo
1112 2131 1318 2191 videre
1355 2139 1557 2208 potest
1590 2135 1706 2192 nisi
1742 2152 1817 2192 ex
1856 2151 2039 2194 sensu
2072 2137 2307 2194 interno

187 2235 407 2309 Verbi,
475 2251 610 2294 cum
653 2241 854 2292 tamen
902 2233 1174 2310 singulae
1221 2249 1403 2292 voces
1448 2233 1531 2292 ibi
1571 2232 1884 2293 involvunt
1932 2251 2151 2294 arcana
2200 2253 2303 2294 re-

186 2335 592 2412 generationis
635 2333 890 2393 hominis
933 2352 970 2392 a
1003 2333 1293 2408 Domin03
1345 2331 1455 2391 sed
1495 2349 1649 2409 quae
1692 2334 1963 2410 singulae
2000 2350 2181 2394 voces
2220 2335 2305 2394 ibi

185 2434 528 2508 involvunt,
606 2434 923 2511 detegetur
980 2434 1058 2494 ad
1111 2432 1310 2508 Caput
1366 2431 1557 2492 XXII
1639 2433 2127 2510 ApocalypseoS,
2201 2435 2305 2492 ubi

191 2551 397 2611 paene
433 2533 644 2592 similia
680 2534 870 2594 Vers:
917 2538 947 2593 1
995 2541 1056 2594 et
1097 2537 1134 2592 2
1175 2533 1470 2592 dicuntur.
1541 2534 1723 2610 Apud
1757 2533 2053 2592 Davidem
2102 2532 2303 2606 „Ex-

191 2632 484 2712 spectavi
505 2631 819 2710 Jekovam,
855 2638 1180 2714 exspectat
1205 2632 1427 2694 anima
1460 2651 1616 2710 mea,
1645 2631 1866 2693 anima
1899 2650 2037 2692 mea
2060 2631 2305 2692 Domi-

183 2753 362 2808 num,
401 2751 446 2792 a
470 2734 966 2795 custodientibus
997 2733 1220 2806 Mane,
1260 2732 1683 2794 custodientes
1706 2731 1928 2806 Mane,
1966 2731 2120 2810 quia
2142 2729 2304 2810 plu-

185 2834 362 2896 rima
400 2852 544 2894 oum
567 2832 722 2912 Ipso
752 2833 1076 2906 redemtio,
1120 2839 1180 2893 et
1203 2831 1256 2894 I
1252 2829 1336 2894 lle
1366 2831 1634 2894 redimet
1658 2830 2017 2894 Israelem
2071 2832 2307 2891 Psalm-

193 2933 470 2995 CXXX:
527 2935 586 2994 5.
631 2939 686 2994 6.
737 2939 795 2994 7
842 2936 914 3011 83
965 2936 1163 3011 agitur
1205 2931 1290 2993 ibi
1325 2933 1400 2992 de
1448 2933 1709 2992 adventu
1745 2935 1985 2992 Domini
2020 2935 2083 2992 in
2130 2949 2310 2991 mun-

187 3035 360 3106 dum,
423 3041 486 3092 et
541 3034 616 3094 de
665 3037 1011 3111 receptione
1065 3034 1268 3111 Ipsius
1319 3033 1396 3091 ab
1448 3032 1566 3092 illis
1615 3035 1715 3109 qui
1769 3037 1829 3091 in
1881 3032 2039 3092 bono
2090 3033 2308 3092 amoris

187 3140 364 3208 sunt3
417 3133 712 3194 adventus
748 3135 994 3196 Domini
1040 3133 1408 3211 significatur
1455 3150 1567 3209 per
1610 3136 1959 3210 exspectavi
1991 3133 2309 3202 Jehovam,

187 3239 508 3310 exspectat
550 3237 750 3293 anima
788 3252 924 3295 mea
962 3235 1318 3304 Dominum,
1361 3234 1503 3309 quia
1538 3233 1795 3308 plurima
1838 3250 1971 3294 cum
2015 3233 2157 3310 Ipso
2210 3250 2313 3292 re-

187 3335 446 3405 demtio,
488 3338 548 3392 et
579 3333 694 3394 Ille
729 3335 983 3394 redimet
1028 3334 1355 3409 Israelem3
1406 3338 1468 3392 et
1511 3336 1779 3409 receptio
1816 3334 2017 3411 Ipsius
2070 3334 2147 3390 ab
2186 3332 2307 3391 illis

189 3434 300 3510 qui
345 3434 407 3490 in
452 3432 604 3493 bono
655 3437 872 3493 amoris
921 3443 1088 3508 sunt,
1139 3432 1509 3512 significatur
1552 3451 1694 3510 per,
1754 3452 1791 3492 a
1834 3430 2307 3493 custodientibus

174 3549 396 3608 mane,
447 3533 854 3594 custodientes
896 3551 1099 3608 mane,
1143 3534 1322 3592 Mane
1362 3533 1446 3591 ibi
1478 3534 1539 3591 iu
1579 3549 1859 3609 supremo
1895 3547 2079 3590 sensu
2114 3529 2307 3602 signi-

181 3633 328 3692 ficat
367 3633 724 3708 Dominum,
777 3651 848 3693 ac
888 3637 950 3693 in
991 3651 1174 3693 sensu
1223 3637 1455 3692 interno
1506 3632 1781 3707 Regnum
1830 3631 2033 3707 Ipsius
2084 3634 2148 3687 et
2182 3627 2306 3686 Ec-

183 3732 468 3806 clesiam,
523 3741 586 3793 et
631 3733 1038 3794 custodientes
1075 3750 1248 3793 mane
1285 3732 1582 3808 significat
1627 3730 1763 3787 illos
1802 3731 1902 3803 qui
1948 3732 2307 3803 exspectant

182 3833 432 3892 Domini
465 3831 809 3908 adventum,
853 3836 954 3910 qui
990 3839 1134 3892 sunt
1167 3835 1270 3910 qui
1303 3835 1367 3891 in
1401 3831 1557 3888 bono
1594 3829 1813 3886 amoris
1842 3835 1999 3899 sunt,
2028 3827 2306 3902 quoniam

178 3931 270 3990 illi
315 3937 462 3990 sunt
514 3933 732 4010 quibus
782 3933 1074 3995 Dominus
1131 3939 1224 3992 est
1278 3932 1477 3991 Mane.
1561 3927 1737 4004 Quod
1784 3928 1961 3987 Mane
2016 3925 2311 4004 significet

181 4031 512 4091 adventum
575 4032 817 4092 Domini
876 4035 939 4092 in
988 4033 1300 4108 mundum,
1368 4035 1429 4089 et
1491 4034 1632 4087 tuuc
1686 4045 1903 4087 novam
1954 4027 2305 4103 Ecclesiam,

185 4137 426 4191 constat
484 4150 523 4190 a
577 4133 968 4210 sequentibus
1035 4132 1216 4207 locis3
1288 4129 1451 4206 apud
1514 4128 1832 4188 Danielem
1900 4127 2162 4207 „Usque
2221 4126 2309 4188 ad

199 4227 546 4311 Vesper-am
591 4238 652 4293 et
698 4231 894 4294 Mane
937 4230 1034 4293 bis
1082 4228 1260 4294 mille
1293 4234 1595 4306 trecenta,
1654 4234 1801 4290 tunc
1834 4227 2311 4312 justificabitur
