2700 4792
371 351 610 408 CAPUT
665 351 1074 410 SECUNDUM.
1690 353 1899 408 vEloez
1958 361 2047 417 18.
2212 367 2323 422 201

199 510 574 590 glorificavit
601 510 947 570 Humanum
993 527 1196 569 suum:
1254 517 1314 570 et
1349 509 1505 570 dabo
1542 511 1631 570 illi
1666 510 1903 572 stellam
1950 516 2320 590 matutinam,

194 612 516 690 significat
551 601 1003 688 intelligentiam
1057 617 1118 670 et
1152 613 1509 688 sapientiam
1545 628 1583 671 a
1618 612 1839 672 Divino
1878 597 2169 674 Humano*
2188 616 2323 676 Do-

193 715 390 772 mini:
442 712 676 772 habens
713 729 922 771 aurem
951 710 1156 770 audiat
1183 712 1324 787 quid
1349 714 1597 790 spiritus
1626 712 1769 772 dicit
1792 713 2098 791 Ecclesils,
2136 719 2325 794 signi-

193 815 353 874 ficat
389 813 556 890 quod
591 814 694 890 qui
727 811 1006 890 intelligit
1051 813 1350 872 auscultet
1390 814 1533 890 quid
1583 809 1870 873 Divinum
1919 814 2147 875 Verum
2182 835 2328 894 pro-

195 914 446 976 cedens
499 931 536 972 a
579 914 836 973 Domino
875 913 1051 974 docet
1087 919 1150 972 et
1192 913 1334 974 dicit
1368 913 1487 974 illis
1534 917 1635 992 qui
1684 915 1759 974 ab
1804 915 2081 976 Ecclesia
2121 917 2327 994 Ipsius

197 1023 371 1075 sunt.
1557 1076 1561 1080 .

378 1120 406 1174 1
426 1118 532 1176 50.
613 1115 690 1174 Et
741 1115 976 1192 Angelo
1031 1117 1092 1174 in
1149 1114 1455 1193 Thyatiris
1494 1115 1803 1176 Ecclesiae
1862 1117 2088 1193 scribe,
2166 1117 2327 1195 quod

199 1216 516 1294 significet
549 1215 686 1274 illos
723 1215 798 1274 ab
837 1216 1114 1276 Ecclesia
1165 1216 1329 1295 apud
1368 1233 1519 1292 quos
1556 1216 1861 1276 Internum
1900 1225 1961 1276 et
1998 1217 2323 1278 Externum

197 1334 320 1378 seu
367 1315 700 1394 spiritualis
769 1323 829 1376 et
875 1317 1166 1376 naturalis
1215 1319 1395 1377 homo
1441 1335 1627 1376 unum
1670 1319 1923 1394 faciunt,
1976 1324 2209 1378 constat
2248 1337 2326 1379 ex

199 1420 457 1495 scriptis
495 1417 575 1476 ad
605 1417 768 1476 hunc
800 1417 1100 1494 Angelum
1139 1421 1200 1478 in
1229 1435 1415 1479 sensu
1458 1421 1690 1477 interno
1726 1419 2079 1489 intellectiS,
2116 1423 2177 1479 in
2200 1421 2321 1480 illis

204 1521 414 1596 agitur
461 1518 538 1578 de
591 1519 1010 1595 conjunctione
1063 1517 1292 1582 Interni
1341 1535 1453 1578 seu
1512 1519 1839 1596 spiritualis
1889 1521 2140 1580 hominis
2190 1539 2325 1582 cum

199 1620 480 1678 Externo
517 1635 628 1680 seu
665 1618 950 1695 naturali,
1007 1633 1118 1680 seu
1148 1619 1222 1680 de
1261 1619 1381 1679 illis
1420 1619 1495 1678 ab
1534 1620 1809 1680 Ecclesia
1845 1621 2005 1697 apud
2047 1639 2193 1696 quos
2220 1621 2327 1680 illa

209 1721 540 1798 conjuncta
577 1726 736 1778 sunt.
817 1720 928 1778 Est
967 1721 1130 1796 apud
1173 1723 1632 1796 unumquemvis
1669 1720 1966 1780 hominem
2018 1723 2325 1782 Internum

202 1827 268 1880 et
305 1821 672 1891 Externum,
707 1819 1011 1879 Internum
1057 1823 1186 1899 ejus
1231 1829 1324 1882 est
1362 1820 1523 1898 quod
1555 1828 1809 1880 vocatur
1843 1824 2169 1899 spiritualis
2204 1823 2318 1884 ho·-

199 1937 336 1995 mo,
403 1921 734 1980 Externum
797 1921 954 1996 quod
1015 1898 1265 1982 uocatur
1317 1921 1609 1981 naturalis
1667 1922 1880 1999 hom03
1948 1941 2083 1982 cum
2144 1924 2323 1984 homo

197 2022 509 2095 nascitur,
564 2024 832 2097 primum
877 2024 1146 2098 aperitur
1178 2023 1477 2082 Externus
1520 2039 1631 2082 seu
1667 2025 1957 2083 naturalis
1995 2025 2200 2099 homo,
2252 2041 2323 2084 ac

199 2128 456 2200 postea,
500 2124 656 2180 sicut
693 2120 994 2182 adolescit
1033 2128 1095 2182 et
1131 2121 1445 2200 perficitur
1480 2124 1875 2201 intelligentia
1912 2131 1973 2184 et
2008 2128 2321 2202 sapientia,

203 2225 484 2301 aperitur
517 2221 798 2282 Internus
828 2239 938 2282 seu
969 2222 1300 2300 spiritualis
1327 2224 1505 2283 homo
1522 2243 1539 2300 3
1592 2225 1891 2284 Externus
1928 2241 2037 2286 seu
2072 2234 2320 2285 natura·
2353 2245 2359 2250 ·

201 2324 282 2383 lis
321 2324 502 2383 homo
541 2325 810 2400 aperitur
842 2339 954 2400 per
993 2323 1140 2382 talia
1190 2342 1344 2403 quae
1380 2324 1561 2383 homo
1606 2323 1805 2383 haurit
1844 2342 1915 2385 e1
1958 2325 2205 2401 mundo,
2262 2332 2325 2385 at

199 2425 492 2484 Internus
531 2441 638 2483 seu
675 2425 1006 2501 spiritualis
1041 2425 1220 2485 homo
1263 2427 1539 2503 aperitur
1587 2412 1701 2502 p'er
1744 2425 1892 2484 talia
1928 2443 2083 2502 quae
2122 2427 2325 2484 haurit

212 2542 296 2584 ex
333 2521 520 2583 Coelo
536 2543 553 2600 ;
597 2541 732 2582 nam
764 2525 1068 2584 Externus
1105 2542 1215 2584 seu
1253 2526 1547 2586 naturalis
1582 2527 1759 2586 homo
1789 2527 2076 2585 formatus
2114 2531 2209 2585 est
2244 2525 2324 2584 ad

212 2624 622 2699 receptionem
677 2625 882 2684 talium
936 2643 1094 2704 quae
1141 2629 1202 2686 in
1253 2627 1476 2686 mundo
1532 2634 1699 2697 sunt,
1763 2633 1825 2686 at
1884 2628 2163 2687 Internus
2208 2642 2321 2686 seu

205 2724 546 2802 spiritualis
587 2725 762 2786 homo
800 2728 878 2786 ad
921 2730 1335 2806 receptionem
1380 2727 1596 2802 talium
1644 2745 1799 2804 quae
1834 2731 1897 2788 in
1935 2727 2119 2788 Coelo
2156 2733 2321 2802 sunt3

199 2825 310 2885 illa
357 2828 612 2903 quaein
666 2827 888 2888 Mundo
935 2835 1104 2904 sunt,
1159 2829 1234 2888 ad
1289 2845 1541 2906 quorum
1593 2831 1999 2906 receptionem
2032 2828 2321 2888 formatus

211 2933 308 2985 cst
339 2927 646 2986 Externus
696 2943 805 2988 seu
857 2929 1146 2988 naturalis
1189 2929 1401 3000 homo,
1458 2946 1525 2988 se
1561 2929 1830 2988 referunt
1874 2932 1935 2988 in
1980 2946 2201 3008 genere
2244 2929 2323 2988 ad

207 3029 410 3086 omnia
461 3044 622 3104 quae
679 3036 820 3088 sunt
871 3032 1033 3089 vitae
1095 3031 1286 3089 civilis
1339 3036 1401 3089 et
1453 3028 1725 3106 moralis3
1778 3038 1867 3088 at·
1892 3029 1999 3089 illa
2052 3048 2207 3108 quae
2262 3033 2324 3090 in

207 3126 383 3186 coelo
443 3134 612 3198 sunt,
677 3127 754 3186 ad
801 3147 1057 3207 quorum
1107 3115 1514 3207 receptionem
1560 3131 1849 3189 formatus
1902 3139 1997 3190 est
2046 3131 2325 3191 Inter-nus

201 3244 314 3286 seu
361 3227 694 3304 spiritualis
743 3229 956 3304 homo,
1011 3247 1080 3290 se
1129 3231 1401 3290 referunt
1432 3233 1493 3288 in
1529 3247 1751 3306 genere
1804 3231 1881 3289 ad
1930 3235 2127 3290 omnia
2164 3248 2323 3308 quae

209 3329 434 3386 amoris
473 3333 535 3387 et
569 3327 712 3390 fidei
747 3337 908 3389 sunt.
976 3328 1270 3406 Quoniam
1313 3329 1419 3388 illa
1457 3330 1599 3389 bina
1626 3339 1765 3390 sunt
1808 3332 1971 3408 apud
2004 3331 2323 3401 hominem,

207 3444 284 3487 ac
327 3445 510 3487 unum
542 3435 604 3487 et
639 3429 892 3490 alterum
931 3432 1210 3491 distincte
1245 3448 1359 3507 per
1395 3445 1507 3488 sua
1540 3431 1739 3492 media
1780 3431 2167 3508 aperiendum
2209 3435 2321 3500 est,

197 3533 408 3606 patet,
471 3530 634 3604 quod
667 3534 786 3590 nisi
823 3531 1130 3608 aperiatur
1180 3530 1487 3590 Internum
1536 3549 1647 3608 per
1696 3549 1807 3591 sua
1853 3530 2083 3604 media,
2138 3529 2317 3589 homo

193 3633 448 3688 maneat
482 3628 672 3688 solum
708 3631 1048 3706 Naturalis,
1117 3639 1178 3691 et
1227 3632 1385 3708 quod
1428 3638 1571 3691 tunc
1618 3632 1923 3690 Internum
1964 3630 2095 3706 ejus
2146 3628 2318 3688 clan-

195 3745 336 3788 sum
395 3730 507 3788 sit:
563 3731 672 3790 sed
717 3732 829 3802 illi,
895 3732 1057 3810 apud
1114 3750 1266 3809 quos
1312 3732 1623 3791 Internum
1678 3731 1949 3792 clausum
2000 3734 2124 3800 est,
2198 3745 2318 3787 non

195 3835 342 3888 sunt
377 3829 650 3890 homines
687 3831 1028 3906 Ecclesiae,
1067 3851 1204 3892 nam
1239 3833 1517 3894 Ecclesia
1558 3831 1721 3908 apud
1753 3829 2060 3888 hominem
2096 3829 2320 3887 sorma—

191 3937 298 3988 tur
332 3945 449 4007 per
485 3935 1080 3994 communicationem
1117 3949 1250 3993 cum
1300 3931 1518 4001 Coelo,
1570 3938 1631 3990 et
1681 3931 2143 3990 communicatio
2182 3947 2317 3990 cum

194 4029 388 4091 Coelo
425 4049 544 4090 non
580 4031 757 4092 datur
781 4035 896 4094 nisi
931 4035 1240 4095 Internum
1277 4033 1409 4111 ejus
1446 4033 1753 4108 aperiatur
1796 4045 1906 4118 pqr
1954 4047 2067 4090 sua
2100 4031 2316 4118 media,

195 4149 358 4208 quae
411 4136 640 4208 omnia,
695 4141 986 4212 utsupra
1036 4135 1258 4194 dictum
1313 4140 1437 4202 est,
1488 4149 1557 4192 se
1610 4133 1877 4192 referunt
1931 4131 2009 4190 ad
2055 4149 2321 4192 amorem

201 4237 262 4292 et
297 4231 502 4293 fidem.
561 4233 752 4296 Porro
789 4236 1095 4296 sciendum
1127 4241 1237 4309 est,
1281 4233 1439 4310 quod
1466 4233 1630 4311 apud
1656 4234 1957 4293 hominem
1989 4232 2317 4307 Ecclesiae,
