2700 4792
342 347 580 409 CAPUT
617 345 925 407 PRIMUM.⁴
1724 347 1937 406 VERS=
1982 361 2073 414 14.
2232 365 2301 416 75

35 511 52 538 '
167 514 212 568 2
239 529 260 569 ε
316 507 486 586 apud
531 505 864 568 Jeremiam
924 505 1188 582 „Periit
1231 505 1499 584 ver-itas,
1550 515 1611 569 et
1658 509 1879 571 excisa
1926 517 2024 572 est
2064 531 2147 573 ex
2198 531 2305 574 ore

157 606 488 678 illorum,
551 605 739 668 tonde
793 605 1060 677 minema,
1127 612 1186 666 et
1245 607 1487 692 alfficffl
1547 609 1697 670 VII:
1756 612 1865 671 28.
1927 613 2039 671 29.
2117 613 2303 692 Apud

153 709 571 772 Ezechielem
620 751 658 782 „
671 707 902 786 Accipe
947 703 1326 769 novaculam
1370 714 1433 768 et
1470 709 1835 770 transmitte
1878 730 2069 792 super
2108 720 2302 794 caput

157 815 232 870 et
271 811 586 871 bwrba-m“
628 807 720 867 V:
770 812 838 867 1:
893 808 1056 884 apud
1077 808 1350 868 Eundem
1381 807 1511 884 „In
1537 810 1710 870 omni
1720 810 1903 892 facie
1924 812 2048 874 erit
2064 813 2301 892 pudor,

159 917 236 971 et
287 911 368 970 in
412 908 702 970 omnibus
750 907 1065 987 capitibus
1109 904 1491 970 calvinum“
1543 909 1693 970 Vns
1758 916 1784 970 1
1804 914 1879 970 82
1932 914 2094 990 apud
2130 915 2299 972 Eun-

163 1011 325 1072 dem
383 1008 636 1086 „Omne
683 1014 876 1088 caput
920 1005 1369 1070 decalvatum“
1432 1009 1684 1070 XXIX:
1734 1013 1852 1071 18:
1916 1012 2079 1089 apud
2112 1014 2300 1073 Amos

175 1110 597 1188 „Ascendere
613 1108 872 1189 faciam
904 1127 1096 1187 super
1127 1127 1304 1169 omne
1329 1115 1521 1188 caput
1548 1106 1881 1171 calvitium
1890 1113 1925 1143 “
1956 1111 2134 1172 VIII:
2180 1118 2206 1172 1
2226 1117 2297 1174 0:

169 1211 353 1290 apud
401 1209 700 1270 Davidem
767 1208 1004 1284 „Deus
1051 1209 1387 1270 contundet
1439 1215 1631 1290 caput
1667 1209 1965 1281 hostium,
2014 1213 2303 1274 verticem

169 1307 598 1391 capillorum,
658 1305 1129 1370 ambulantium
1192 1310 1263 1370 in
1322 1308 1605 1370 reatibus
1616 1313 1653 1344 “
1718 1312 1949 1370 Psalm:
2004 1312 2298 1374 LXVIII:

183 1415 326 1470 22:
377 1412 440 1468 in
469 1410 562 1469 his
595 1409 747 1470 locis
787 1417 848 1469 et
875 1409 1010 1468 aliis
1046 1427 1158 1486 per
1191 1409 1440 1470 tondere
1476 1419 1677 1488 caput,
1714 1411 2005 1472 abradere
2031 1413 2299 1488 barbam,

189 1517 261 1569 et
311 1509 588 1568 inducere
635 1509 969 1585 calvitium,
1050 1509 1419 1586 significatur
1474 1509 1791 1588 deprivare
1846 1514 2001 1570 omni
2048 1531 2193 1576 vcro
2242 1521 2303 1573 et

183 1610 372 1684 bono,
413 1612 686 1686 quoniam
725 1611 828 1687 qui
864 1610 1213 1686 deptivatur
1249 1610 1492 1685 ultimis,
1532 1612 1713 1669 etiam
1750 1611 2097 1688 deprivatur
2130 1615 2299 1689 prio-

173 1710 389 1782 ribuS,
431 1711 695 1768 existunt
732 1711 887 1770 enim
923 1716 985 1769 ct
1019 1710 1357 1770 subsistunt
1390 1713 1593 1786 priora
1625 1714 1685 1769 in
1722 1710 1963 1787 ultimis,
2006 1721 2075 1772 ut
2108 1731 2301 1790 supra

178 1817 282 1870 est
317 1809 558 1870 dictum.
643 1811 715 1869 In
762 1809 984 1870 Mundo
1034 1812 1353 1887 spirituum
1406 1813 1583 1870 etiam
1636 1820 1931 1888 apparent
1981 1816 2081 1890 qui
2132 1813 2303 1874 Calvi

173 1917 359 1984 sunt,
413 1916 476 1968 et
509 1911 834 1970 instructus
869 1927 1035 1979 sum,
1088 1910 1248 1986 quod
1283 1912 1403 1969 sint
1438 1912 1540 1987 qui
1576 1911 1749 1970 abusi
1784 1920 1923 1971 sunt
1960 1914 2163 1974 Verbo
2184 1959 2198 1988 ‚
2240 1922 2301 1974 et

173 2026 430 2071 sensum
465 2008 678 2070 literae
691 2055 708 2087 ,
763 2013 864 2087 qui
910 2016 1006 2070 est
1049 2010 1330 2070 Divinum
1371 2010 1601 2070 Verum
1640 2011 1723 2070 ibi
1768 2014 1830 2070 ln
1866 2013 2089 2080 ultimis
2108 2060 2122 2087 ,
2182 2031 2299 2090 ap-

118 2116 126 2122 '
171 2111 529 2188 plicuerunt
582 2111 660 2170 ad
704 2111 994 2183 nefanda,
1065 2117 1126 2170 et
1179 2111 1316 2171 inde
1370 2109 1671 2188 deprivati
1726 2120 1866 2171 sunt
1918 2117 2077 2174 omni
2132 2131 2299 2188 vero,

171 2217 326 2270 sunt
361 2213 546 2275 etiam
583 2212 1068 2286 malitiosissimi3
1122 2211 1330 2288 plures
1370 2229 1445 2286 ex
1490 2211 1609 2270 illis
1648 2220 1787 2271 sunt
1821 2230 1897 2272 ex
1931 2213 2303 2292 Babylonica

177 2313 418 2372 Gente:
471 2313 740 2372 vicissim
777 2318 982 2371 autem
1019 2305 1238 2389 Angeli
1273 2318 1571 2390 apparent
1610 2313 1671 2370 in
1708 2312 2055 2374 decentibus
2092 2317 2296 2374 comis.

343 2415 458 2472 67.
514 2395 826 2488 Tanquam
857 2411 1000 2470 lana
1029 2412 1298 2487 candida,
1337 2419 1623 2488 tanquam
1658 2415 1777 2487 nix,
1814 2414 1974 2489 quod
2008 2414 2301 2491 significet

179 2509 392 2586 quoad
415 2509 638 2567 bonum
669 2517 729 2568 et
755 2527 960 2570 verum
985 2512 1084 2587 ibi,
1125 2519 1361 2572 constat
1390 2520 1460 2572 e'x
1492 2513 1921 2590 significatione
1946 2512 2123 2572 lanae
2152 2531 2297 2573 can-

177 2591 386 2684 didae,
419 2608 580 2685 quod
607 2611 686 2668 sit
709 2609 926 2668 bonum
951 2601 1012 2672 in
1033 2612 1276 2684 ultimiS,
1304 2613 1379 2672 de
1410 2629 1528 2687 qua
1550 2614 1839 2688 sequitur3
1874 2617 1935 2670 et
1961 2629 2036 2670 ex
2062 2613 2291 2688 sIgnifi-

173 2712 420 2770 catione
445 2709 619 2784 nivis,
652 2708 821 2785 quod
847 2710 924 2768 sit
951 2728 1156 2770 verum
1188 2715 1252 2771 in
1285 2713 1511 2772 ultimis
1526 2732 1543 2788 3
1582 2712 1743 2789 quod
1768 2713 1869 2770 nix
1896 2713 1976 2770 sit
2000 2729 2215 2771 verum
2236 2714 2299 2772 in

173 2811 426 2885 ultimis,
451 2817 552 2868 est
577 2827 652 2868 ex
675 2827 834 2886 aqua
857 2825 928 2870 ex
957 2829 1076 2888 qua
1103 2818 1214 2887 est,
1244 2820 1305 2871 et
1332 2830 1409 2871 ex
1434 2812 1709 2872 albedine
1740 2819 1799 2872 et
1828 2810 2105 2888 candore,
2138 2811 2299 2889 quod

171 2927 341 2986 aqua
370 2910 671 2988 significet
693 2927 923 2986 verum,
955 2912 1236 2972 videatur
1259 2913 1415 2970 infra
1448 2931 1506 2971 n:
1554 2918 1585 2972 7
1604 2916 1633 2970 1
1661 2933 1677 2987 3
1716 2919 1779 2970 et
1808 2911 1970 2994 quod
1996 2912 2211 2973 albedo
2236 2920 2297 2972 ct

174 3011 405 3071 candor
427 3028 638 3070 verum
677 3027 752 3068 ex
779 3013 1226 3087 transparentia
1247 3013 1420 3085 lucis,
1458 3031 1529 3070 n:
1572 3014 1785 3074 3301.
1830 3014 2041 3072 3993.
2074 3016 2293 3074 4007.

187 3110 324 3166 531
343 3111 402 3166 9.
439 3109 649 3170 8459.
705 3109 882 3186 Quod
906 3110 1076 3170 Lana
1103 3111 1359 3171 candida
1391 3108 1685 3189 significet
1718 3112 1939 3172 bonum
1966 3115 2028 3171 in
2051 3112 2293 3188 ultimis,

179 3213 282 3266 cst
304 3210 452 3283 quia·
473 3209 612 3268 lana
635 3227 816 3286 super
843 3213 1017 3287 agnis
1045 3217 1109 3270 et
1135 3213 1348 3270 ovibus
1374 3211 1569 3271 simile
1600 3212 1897 3288 significat
1927 3214 2087 3290 quod
2114 3216 2294 3273 crinis

175 3321 373 3384 super
403 3307 664 3383 homine,
718 3325 792 3372 ac
828 3312 966 3386 agni
1013 3317 1074 3370 et
1124 3329 1268 3373 oves
1321 3312 1657 3388 significant
1690 3311 1909 3371 bonum
1926 3358 1943 3387 ,
2008 3316 2147 3390 agui
2184 3315 2294 3370 bo·-

175 3425 324 3468 num
359 3408 654 3485 coeleste,
693 3429 760 3469 nx
803 3411 1017 3469 3519.
1064 3412 1277 3470 3994.
1327 3413 1585 3483 10132,
1626 3419 1685 3471 et
1720 3429 1864 3470 oves
1904 3413 2125 3493 bonum
2165 3415 2294 3487 spi-

176 3509 428 3580 rituale,
479 3527 552 3568 n=
608 3513 824 3570 4169.
867 3512 1097 3586 48095
1151 3511 1290 3570 inde
1329 3518 1457 3582 est,
1518 3511 1675 3588 quod
1710 3512 1941 3587 capilli,
1996 3528 2107 3586 per
2140 3527 2296 3591 quos

175 3608 548 3684 significatur
584 3610 872 3670 Divinum
907 3609 1136 3670 Verum
1171 3613 1232 3669 in
1267 3611 1489 3670 ultimis
1505 3657 1522 3686 ,
1572 3612 1849 3672 dicantur
1888 3608 2123 3668 candidi
2158 3615 2293 3666 tan-

177 3725 360 3782 quam
390 3708 538 3767 lana
583 3710 868 3786 candida,
933 3717 994 3768 et
1029 3717 1314 3788 tanquam
1353 3714 1482 3788 ni13
1546 3719 1610 3770 ut
1649 3725 1888 3788 quoque
1928 3708 2001 3768 de
2036 3708 2295 3767 Domino

179 3823 316 3865 cum
341 3809 798 3868 transformatus
831 3854 870 3884 „
895 3807 1281 3872 Vestimenta
1306 3811 1533 3890 Ipsius
1554 3812 1747 3891 sacta
1775 3815 1927 3870 aunt
1955 3826 2293 3869 coruscan-

175 3905 303 3981 tia,
341 3907 626 3968 candida
661 3907 848 3970 valde
881 3913 954 3969 ut
986 3909 1106 3971 nia·
1123 3955 1140 3986 ,
1177 3909 1403 3992 qualia
1434 3930 1561 3972 non
1574 3916 1789 3990 potest
1810 3907 1990 3989 fullo
2020 3909 2089 3971 in
2124 3916 2297 3972 terra

177 4003 520 4066 dealbat-ss
557 4009 754 4069 Marc:
792 4010 916 4070 IX:
972 4012 1043 4068 3:
1099 4013 1260 4071 etde
1290 4013 1555 4088 Antiquo
1594 4011 1823 4069 dicrum
1860 4012 2021 4089 apud
2056 4013 2291 4072 Danie-

172 4105 294 4164 lem
335 4149 370 4180 „
395 4103 632 4168 Videas
651 4109 774 4188 sui
805 4127 1001 4188 usque
1035 4109 1192 4172 dum
1225 4109 1442 4171 throni
1465 4109 1737 4191 projecti
1770 4117 1921 4171 sunt
1940 4156 1957 4186 ,
1999 4117 2058 4171 et
2092 4109 2291 4170 Anti-

173 4219 340 4284 quua
373 4204 624 4268 dierum
655 4209 825 4270 aedit
842 4255 857 4285 ,
918 4211 1114 4272 vestis
1146 4209 1375 4290 Ipsius
1412 4207 1581 4268 sicat
1614 4209 1733 4270 nim
1768 4207 1918 4270 alba
1930 4255 1950 4286 ,-
2004 4215 2063 4268 et
2098 4208 2295 4270 orinia
