<?xml version="1.0" encoding="UTF-8"?>
<!DOCTYPE html PUBLIC "-//W3C//DTD XHTML 1.0 Transitional//EN"
    "http://www.w3.org/TR/xhtml1/DTD/xhtml1-transitional.dtd">
<html xmlns="http://www.w3.org/1999/xhtml" xml:lang="en" lang="en">
 <head>
  <title>
</title>
<meta http-equiv="Content-Type" content="text/html;charset=utf-8" />
  <meta name='ocr-system' content='tesseract 3.04.00' />
  <meta name='ocr-capabilities' content='ocr_page ocr_carea ocr_par ocr_line ocrx_word'/>
</head>
<body>
  <div class='ocr_page' id='page_1' title='image "./apocalypsisexpl01unkngoog_0242.png"; bbox 0 0 2700 4792; ppageno 0'>
   <div class='ocr_carea' id='block_1_1' title="bbox 431 343 2616 468">
    <p class='ocr_par' dir='ltr' id='par_1_1' title="bbox 431 307 2616 468">
     <span class='ocr_line' id='line_1_1' title="bbox 431 343 2616 468; baseline -0.005 -58"><span class='ocrx_word' id='word_1_1' title='bbox 431 356 544 414; x_wconf 74' lang='lat'><strong>2:38</strong></span> <span class='ocrx_word' id='word_1_2' title='bbox 876 345 1366 403; x_wconf 77' lang='lat' dir='ltr'>APOCALYPSIS</span> <span class='ocrx_word' id='word_1_3' title='bbox 1406 344 1845 404; x_wconf 60' lang='lat' dir='ltr'><strong>expuens.</strong></span> <span class='ocrx_word' id='word_1_4' title='bbox 1924 345 1970 412; x_wconf 86' lang='lat'><strong>§.</strong></span> <span class='ocrx_word' id='word_1_5' title='bbox 2014 353 2133 407; x_wconf 73' lang='lat'><strong>175.</strong></span> <span class='ocrx_word' id='word_1_6' title='bbox 2578 343 2616 468; x_wconf 35' lang='grc' dir='ltr'><em>Δ</em></span> 
     </span>
    </p>
   </div>
   <div class='ocr_carea' id='block_1_2' title="bbox 236 503 2614 4284">
    <p class='ocr_par' dir='ltr' id='par_1_2' title="bbox 236 503 2614 3486">
     <span class='ocr_line' id='line_1_2' title="bbox 431 503 2477 584; baseline -0.002 -14"><span class='ocrx_word' id='word_1_7' title='bbox 431 513 519 570; x_wconf 81' lang='lat' dir='ltr'><strong>ita</strong></span> <span class='ocrx_word' id='word_1_8' title='bbox 554 505 890 584; x_wconf 82' lang='lat' dir='ltr'><strong>significant</strong></span> <span class='ocrx_word' id='word_1_9' title='bbox 943 503 1104 564; x_wconf 83' lang='lat' dir='ltr'><strong>mala</strong></span> <span class='ocrx_word' id='word_1_10' title='bbox 1136 511 1372 566; x_wconf 76' lang='lat' dir='ltr'><strong>remota</strong></span> <span class='ocrx_word' id='word_1_11' title='bbox 1406 522 1445 562; x_wconf 87' lang='lat' dir='ltr'><strong>a</strong></span> <span class='ocrx_word' id='word_1_12' title='bbox 1476 504 1651 564; x_wconf 86' lang='lat' dir='ltr'><strong>bonis</strong></span> <span class='ocrx_word' id='word_1_13' title='bbox 1684 503 2025 579; x_wconf 79' lang='lat' dir='ltr'><strong>Ecclesiae3</strong></span> <span class='ocrx_word' id='word_1_14' title='bbox 2072 520 2327 565; x_wconf 81' lang='lat' dir='ltr'><strong>resonare</strong></span> <span class='ocrx_word' id='word_1_15' title='bbox 2355 507 2477 567; x_wconf 81' lang='lat' dir='ltr'><strong>sieut</strong></span> 
     </span>
     <span class='ocr_line' id='line_1_3' title="bbox 432 603 2479 682; baseline -0.001 -14"><span class='ocrx_word' id='word_1_16' title='bbox 432 625 626 682; x_wconf 84' lang='lat' dir='ltr'><strong>mare,</strong></span> <span class='ocrx_word' id='word_1_17' title='bbox 683 612 744 666; x_wconf 88' lang='lat' dir='ltr'><strong>et</strong></span> <span class='ocrx_word' id='word_1_18' title='bbox 791 607 1062 680; x_wconf 85' lang='lat' dir='ltr'><strong>equitare</strong></span> <span class='ocrx_word' id='word_1_19' title='bbox 1109 621 1292 682; x_wconf 87' lang='lat' dir='ltr'><strong>super</strong></span> <span class='ocrx_word' id='word_1_20' title='bbox 1343 606 1548 680; x_wconf 87' lang='lat' dir='ltr'><strong>equis,</strong></span> <span class='ocrx_word' id='word_1_21' title='bbox 1603 610 1699 664; x_wconf 84' lang='lat' dir='ltr'><strong>est</strong></span> <span class='ocrx_word' id='word_1_22' title='bbox 1738 603 2104 680; x_wconf 85' lang='lat' dir='ltr'><strong>persuadere</strong></span> <span class='ocrx_word' id='word_1_23' title='bbox 2155 622 2227 664; x_wconf 80' lang='lat' dir='ltr'><strong>ex</strong></span> <span class='ocrx_word' id='word_1_24' title='bbox 2273 605 2479 665; x_wconf 80' lang='lat' dir='ltr'><strong>fallaciis</strong></span> 
     </span>
     <span class='ocr_line' id='line_1_4' title="bbox 433 702 2485 783; baseline -0 -15"><span class='ocrx_word' id='word_1_25' title='bbox 433 723 752 780; x_wconf 87' lang='lat' dir='ltr'><strong>sensuum,</strong></span> <span class='ocrx_word' id='word_1_26' title='bbox 809 717 871 766; x_wconf 86' lang='lat' dir='ltr'><strong>et</strong></span> <span class='ocrx_word' id='word_1_27' title='bbox 921 723 1030 783; x_wconf 84' lang='lat' dir='ltr'><strong>per</strong></span> <span class='ocrx_word' id='word_1_28' title='bbox 1067 707 1381 766; x_wconf 85' lang='lat' dir='ltr'><strong>ratiocinia</strong></span> <span class='ocrx_word' id='word_1_29' title='bbox 1416 703 1573 764; x_wconf 86' lang='lat' dir='ltr'><strong>inde.</strong></span> <span class='ocrx_word' id='word_1_30' title='bbox 1654 703 1839 782; x_wconf 89' lang='lat' dir='ltr'><strong>Apud</strong></span> <span class='ocrx_word' id='word_1_31' title='bbox 1872 703 2241 764; x_wconf 80' lang='lat' dir='ltr'><strong>Ezechielem</strong></span> <span class='ocrx_word' id='word_1_32' title='bbox 2273 702 2485 778; x_wconf 74' lang='lat' dir='ltr'><strong>„Tem</strong></span> 
     </span>
     <span class='ocr_line' id='line_1_5' title="bbox 431 801 2613 888; baseline -0.002 -20"><span class='ocrx_word' id='word_1_33' title='bbox 431 813 530 869; x_wconf 75' lang='lat' dir='ltr'><strong>eet</strong></span> <span class='ocrx_word' id='word_1_34' title='bbox 572 803 769 887; x_wconf 78' lang='lat' dir='ltr'><strong>plena</strong></span> <span class='ocrx_word' id='word_1_35' title='bbox 806 803 1062 888; x_wconf 78' lang='lat' dir='ltr'><strong>judicio</strong></span> <span class='ocrx_word' id='word_1_36' title='bbox 1113 804 1532 884; x_wconf 67' lang='lat' dir='ltr'><strong>sanquinum,</strong></span> <span class='ocrx_word' id='word_1_37' title='bbox 1582 809 1645 864; x_wconf 75' lang='lat' dir='ltr'><strong>et</strong></span> <span class='ocrx_word' id='word_1_38' title='bbox 1676 803 1831 866; x_wconf 76' lang='lat' dir='ltr'><strong>urbs</strong></span> <span class='ocrx_word' id='word_1_39' title='bbox 1859 801 2055 883; x_wconf 79' lang='lat' dir='ltr'><strong>plena</strong></span> <span class='ocrx_word' id='word_1_40' title='bbox 2095 809 2188 865; x_wconf 73' lang='lat' dir='ltr'><strong>est</strong></span> <span class='ocrx_word' id='word_1_41' title='bbox 2219 801 2484 875; x_wconf 70' lang='lat' dir='ltr'><strong>violentia,</strong></span> <span class='ocrx_word' id='word_1_42' title='bbox 2611 851 2613 882; x_wconf 67' lang='lat' dir='ltr'>e</span> 
     </span>
     <span class='ocr_line' id='line_1_6' title="bbox 433 889 2614 985; baseline -0.001 -15"><span class='ocrx_word' id='word_1_43' title='bbox 433 907 576 970; x_wconf 77' lang='lat' dir='ltr'><strong>ideo</strong></span> <span class='ocrx_word' id='word_1_44' title='bbox 613 905 935 968; x_wconf 80' lang='lat' dir='ltr'><strong>adducam</strong></span> <span class='ocrx_word' id='word_1_45' title='bbox 967 905 1294 985; x_wconf 74' lang='lat' dir='ltr'><strong>pessimas</strong></span> <span class='ocrx_word' id='word_1_46' title='bbox 1335 904 1625 984; x_wconf 53' lang='lat' dir='ltr'><strong>yoniam</strong></span> <span class='ocrx_word' id='word_1_47' title='bbox 1639 949 1656 978; x_wconf 90' lang='lat'><strong>,</strong></span> <span class='ocrx_word' id='word_1_48' title='bbox 1708 909 1782 965; x_wconf 77' lang='lat' dir='ltr'><strong>ut</strong></span> <span class='ocrx_word' id='word_1_49' title='bbox 1824 909 2118 983; x_wconf 73' lang='lat' dir='ltr'><strong><em>occupent</em></strong></span> <span class='ocrx_word' id='word_1_50' title='bbox 2166 903 2366 964; x_wconf 67' lang='lat' dir='ltr'><strong>domas</strong></span> <span class='ocrx_word' id='word_1_51' title='bbox 2408 922 2485 964; x_wconf 79' lang='lat' dir='ltr'><strong>eo-</strong></span> <span class='ocrx_word' id='word_1_52' title='bbox 2611 889 2614 968; x_wconf 72' lang='grc' dir='ltr'>ἶ</span> 
     </span>
     <span class='ocr_line' id='line_1_7' title="bbox 432 991 2612 1088; baseline -0.002 -20"><span class='ocrx_word' id='word_1_53' title='bbox 432 1027 619 1080; x_wconf 79' lang='lat' dir='ltr'><strong>rum;</strong></span> <span class='ocrx_word' id='word_1_54' title='bbox 653 1005 805 1068; x_wconf 68' lang='lat' dir='ltr'><strong>Rem</strong></span> <span class='ocrx_word' id='word_1_55' title='bbox 841 1003 1112 1088; x_wconf 57' lang='lat' dir='ltr'><strong>lambit,</strong></span> <span class='ocrx_word' id='word_1_56' title='bbox 1145 1009 1205 1064; x_wconf 79' lang='lat' dir='ltr'><strong>et</strong></span> <span class='ocrx_word' id='word_1_57' title='bbox 1229 1004 1531 1084; x_wconf 56' lang='lat' dir='ltr'><strong>princeps</strong></span> <span class='ocrx_word' id='word_1_58' title='bbox 1566 1003 1871 1066; x_wconf 76' lang='lat' dir='ltr'><strong>induetur</strong></span> <span class='ocrx_word' id='word_1_59' title='bbox 1900 1005 2199 1083; x_wconf 72' lang='lat' dir='ltr'><strong>stapore“</strong></span> <span class='ocrx_word' id='word_1_60' title='bbox 2236 1003 2370 1063; x_wconf 85' lang='lat' dir='ltr'>VII:</span> <span class='ocrx_word' id='word_1_61' title='bbox 2404 1006 2488 1064; x_wconf 85' lang='grc'><strong>23.</strong></span> <span class='ocrx_word' id='word_1_62' title='bbox 2601 991 2612 1049; x_wconf 59' lang='grc' dir='ltr'>ἒ</span> 
     </span>
     <span class='ocr_line' id='line_1_8' title="bbox 439 1093 2611 1182; baseline -0.002 -15"><span class='ocrx_word' id='word_1_63' title='bbox 439 1113 553 1168; x_wconf 89' lang='grc'><strong>24.</strong></span> <span class='ocrx_word' id='word_1_64' title='bbox 597 1111 722 1182; x_wconf 80' lang='lat'><strong>2⁷3</strong></span> <span class='ocrx_word' id='word_1_65' title='bbox 787 1107 980 1166; x_wconf 87' lang='lat' dir='ltr'><strong>Terra</strong></span> <span class='ocrx_word' id='word_1_66' title='bbox 1021 1111 1114 1166; x_wconf 89' lang='lat' dir='ltr'><strong>est</strong></span> <span class='ocrx_word' id='word_1_67' title='bbox 1149 1103 1454 1178; x_wconf 84' lang='lat' dir='ltr'><strong>Ecclesia3</strong></span> <span class='ocrx_word' id='word_1_68' title='bbox 1502 1103 1687 1182; x_wconf 85' lang='lat' dir='ltr'><strong>plena</strong></span> <span class='ocrx_word' id='word_1_69' title='bbox 1726 1103 1957 1181; x_wconf 85' lang='lat' dir='ltr'><strong>judicio</strong></span> <span class='ocrx_word' id='word_1_70' title='bbox 2012 1106 2376 1180; x_wconf 81' lang='lat' dir='ltr'><strong>sanguinum,</strong></span> <span class='ocrx_word' id='word_1_71' title='bbox 2423 1109 2491 1163; x_wconf 76' lang='lat' dir='ltr'><strong>est</strong></span> <span class='ocrx_word' id='word_1_72' title='bbox 2602 1093 2611 1173; x_wconf 72' lang='grc' dir='ltr'><strong>ς’</strong></span> 
     </span>
     <span class='ocr_line' id='line_1_9' title="bbox 435 1204 2611 1286; baseline -0.005 -18"><span class='ocrx_word' id='word_1_73' title='bbox 435 1208 597 1286; x_wconf 90' lang='lat' dir='ltr'><strong>quod</strong></span> <span class='ocrx_word' id='word_1_74' title='bbox 651 1209 732 1265; x_wconf 89' lang='lat' dir='ltr'><strong>sit</strong></span> <span class='ocrx_word' id='word_1_75' title='bbox 778 1209 840 1265; x_wconf 83' lang='lat' dir='ltr'><strong>in</strong></span> <span class='ocrx_word' id='word_1_76' title='bbox 893 1205 1062 1266; x_wconf 81' lang='lat' dir='ltr'><strong>falsis</strong></span> <span class='ocrx_word' id='word_1_77' title='bbox 1117 1204 1563 1264; x_wconf 81' lang='lat' dir='ltr'><strong>destruentibus</strong></span> <span class='ocrx_word' id='word_1_78' title='bbox 1611 1205 1801 1280; x_wconf 84' lang='lat' dir='ltr'><strong>bona3</strong></span> <span class='ocrx_word' id='word_1_79' title='bbox 1864 1204 2043 1274; x_wconf 87' lang='lat' dir='ltr'><strong>urbs,</strong></span> <span class='ocrx_word' id='word_1_80' title='bbox 2102 1211 2193 1264; x_wconf 83' lang='lat' dir='ltr'><strong>est</strong></span> <span class='ocrx_word' id='word_1_81' title='bbox 2242 1204 2489 1277; x_wconf 73' lang='lat' dir='ltr'><strong>doctrina,</strong></span> <span class='ocrx_word' id='word_1_82' title='bbox 2609 1207 2611 1257; x_wconf 87' lang='grc' dir='ltr'>Ι</span> 
     </span>
     <span class='ocr_line' id='line_1_10' title="bbox 433 1304 2491 1386; baseline -0.003 -18"><span class='ocrx_word' id='word_1_83' title='bbox 433 1308 616 1386; x_wconf 86' lang='lat' dir='ltr'><strong>plena</strong></span> <span class='ocrx_word' id='word_1_84' title='bbox 648 1306 960 1380; x_wconf 84' lang='lat' dir='ltr'><strong>violentia,</strong></span> <span class='ocrx_word' id='word_1_85' title='bbox 1015 1310 1108 1364; x_wconf 90' lang='lat' dir='ltr'><strong>est</strong></span> <span class='ocrx_word' id='word_1_86' title='bbox 1147 1304 1309 1382; x_wconf 87' lang='lat' dir='ltr'><strong>quod</strong></span> <span class='ocrx_word' id='word_1_87' title='bbox 1347 1307 1467 1362; x_wconf 85' lang='lat' dir='ltr'><strong>vim</strong></span> <span class='ocrx_word' id='word_1_88' title='bbox 1506 1305 1725 1364; x_wconf 85' lang='lat' dir='ltr'><strong>inferat</strong></span> <span class='ocrx_word' id='word_1_89' title='bbox 1758 1304 1915 1364; x_wconf 86' lang='lat' dir='ltr'><strong>bono</strong></span> <span class='ocrx_word' id='word_1_90' title='bbox 1950 1305 2285 1379; x_wconf 84' lang='lat' dir='ltr'><strong>charitatis3</strong></span> <span class='ocrx_word' id='word_1_91' title='bbox 2332 1307 2491 1380; x_wconf 81' lang='lat' dir='ltr'><strong>pessi·</strong></span> 
     </span>
     <span class='ocr_line' id='line_1_11' title="bbox 435 1403 2490 1485; baseline -0.004 -16"><span class='ocrx_word' id='word_1_92' title='bbox 435 1426 568 1468; x_wconf 84' lang='lat' dir='ltr'><strong>mae</strong></span> <span class='ocrx_word' id='word_1_93' title='bbox 604 1408 905 1485; x_wconf 86' lang='lat' dir='ltr'><strong>gentium,</strong></span> <span class='ocrx_word' id='word_1_94' title='bbox 951 1410 1092 1464; x_wconf 88' lang='lat' dir='ltr'><strong>sunt</strong></span> <span class='ocrx_word' id='word_1_95' title='bbox 1126 1403 1258 1463; x_wconf 84' lang='lat' dir='ltr'><strong>dira</strong></span> <span class='ocrx_word' id='word_1_96' title='bbox 1303 1404 1459 1464; x_wconf 79' lang='lat' dir='ltr'><strong>salsa</strong></span> <span class='ocrx_word' id='word_1_97' title='bbox 1496 1423 1567 1466; x_wconf 82' lang='lat' dir='ltr'><strong>ex</strong></span> <span class='ocrx_word' id='word_1_98' title='bbox 1612 1404 1771 1464; x_wconf 84' lang='lat' dir='ltr'><strong>malo</strong></span> <span class='ocrx_word' id='word_1_99' title='bbox 1787 1424 1805 1481; x_wconf 81' lang='lat'><em>3</em></span> <span class='ocrx_word' id='word_1_100' title='bbox 1854 1420 2156 1482; x_wconf 84' lang='lat' dir='ltr'><strong>occupare</strong></span> <span class='ocrx_word' id='word_1_101' title='bbox 2190 1404 2380 1463; x_wconf 89' lang='lat' dir='ltr'><strong>domos</strong></span> <span class='ocrx_word' id='word_1_102' title='bbox 2412 1419 2490 1462; x_wconf 85' lang='lat' dir='ltr'><strong>eo-</strong></span> 
     </span>
     <span class='ocr_line' id='line_1_12' title="bbox 436 1503 2493 1586; baseline -0.003 -19"><span class='ocrx_word' id='word_1_103' title='bbox 436 1526 586 1586; x_wconf 88' lang='lat' dir='ltr'><strong>rum,</strong></span> <span class='ocrx_word' id='word_1_104' title='bbox 617 1513 714 1568; x_wconf 84' lang='lat' dir='ltr'><strong>est</strong></span> <span class='ocrx_word' id='word_1_105' title='bbox 745 1511 976 1566; x_wconf 86' lang='lat' dir='ltr'><strong>mentes</strong></span> <span class='ocrx_word' id='word_1_106' title='bbox 1009 1521 1245 1580; x_wconf 81' lang='lat' dir='ltr'><strong>eorum3</strong></span> <span class='ocrx_word' id='word_1_107' title='bbox 1294 1521 1404 1563; x_wconf 81' lang='lat' dir='ltr'><strong>rex</strong></span> <span class='ocrx_word' id='word_1_108' title='bbox 1432 1507 1534 1580; x_wconf 90' lang='lat' dir='ltr'><strong>qui</strong></span> <span class='ocrx_word' id='word_1_109' title='bbox 1567 1503 1813 1582; x_wconf 82' lang='lat' dir='ltr'><strong>lugebit,</strong></span> <span class='ocrx_word' id='word_1_110' title='bbox 1853 1511 1946 1564; x_wconf 88' lang='lat' dir='ltr'><strong>est</strong></span> <span class='ocrx_word' id='word_1_111' title='bbox 1969 1521 2185 1564; x_wconf 84' lang='lat' dir='ltr'><strong>verum</strong></span> <span class='ocrx_word' id='word_1_112' title='bbox 2208 1503 2493 1576; x_wconf 84' lang='lat' dir='ltr'><strong>Ecclesiae3</strong></span> 
     </span>
     <span class='ocr_line' id='line_1_13' title="bbox 435 1601 2496 1685; baseline -0.005 -15"><span class='ocrx_word' id='word_1_113' title='bbox 435 1611 718 1685; x_wconf 86' lang='lat' dir='ltr'><strong>princeps</strong></span> <span class='ocrx_word' id='word_1_114' title='bbox 757 1608 860 1683; x_wconf 85' lang='lat' dir='ltr'><strong>qui</strong></span> <span class='ocrx_word' id='word_1_115' title='bbox 911 1604 1194 1665; x_wconf 87' lang='lat' dir='ltr'><strong>induetur</strong></span> <span class='ocrx_word' id='word_1_116' title='bbox 1243 1610 1523 1680; x_wconf 79' lang='lat' dir='ltr'><strong>stupore,</strong></span> <span class='ocrx_word' id='word_1_117' title='bbox 1580 1613 1673 1666; x_wconf 87' lang='lat' dir='ltr'><strong>est</strong></span> <span class='ocrx_word' id='word_1_118' title='bbox 1710 1621 1924 1664; x_wconf 85' lang='lat' dir='ltr'><strong>verum</strong></span> <span class='ocrx_word' id='word_1_119' title='bbox 1971 1606 2331 1680; x_wconf 81' lang='lat' dir='ltr'><strong>inserviens3</strong></span> <span class='ocrx_word' id='word_1_120' title='bbox 2376 1601 2496 1680; x_wconf 87' lang='lat' dir='ltr'><strong>quod</strong></span> 
     </span>
     <span class='ocr_line' id='line_1_14' title="bbox 439 1703 2493 1778; baseline -0.004 -10"><span class='ocrx_word' id='word_1_121' title='bbox 439 1709 632 1768; x_wconf 86' lang='lat' dir='ltr'><strong>Terra</strong></span> <span class='ocrx_word' id='word_1_122' title='bbox 667 1709 746 1766; x_wconf 87' lang='lat' dir='ltr'><strong>sit</strong></span> <span class='ocrx_word' id='word_1_123' title='bbox 785 1704 1088 1778; x_wconf 74' lang='lat' dir='ltr'><strong>Ecclesia,</strong></span> <span class='ocrx_word' id='word_1_124' title='bbox 1147 1703 1427 1764; x_wconf 81' lang='lat' dir='ltr'><strong>videatur</strong></span> <span class='ocrx_word' id='word_1_125' title='bbox 1468 1723 1539 1765; x_wconf 84' lang='lat' dir='ltr'><strong>n:</strong></span> <span class='ocrx_word' id='word_1_126' title='bbox 1600 1708 1761 1766; x_wconf 83' lang='lat'><strong>662.</strong></span> <span class='ocrx_word' id='word_1_127' title='bbox 1813 1707 2021 1764; x_wconf 89' lang='grc'><strong>1066.</strong></span> <span class='ocrx_word' id='word_1_128' title='bbox 2072 1704 2283 1764; x_wconf 88' lang='grc'><strong>1068.</strong></span> <span class='ocrx_word' id='word_1_129' title='bbox 2330 1705 2493 1764; x_wconf 86' lang='grc'><strong>1262.</strong></span> 
     </span>
     <span class='ocr_line' id='line_1_15' title="bbox 449 1805 2495 1866; baseline -0.002 0"><span class='ocrx_word' id='word_1_130' title='bbox 449 1809 656 1866; x_wconf 89' lang='grc'><strong>1413.</strong></span> <span class='ocrx_word' id='word_1_131' title='bbox 714 1809 921 1866; x_wconf 92' lang='grc'><strong>1607.</strong></span> <span class='ocrx_word' id='word_1_132' title='bbox 983 1807 1194 1864; x_wconf 92' lang='grc'><strong>2928.</strong></span> <span class='ocrx_word' id='word_1_133' title='bbox 1240 1806 1455 1864; x_wconf 89' lang='grc'><strong>3355.</strong></span> <span class='ocrx_word' id='word_1_134' title='bbox 1514 1809 1728 1865; x_wconf 91' lang='grc'><strong>4447.</strong></span> <span class='ocrx_word' id='word_1_135' title='bbox 1789 1806 2003 1864; x_wconf 89' lang='grc'><strong>4535.</strong></span> <span class='ocrx_word' id='word_1_136' title='bbox 2064 1807 2274 1864; x_wconf 87' lang='grc'><strong>5577.</strong></span> <span class='ocrx_word' id='word_1_137' title='bbox 2327 1805 2495 1863; x_wconf 90' lang='grc'><strong>8011.</strong></span> 
     </span>
     <span class='ocr_line' id='line_1_16' title="bbox 445 1903 2497 1983; baseline -0.002 -18"><span class='ocrx_word' id='word_1_138' title='bbox 445 1908 657 1966; x_wconf 90' lang='grc'><strong>9325.</strong></span> <span class='ocrx_word' id='word_1_139' title='bbox 703 1907 890 1966; x_wconf 89' lang='grc'><strong>9643</strong></span> <span class='ocrx_word' id='word_1_140' title='bbox 912 1931 928 1964; x_wconf 75' lang='lat' dir='ltr'><strong><em>z</em></strong></span> <span class='ocrx_word' id='word_1_141' title='bbox 984 1905 1144 1983; x_wconf 86' lang='lat' dir='ltr'><strong>quod</strong></span> <span class='ocrx_word' id='word_1_142' title='bbox 1191 1907 1518 1981; x_wconf 84' lang='lat' dir='ltr'><strong>sanguines</strong></span> <span class='ocrx_word' id='word_1_143' title='bbox 1554 1910 1675 1966; x_wconf 88' lang='lat' dir='ltr'><strong>sint</strong></span> <span class='ocrx_word' id='word_1_144' title='bbox 1710 1905 1867 1964; x_wconf 78' lang='lat' dir='ltr'><strong>falsa</strong></span> <span class='ocrx_word' id='word_1_145' title='bbox 1902 1905 2275 1965; x_wconf 81' lang='lat' dir='ltr'><strong>destruentia</strong></span> <span class='ocrx_word' id='word_1_146' title='bbox 2304 1903 2497 1974; x_wconf 89' lang='lat' dir='ltr'><strong>bonum,</strong></span> 
     </span>
     <span class='ocr_line' id='line_1_17' title="bbox 236 2005 2498 2083; baseline -0.006 -9"><span class='ocrx_word' id='word_1_147' title='bbox 236 2013 396 2074; x_wconf 82' lang='grc'><strong>[161]</strong></span> <span class='ocrx_word' id='word_1_148' title='bbox 437 2025 505 2066; x_wconf 87' lang='lat' dir='ltr'><strong>n:</strong></span> <span class='ocrx_word' id='word_1_149' title='bbox 550 2009 712 2066; x_wconf 87' lang='grc'><strong>374.</strong></span> <span class='ocrx_word' id='word_1_150' title='bbox 747 2007 959 2065; x_wconf 86' lang='grc'><strong>1005.</strong></span> <span class='ocrx_word' id='word_1_151' title='bbox 991 2007 1209 2065; x_wconf 88' lang='grc'><strong>4735.</strong></span> <span class='ocrx_word' id='word_1_152' title='bbox 1247 2005 1460 2065; x_wconf 86' lang='grc'><strong>5476.</strong></span> <span class='ocrx_word' id='word_1_153' title='bbox 1496 2008 1725 2066; x_wconf 81' lang='lat'><strong>9127:</strong></span> <span class='ocrx_word' id='word_1_154' title='bbox 1770 2005 1931 2083; x_wconf 88' lang='lat' dir='ltr'><strong>quod</strong></span> <span class='ocrx_word' id='word_1_155' title='bbox 1964 2005 2111 2064; x_wconf 84' lang='lat' dir='ltr'><strong>urbs</strong></span> <span class='ocrx_word' id='word_1_156' title='bbox 2148 2007 2231 2064; x_wconf 89' lang='lat' dir='ltr'><strong>sit</strong></span> <span class='ocrx_word' id='word_1_157' title='bbox 2262 2005 2498 2076; x_wconf 84' lang='lat' dir='ltr'><strong>doctrina,</strong></span> 
     </span>
     <span class='ocr_line' id='line_1_18' title="bbox 439 2105 2498 2168; baseline -0.002 -2"><span class='ocrx_word' id='word_1_158' title='bbox 439 2126 508 2166; x_wconf 83' lang='lat' dir='ltr'><strong>n:</strong></span> <span class='ocrx_word' id='word_1_159' title='bbox 553 2107 764 2165; x_wconf 82' lang='lat'><strong>2268.</strong></span> <span class='ocrx_word' id='word_1_160' title='bbox 809 2108 1018 2164; x_wconf 91' lang='grc'><strong>2449.</strong></span> <span class='ocrx_word' id='word_1_161' title='bbox 1063 2107 1278 2165; x_wconf 86' lang='grc'><strong>2451.</strong></span> <span class='ocrx_word' id='word_1_162' title='bbox 1322 2108 1536 2165; x_wconf 86' lang='grc'><strong>2712.</strong></span> <span class='ocrx_word' id='word_1_163' title='bbox 1573 2109 1787 2168; x_wconf 86' lang='grc'><strong>2943.</strong></span> <span class='ocrx_word' id='word_1_164' title='bbox 1825 2107 2037 2165; x_wconf 87' lang='grc'><strong>3216.</strong></span> <span class='ocrx_word' id='word_1_165' title='bbox 2069 2107 2286 2164; x_wconf 87' lang='grc'><strong>4492.</strong></span> <span class='ocrx_word' id='word_1_166' title='bbox 2320 2105 2498 2163; x_wconf 84' lang='lat'>4493:</span> 
     </span>
     <span class='ocr_line' id='line_1_19' title="bbox 438 2203 2500 2284; baseline -0.002 -20"><span class='ocrx_word' id='word_1_167' title='bbox 438 2206 598 2284; x_wconf 90' lang='lat' dir='ltr'><strong>quod</strong></span> <span class='ocrx_word' id='word_1_168' title='bbox 651 2203 933 2264; x_wconf 85' lang='lat' dir='ltr'><strong>violentia</strong></span> <span class='ocrx_word' id='word_1_169' title='bbox 985 2209 1064 2265; x_wconf 88' lang='lat' dir='ltr'><strong>sit</strong></span> <span class='ocrx_word' id='word_1_170' title='bbox 1113 2207 1206 2265; x_wconf 84' lang='lat' dir='ltr'><strong>vis</strong></span> <span class='ocrx_word' id='word_1_171' title='bbox 1253 2205 1517 2265; x_wconf 84' lang='lat' dir='ltr'><strong>inserens</strong></span> <span class='ocrx_word' id='word_1_172' title='bbox 1566 2207 1723 2266; x_wconf 91' lang='lat' dir='ltr'><strong>bono</strong></span> <span class='ocrx_word' id='word_1_173' title='bbox 1778 2207 2087 2266; x_wconf 82' lang='lat' dir='ltr'><strong>eharitatis</strong></span> <span class='ocrx_word' id='word_1_174' title='bbox 2104 2250 2123 2280; x_wconf 96' lang='lat'><strong>,</strong></span> <span class='ocrx_word' id='word_1_175' title='bbox 2190 2224 2266 2264; x_wconf 86' lang='lat' dir='ltr'><strong>n:</strong></span> <span class='ocrx_word' id='word_1_176' title='bbox 2326 2203 2500 2266; x_wconf 77' lang='lat'><strong>6353:</strong></span> 
     </span>
     <span class='ocr_line' id='line_1_20' title="bbox 437 2304 2604 2384; baseline -0.002 -19"><span class='ocrx_word' id='word_1_177' title='bbox 437 2306 598 2384; x_wconf 89' lang='lat' dir='ltr'><strong>quod</strong></span> <span class='ocrx_word' id='word_1_178' title='bbox 633 2305 842 2364; x_wconf 89' lang='lat' dir='ltr'><strong>domus</strong></span> <span class='ocrx_word' id='word_1_179' title='bbox 893 2308 1016 2365; x_wconf 88' lang='lat' dir='ltr'><strong>sint</strong></span> <span class='ocrx_word' id='word_1_180' title='bbox 1047 2305 1152 2364; x_wconf 85' lang='lat' dir='ltr'><strong>illa</strong></span> <span class='ocrx_word' id='word_1_181' title='bbox 1189 2304 1355 2383; x_wconf 88' lang='lat' dir='ltr'><strong>apud</strong></span> <span class='ocrx_word' id='word_1_182' title='bbox 1398 2305 1699 2366; x_wconf 88' lang='lat' dir='ltr'><strong>hominem</strong></span> <span class='ocrx_word' id='word_1_183' title='bbox 1750 2319 1904 2384; x_wconf 86' lang='lat' dir='ltr'><strong>quae</strong></span> <span class='ocrx_word' id='word_1_184' title='bbox 1956 2308 2089 2383; x_wconf 90' lang='lat' dir='ltr'><strong>ejus</strong></span> <span class='ocrx_word' id='word_1_185' title='bbox 2136 2307 2351 2366; x_wconf 87' lang='lat' dir='ltr'><strong>mentis</strong></span> <span class='ocrx_word' id='word_1_186' title='bbox 2382 2307 2501 2373; x_wconf 84' lang='lat' dir='ltr'><strong>sunt,</strong></span> <span class='ocrx_word' id='word_1_187' title='bbox 2603 2345 2604 2350; x_wconf 19' lang='grc' dir='ltr'>η</span> 
     </span>
     <span class='ocr_line' id='line_1_21' title="bbox 387 2405 2498 2468; baseline -0.003 -2"><span class='ocrx_word' id='word_1_188' title='bbox 387 2405 502 2466; x_wconf 69' lang='lat' dir='ltr'><strong>‘fn</strong></span> <span class='ocrx_word' id='word_1_189' title='bbox 565 2409 724 2466; x_wconf 91' lang='grc'><strong>710.</strong></span> <span class='ocrx_word' id='word_1_190' title='bbox 779 2408 992 2467; x_wconf 88' lang='grc'><strong>2233.</strong></span> <span class='ocrx_word' id='word_1_191' title='bbox 1037 2408 1250 2466; x_wconf 91' lang='grc'><strong>2234.</strong></span> <span class='ocrx_word' id='word_1_192' title='bbox 1299 2408 1513 2468; x_wconf 90' lang='grc'><strong>2559.</strong></span> <span class='ocrx_word' id='word_1_193' title='bbox 1558 2409 1770 2467; x_wconf 89' lang='grc'><strong>3128.</strong></span> <span class='ocrx_word' id='word_1_194' title='bbox 1816 2408 2026 2468; x_wconf 86' lang='grc'><strong>3538.</strong></span> <span class='ocrx_word' id='word_1_195' title='bbox 2070 2409 2288 2466; x_wconf 89' lang='grc'><strong>4973.</strong></span> <span class='ocrx_word' id='word_1_196' title='bbox 2334 2405 2498 2465; x_wconf 87' lang='grc'><strong>5023.</strong></span> 
     </span>
     <span class='ocr_line' id='line_1_22' title="bbox 439 2504 2503 2584; baseline -0.003 -16"><span class='ocrx_word' id='word_1_197' title='bbox 439 2510 652 2568; x_wconf 89' lang='grc'><strong>6690.</strong></span> <span class='ocrx_word' id='word_1_198' title='bbox 699 2509 913 2568; x_wconf 81' lang='grc'><strong>7353.</strong></span> <span class='ocrx_word' id='word_1_199' title='bbox 961 2507 1172 2566; x_wconf 89' lang='grc'><strong>7848.</strong></span> <span class='ocrx_word' id='word_1_200' title='bbox 1221 2509 1433 2566; x_wconf 90' lang='grc'><strong>7910.</strong></span> <span class='ocrx_word' id='word_1_201' title='bbox 1488 2510 1698 2567; x_wconf 88' lang='grc'><strong>7929.</strong></span> <span class='ocrx_word' id='word_1_202' title='bbox 1744 2509 1965 2567; x_wconf 77' lang='grc' dir='ltr'><strong>915οε</strong></span> <span class='ocrx_word' id='word_1_203' title='bbox 2010 2523 2117 2568; x_wconf 86' lang='lat' dir='ltr'><strong>rex</strong></span> <span class='ocrx_word' id='word_1_204' title='bbox 2166 2510 2274 2584; x_wconf 90' lang='lat' dir='ltr'><strong>qui</strong></span> <span class='ocrx_word' id='word_1_205' title='bbox 2305 2504 2503 2582; x_wconf 84' lang='lat' dir='ltr'><strong>lugebit,</strong></span> 
     </span>
     <span class='ocr_line' id='line_1_23' title="bbox 434 2601 2507 2686; baseline -0.002 -19"><span class='ocrx_word' id='word_1_206' title='bbox 434 2608 596 2686; x_wconf 89' lang='lat' dir='ltr'><strong>quod</strong></span> <span class='ocrx_word' id='word_1_207' title='bbox 643 2610 722 2668; x_wconf 89' lang='lat' dir='ltr'><strong>sit</strong></span> <span class='ocrx_word' id='word_1_208' title='bbox 773 2625 980 2667; x_wconf 86' lang='lat' dir='ltr'><strong>verum</strong></span> <span class='ocrx_word' id='word_1_209' title='bbox 1041 2606 1380 2678; x_wconf 82' lang='lat' dir='ltr'><strong>Ecclesiae,</strong></span> <span class='ocrx_word' id='word_1_210' title='bbox 1446 2607 1727 2667; x_wconf 85' lang='lat' dir='ltr'><strong>videatur</strong></span> <span class='ocrx_word' id='word_1_211' title='bbox 1784 2625 1972 2684; x_wconf 86' lang='lat' dir='ltr'><strong>supra</strong></span> <span class='ocrx_word' id='word_1_212' title='bbox 2031 2626 2107 2668; x_wconf 90' lang='lat' dir='ltr'><strong>n:</strong></span> <span class='ocrx_word' id='word_1_213' title='bbox 2172 2611 2285 2668; x_wconf 88' lang='lat'><strong>31.</strong></span> <span class='ocrx_word' id='word_1_214' title='bbox 2368 2601 2507 2682; x_wconf 84' lang='lat' dir='ltr'><strong>Apud</strong></span> 
     </span>
     <span class='ocr_line' id='line_1_24' title="bbox 431 2705 2506 2783; baseline -0.001 -15"><span class='ocrx_word' id='word_1_215' title='bbox 431 2707 728 2768; x_wconf 85' lang='lat' dir='ltr'><strong>Davidem</strong></span> <span class='ocrx_word' id='word_1_216' title='bbox 795 2705 1126 2783; x_wconf 75' lang='lat' dir='ltr'><strong>„Jehovah</strong></span> <span class='ocrx_word' id='word_1_217' title='bbox 1193 2707 1460 2768; x_wconf 56' lang='lat' dir='ltr'><strong>ivn-itum</strong></span> <span class='ocrx_word' id='word_1_218' title='bbox 1524 2706 1742 2768; x_wconf 76' lang='lat' dir='ltr'><strong>reddit</strong></span> <span class='ocrx_word' id='word_1_219' title='bbox 1810 2705 2153 2769; x_wconf 75' lang='lat' dir='ltr'><strong>eonsilium</strong></span> <span class='ocrx_word' id='word_1_220' title='bbox 2228 2705 2506 2775; x_wconf 76' lang='lat' dir='ltr'><strong>Gentium,</strong></span> 
     </span>
     <span class='ocr_line' id='line_1_25' title="bbox 435 2805 2507 2887; baseline -0.003 -19"><span class='ocrx_word' id='word_1_221' title='bbox 435 2808 740 2868; x_wconf 71' lang='lat' dir='ltr'><strong>subvertit</strong></span> <span class='ocrx_word' id='word_1_222' title='bbox 789 2807 1206 2887; x_wconf 73' lang='lat' dir='ltr'><strong>ooyitationea</strong></span> <span class='ocrx_word' id='word_1_223' title='bbox 1256 2805 1693 2886; x_wconf 78' lang='lat' dir='ltr'><strong>populorum“</strong></span> <span class='ocrx_word' id='word_1_224' title='bbox 1755 2808 1977 2867; x_wconf 90' lang='lat' dir='ltr'><strong>Psalm.</strong></span> <span class='ocrx_word' id='word_1_225' title='bbox 2033 2808 2356 2870; x_wconf 80' lang='lat' dir='ltr'>XXXIII:</span> <span class='ocrx_word' id='word_1_226' title='bbox 2418 2805 2507 2875; x_wconf 82' lang='lat'><strong>103</strong></span> 
     </span>
     <span class='ocr_line' id='line_1_26' title="bbox 439 2903 2509 2985; baseline -0 -18"><span class='ocrx_word' id='word_1_227' title='bbox 439 2907 666 2967; x_wconf 82' lang='lat' dir='ltr'><strong>Gentes</strong></span> <span class='ocrx_word' id='word_1_228' title='bbox 713 2925 824 2983; x_wconf 88' lang='lat' dir='ltr'><strong>pro</strong></span> <span class='ocrx_word' id='word_1_229' title='bbox 883 2907 1001 2967; x_wconf 87' lang='lat' dir='ltr'><strong>illis</strong></span> <span class='ocrx_word' id='word_1_230' title='bbox 1048 2910 1151 2985; x_wconf 92' lang='lat' dir='ltr'><strong>qui</strong></span> <span class='ocrx_word' id='word_1_231' title='bbox 1207 2914 1348 2966; x_wconf 89' lang='lat' dir='ltr'><strong>sunt</strong></span> <span class='ocrx_word' id='word_1_232' title='bbox 1404 2911 1466 2968; x_wconf 89' lang='lat' dir='ltr'><strong>in</strong></span> <span class='ocrx_word' id='word_1_233' title='bbox 1520 2907 1722 2983; x_wconf 88' lang='lat' dir='ltr'><strong>malis,</strong></span> <span class='ocrx_word' id='word_1_234' title='bbox 1752 2915 1837 2967; x_wconf 88' lang='lat' dir='ltr'><strong>-et</strong></span> <span class='ocrx_word' id='word_1_235' title='bbox 1878 2908 2090 2985; x_wconf 89' lang='lat' dir='ltr'><strong>populi</strong></span> <span class='ocrx_word' id='word_1_236' title='bbox 2139 2925 2253 2985; x_wconf 88' lang='lat' dir='ltr'><strong>pro</strong></span> <span class='ocrx_word' id='word_1_237' title='bbox 2293 2907 2405 2968; x_wconf 88' lang='lat' dir='ltr'><strong>illis</strong></span> <span class='ocrx_word' id='word_1_238' title='bbox 2438 2903 2509 2980; x_wconf 83' lang='lat' dir='ltr'><strong>qui</strong></span> 
     </span>
     <span class='ocr_line' id='line_1_27' title="bbox 438 2999 2511 3084; baseline -0.002 -18"><span class='ocrx_word' id='word_1_239' title='bbox 438 3012 580 3066; x_wconf 88' lang='lat' dir='ltr'><strong>sunt</strong></span> <span class='ocrx_word' id='word_1_240' title='bbox 624 3008 686 3064; x_wconf 91' lang='lat' dir='ltr'><strong>in</strong></span> <span class='ocrx_word' id='word_1_241' title='bbox 734 3006 901 3065; x_wconf 80' lang='lat' dir='ltr'><strong>falsis</strong></span> <span class='ocrx_word' id='word_1_242' title='bbox 917 3052 932 3082; x_wconf 96' lang='lat'><strong>,</strong></span> <span class='ocrx_word' id='word_1_243' title='bbox 987 3011 1128 3084; x_wconf 85' lang='lat' dir='ltr'><strong>quia</strong></span> <span class='ocrx_word' id='word_1_244' title='bbox 1159 3007 1248 3067; x_wconf 87' lang='lat' dir='ltr'><strong>ini</strong></span> <span class='ocrx_word' id='word_1_245' title='bbox 1285 3014 1346 3067; x_wconf 92' lang='lat' dir='ltr'><strong>et</strong></span> <span class='ocrx_word' id='word_1_246' title='bbox 1380 3008 1443 3067; x_wconf 88' lang='lat' dir='ltr'><strong>hi</strong></span> <span class='ocrx_word' id='word_1_247' title='bbox 1477 3009 1913 3084; x_wconf 86' lang='lat' dir='ltr'><strong>significantur,</strong></span> <span class='ocrx_word' id='word_1_248' title='bbox 1967 3008 2101 3068; x_wconf 91' lang='lat' dir='ltr'><strong>ideo</strong></span> <span class='ocrx_word' id='word_1_249' title='bbox 2140 3009 2356 3068; x_wconf 88' lang='lat' dir='ltr'><strong>dicitur</strong></span> <span class='ocrx_word' id='word_1_250' title='bbox 2390 2999 2511 3082; x_wconf 83' lang='lat' dir='ltr'><strong>quod</strong></span> 
     </span>
     <span class='ocr_line' id='line_1_28' title="bbox 435 3105 2510 3183; baseline -0.002 -18"><span class='ocrx_word' id='word_1_251' title='bbox 435 3105 718 3165; x_wconf 83' lang='lat' dir='ltr'><strong>Jehovah</strong></span> <span class='ocrx_word' id='word_1_252' title='bbox 752 3107 980 3165; x_wconf 86' lang='lat' dir='ltr'><strong>irritum</strong></span> <span class='ocrx_word' id='word_1_253' title='bbox 1015 3108 1228 3167; x_wconf 84' lang='lat' dir='ltr'><strong>reddet</strong></span> <span class='ocrx_word' id='word_1_254' title='bbox 1263 3109 1576 3168; x_wconf 88' lang='lat' dir='ltr'><strong>consilium</strong></span> <span class='ocrx_word' id='word_1_255' title='bbox 1616 3108 1928 3183; x_wconf 86' lang='lat' dir='ltr'><strong>Gentium,</strong></span> <span class='ocrx_word' id='word_1_256' title='bbox 1980 3115 2043 3168; x_wconf 90' lang='lat' dir='ltr'><strong>et</strong></span> <span class='ocrx_word' id='word_1_257' title='bbox 2092 3109 2405 3168; x_wconf 85' lang='lat' dir='ltr'><strong>subvertet</strong></span> <span class='ocrx_word' id='word_1_258' title='bbox 2436 3120 2510 3163; x_wconf 88' lang='lat' dir='ltr'><strong>co-</strong></span> 
     </span>
     <span class='ocr_line' id='line_1_29' title="bbox 434 3206 2513 3285; baseline -0.001 -21"><span class='ocrx_word' id='word_1_259' title='bbox 434 3206 755 3281; x_wconf 84' lang='lat' dir='ltr'><strong>gitationes</strong></span> <span class='ocrx_word' id='word_1_260' title='bbox 813 3207 1202 3284; x_wconf 86' lang='lat' dir='ltr'><strong>populorum,</strong></span> <span class='ocrx_word' id='word_1_261' title='bbox 1265 3225 1423 3284; x_wconf 89' lang='lat' dir='ltr'><strong>quae</strong></span> <span class='ocrx_word' id='word_1_262' title='bbox 1484 3216 1625 3268; x_wconf 89' lang='lat' dir='ltr'><strong>sunt</strong></span> <span class='ocrx_word' id='word_1_263' title='bbox 1684 3209 1859 3268; x_wconf 82' lang='lat' dir='ltr'><strong>binae</strong></span> <span class='ocrx_word' id='word_1_264' title='bbox 1923 3211 2347 3285; x_wconf 84' lang='lat' dir='ltr'><strong>expressiones</strong></span> <span class='ocrx_word' id='word_1_265' title='bbox 2394 3206 2513 3265; x_wconf 80' lang='lat' dir='ltr'><strong>sicut</strong></span> 
     </span>
     <span class='ocr_line' id='line_1_30' title="bbox 435 3307 2511 3383; baseline -0.001 -17"><span class='ocrx_word' id='word_1_266' title='bbox 435 3307 612 3366; x_wconf 85' lang='lat' dir='ltr'><strong>unius</strong></span> <span class='ocrx_word' id='word_1_267' title='bbox 649 3308 755 3382; x_wconf 88' lang='lat' dir='ltr'><strong>rei,</strong></span> <span class='ocrx_word' id='word_1_268' title='bbox 805 3307 916 3366; x_wconf 90' lang='lat' dir='ltr'><strong>sed</strong></span> <span class='ocrx_word' id='word_1_269' title='bbox 951 3323 1142 3383; x_wconf 86' lang='lat' dir='ltr'><strong>usque</strong></span> <span class='ocrx_word' id='word_1_270' title='bbox 1179 3307 1495 3367; x_wconf 83' lang='lat' dir='ltr'><strong>distinctae</strong></span> <span class='ocrx_word' id='word_1_271' title='bbox 1530 3315 1670 3368; x_wconf 90' lang='lat' dir='ltr'><strong>suut</strong></span> <span class='ocrx_word' id='word_1_272' title='bbox 1706 3311 1767 3366; x_wconf 91' lang='lat' dir='ltr'><strong>in</strong></span> <span class='ocrx_word' id='word_1_273' title='bbox 1808 3325 1997 3368; x_wconf 86' lang='lat' dir='ltr'><strong>sensu</strong></span> <span class='ocrx_word' id='word_1_274' title='bbox 2032 3311 2289 3382; x_wconf 87' lang='lat' dir='ltr'><strong>interno,</strong></span> <span class='ocrx_word' id='word_1_275' title='bbox 2341 3309 2398 3365; x_wconf 87' lang='lat' dir='ltr'><strong>in</strong></span> <span class='ocrx_word' id='word_1_276' title='bbox 2426 3317 2511 3380; x_wconf 85' lang='lat' dir='ltr'><strong>quo</strong></span> 
     </span>
     <span class='ocr_line' id='line_1_31' title="bbox 434 3405 2513 3486; baseline -0.003 -19"><span class='ocrx_word' id='word_1_277' title='bbox 434 3425 546 3484; x_wconf 90' lang='lat' dir='ltr'><strong>per</strong></span> <span class='ocrx_word' id='word_1_278' title='bbox 578 3410 789 3484; x_wconf 82' lang='lat' dir='ltr'><strong>gentes</strong></span> <span class='ocrx_word' id='word_1_279' title='bbox 839 3407 1005 3466; x_wconf 85' lang='lat' dir='ltr'><strong>aliud</strong></span> <span class='ocrx_word' id='word_1_280' title='bbox 1053 3408 1421 3485; x_wconf 86' lang='lat' dir='ltr'><strong>significatur</strong></span> <span class='ocrx_word' id='word_1_281' title='bbox 1464 3427 1643 3485; x_wconf 86' lang='lat' dir='ltr'><strong>quam</strong></span> <span class='ocrx_word' id='word_1_282' title='bbox 1690 3426 1801 3485; x_wconf 90' lang='lat' dir='ltr'><strong>per</strong></span> <span class='ocrx_word' id='word_1_283' title='bbox 1844 3409 2122 3486; x_wconf 91' lang='lat' dir='ltr'><strong>populos.</strong></span> <span class='ocrx_word' id='word_1_284' title='bbox 2201 3407 2387 3485; x_wconf 85' lang='lat' dir='ltr'><strong>Apud</strong></span> <span class='ocrx_word' id='word_1_285' title='bbox 2416 3405 2513 3463; x_wconf 90' lang='lat' dir='ltr'><strong>Lu-</strong></span> 
     </span>
    </p>

    <p class='ocr_par' dir='ltr' id='par_1_3' title="bbox 353 3504 2519 4284">
     <span class='ocr_line' id='line_1_32' title="bbox 353 3504 2515 3588; baseline -0.002 -20"><span class='ocrx_word' id='word_1_286' title='bbox 353 3560 358 3568; x_wconf 88' lang='lat'>.</span> <span class='ocrx_word' id='word_1_287' title='bbox 433 3523 568 3568; x_wconf 81' lang='lat' dir='ltr'><strong>cam</strong></span> <span class='ocrx_word' id='word_1_288' title='bbox 636 3551 674 3583; x_wconf 89' lang='lat'><em>„</em></span> <span class='ocrx_word' id='word_1_289' title='bbox 691 3505 872 3569; x_wconf 73' lang='lat' dir='ltr'><strong>Tune</strong></span> <span class='ocrx_word' id='word_1_290' title='bbox 923 3504 1150 3568; x_wconf 74' lang='lat' dir='ltr'><strong>cadent</strong></span> <span class='ocrx_word' id='word_1_291' title='bbox 1209 3507 1347 3568; x_wconf 82' lang='lat' dir='ltr'><strong>acie</strong></span> <span class='ocrx_word' id='word_1_292' title='bbox 1402 3506 1624 3587; x_wconf 74' lang='lat' dir='ltr'><strong>yladii</strong></span> <span class='ocrx_word' id='word_1_293' title='bbox 1634 3553 1650 3584; x_wconf 95' lang='lat'><strong>,</strong></span> <span class='ocrx_word' id='word_1_294' title='bbox 1714 3513 1775 3569; x_wconf 78' lang='lat' dir='ltr'><strong>et</strong></span> <span class='ocrx_word' id='word_1_295' title='bbox 1832 3508 2329 3588; x_wconf 71' lang='lat' dir='ltr'><strong>captivabuntur</strong></span> <span class='ocrx_word' id='word_1_296' title='bbox 2385 3504 2515 3566; x_wconf 70' lang='lat' dir='ltr'><strong>inter</strong></span> 
     </span>
     <span class='ocr_line' id='line_1_33' title="bbox 433 3604 2519 3689; baseline 0.001 -23"><span class='ocrx_word' id='word_1_297' title='bbox 433 3625 645 3668; x_wconf 75' lang='lat' dir='ltr'><strong>omme</strong></span> <span class='ocrx_word' id='word_1_298' title='bbox 698 3611 914 3686; x_wconf 64' lang='lat' dir='ltr'><strong>,qentes</strong></span> <span class='ocrx_word' id='word_1_299' title='bbox 930 3650 946 3680; x_wconf 93' lang='lat'><strong>,</strong></span> <span class='ocrx_word' id='word_1_300' title='bbox 1006 3612 1068 3667; x_wconf 77' lang='lat' dir='ltr'><strong>et</strong></span> <span class='ocrx_word' id='word_1_301' title='bbox 1119 3606 1376 3668; x_wconf 77' lang='lat' dir='ltr'><strong>tandem</strong></span> <span class='ocrx_word' id='word_1_302' title='bbox 1426 3605 1887 3689; x_wconf 71' lang='lat' dir='ltr'><strong>Hierosolyma</strong></span> <span class='ocrx_word' id='word_1_303' title='bbox 1930 3609 2053 3669; x_wconf 77' lang='lat' dir='ltr'><strong>erit</strong></span> <span class='ocrx_word' id='word_1_304' title='bbox 2100 3604 2457 3669; x_wconf 72' lang='lat' dir='ltr'><strong>conmdoata</strong></span> <span class='ocrx_word' id='word_1_305' title='bbox 2486 3617 2519 3660; x_wconf 76' lang='lat' dir='ltr'><strong><em>a</em></strong></span> 
     </span>
     <span class='ocr_line' id='line_1_34' title="bbox 437 3705 2517 3788; baseline -0.003 -20"><span class='ocrx_word' id='word_1_306' title='bbox 437 3706 746 3770; x_wconf 71' lang='lat' dir='ltr'><strong>Gentibus</strong></span> <span class='ocrx_word' id='word_1_307' title='bbox 759 3752 774 3780; x_wconf 91' lang='lat'><strong>,</strong></span> <span class='ocrx_word' id='word_1_308' title='bbox 823 3725 1021 3786; x_wconf 75' lang='lat' dir='ltr'><strong>usque</strong></span> <span class='ocrx_word' id='word_1_309' title='bbox 1053 3706 1211 3768; x_wconf 79' lang='lat' dir='ltr'><strong>dum</strong></span> <span class='ocrx_word' id='word_1_310' title='bbox 1249 3705 1679 3788; x_wconf 76' lang='lat' dir='ltr'><strong>implebuntur</strong></span> <span class='ocrx_word' id='word_1_311' title='bbox 1712 3713 2000 3788; x_wconf 80' lang='lat' dir='ltr'><strong>tempora</strong></span> <span class='ocrx_word' id='word_1_312' title='bbox 2034 3709 2351 3788; x_wconf 74' lang='lat' dir='ltr'><strong>yentium,</strong></span> <span class='ocrx_word' id='word_1_313' title='bbox 2396 3711 2517 3766; x_wconf 75' lang='lat' dir='ltr'><strong>tum</strong></span> 
     </span>
     <span class='ocr_line' id='line_1_35' title="bbox 431 3803 2515 3889; baseline -0.004 -18"><span class='ocrx_word' id='word_1_314' title='bbox 431 3814 614 3871; x_wconf 66' lang='lat' dir='ltr'><strong>mut</strong></span> <span class='ocrx_word' id='word_1_315' title='bbox 665 3807 860 3888; x_wconf 68' lang='lat' dir='ltr'><strong>sigma</strong></span> <span class='ocrx_word' id='word_1_316' title='bbox 903 3807 976 3868; x_wconf 81' lang='lat' dir='ltr'><strong>in</strong></span> <span class='ocrx_word' id='word_1_317' title='bbox 1011 3803 1187 3883; x_wconf 77' lang='lat' dir='ltr'><strong>sole,</strong></span> <span class='ocrx_word' id='word_1_318' title='bbox 1241 3806 1439 3880; x_wconf 77' lang='lat' dir='ltr'><strong>Luna</strong></span> <span class='ocrx_word' id='word_1_319' title='bbox 1474 3814 1533 3870; x_wconf 82' lang='lat' dir='ltr'><strong>et</strong></span> <span class='ocrx_word' id='word_1_320' title='bbox 1566 3807 1823 3885; x_wconf 73' lang='lat' dir='ltr'><strong>Astrie,</strong></span> <span class='ocrx_word' id='word_1_321' title='bbox 1868 3814 1933 3869; x_wconf 77' lang='lat' dir='ltr'><strong>et</strong></span> <span class='ocrx_word' id='word_1_322' title='bbox 1978 3827 2171 3889; x_wconf 71' lang='lat' dir='ltr'><strong>super</strong></span> <span class='ocrx_word' id='word_1_323' title='bbox 2216 3813 2388 3870; x_wconf 78' lang='lat' dir='ltr'><strong>terra</strong></span> <span class='ocrx_word' id='word_1_324' title='bbox 2418 3821 2515 3863; x_wconf 76' lang='lat' dir='ltr'><strong>an-</strong></span> 
     </span>
     <span class='ocr_line' id='line_1_36' title="bbox 431 3901 2517 3986; baseline -0.002 -18"><span class='ocrx_word' id='word_1_325' title='bbox 431 3909 658 3986; x_wconf 64' lang='lat' dir='ltr'><strong>‚quetia</strong></span> <span class='ocrx_word' id='word_1_326' title='bbox 697 3906 1027 3980; x_wconf 73' lang='lat' dir='ltr'><strong>Gentium,</strong></span> <span class='ocrx_word' id='word_1_327' title='bbox 1079 3913 1413 3968; x_wconf 74' lang='lat' dir='ltr'><strong>resonante</strong></span> <span class='ocrx_word' id='word_1_328' title='bbox 1458 3909 1631 3972; x_wconf 76' lang='lat' dir='ltr'><strong>mari</strong></span> <span class='ocrx_word' id='word_1_329' title='bbox 1680 3913 1741 3969; x_wconf 81' lang='lat' dir='ltr'><strong>et</strong></span> <span class='ocrx_word' id='word_1_330' title='bbox 1786 3906 1978 3969; x_wconf 61' lang='grc' dir='ltr'><strong>δαῖθ’(</strong></span> <span class='ocrx_word' id='word_1_331' title='bbox 2028 3909 2217 3970; x_wconf 84' lang='lat' dir='ltr'>XXI:</span> <span class='ocrx_word' id='word_1_332' title='bbox 2268 3911 2379 3968; x_wconf 88' lang='grc'><strong>24.</strong></span> <span class='ocrx_word' id='word_1_333' title='bbox 2416 3901 2517 3974; x_wconf 84' lang='lat'><strong>253</strong></span> 
     </span>
     <span class='ocr_line' id='line_1_37' title="bbox 435 4007 2517 4085; baseline -0.001 -22"><span class='ocrx_word' id='word_1_334' title='bbox 435 4008 632 4082; x_wconf 81' lang='lat' dir='ltr'><strong>agitur</strong></span> <span class='ocrx_word' id='word_1_335' title='bbox 669 4007 752 4066; x_wconf 89' lang='lat' dir='ltr'><strong>ibi</strong></span> <span class='ocrx_word' id='word_1_336' title='bbox 787 4008 862 4068; x_wconf 91' lang='lat' dir='ltr'><strong>de</strong></span> <span class='ocrx_word' id='word_1_337' title='bbox 899 4011 1408 4068; x_wconf 84' lang='lat' dir='ltr'><strong>consummatione</strong></span> <span class='ocrx_word' id='word_1_338' title='bbox 1446 4010 1703 4084; x_wconf 87' lang='lat' dir='ltr'><strong>saeculi,</strong></span> <span class='ocrx_word' id='word_1_339' title='bbox 1749 4027 1905 4085; x_wconf 84' lang='lat' dir='ltr'><strong>quae</strong></span> <span class='ocrx_word' id='word_1_340' title='bbox 1946 4016 2041 4070; x_wconf 88' lang='lat' dir='ltr'><strong>est</strong></span> <span class='ocrx_word' id='word_1_341' title='bbox 2076 4009 2349 4068; x_wconf 88' lang='lat' dir='ltr'><strong>ultimum</strong></span> <span class='ocrx_word' id='word_1_342' title='bbox 2384 4012 2517 4065; x_wconf 88' lang='lat' dir='ltr'><strong>tem-</strong></span> 
     </span>
     <span class='ocr_line' id='line_1_38' title="bbox 434 4103 2514 4187; baseline -0.001 -25"><span class='ocrx_word' id='word_1_343' title='bbox 434 4122 550 4180; x_wconf 84' lang='lat' dir='ltr'><strong>pus</strong></span> <span class='ocrx_word' id='word_1_344' title='bbox 585 4105 930 4177; x_wconf 85' lang='lat' dir='ltr'><strong>Ecclesiae,</strong></span> <span class='ocrx_word' id='word_1_345' title='bbox 980 4108 1217 4184; x_wconf 86' lang='lat' dir='ltr'><strong>quando</strong></span> <span class='ocrx_word' id='word_1_346' title='bbox 1257 4109 1425 4166; x_wconf 89' lang='lat' dir='ltr'><strong>nulla</strong></span> <span class='ocrx_word' id='word_1_347' title='bbox 1460 4110 1715 4186; x_wconf 87' lang='lat' dir='ltr'><strong>amplius</strong></span> <span class='ocrx_word' id='word_1_348' title='bbox 1764 4109 1913 4170; x_wconf 88' lang='lat' dir='ltr'><strong>fides</strong></span> <span class='ocrx_word' id='word_1_349' title='bbox 1952 4112 2093 4187; x_wconf 86' lang='lat' dir='ltr'><strong>quia</strong></span> <span class='ocrx_word' id='word_1_350' title='bbox 2132 4109 2296 4168; x_wconf 87' lang='lat' dir='ltr'><strong>nulla</strong></span> <span class='ocrx_word' id='word_1_351' title='bbox 2333 4103 2514 4166; x_wconf 87' lang='lat' dir='ltr'><strong>chari-</strong></span> 
     </span>
     <span class='ocr_line' id='line_1_39' title="bbox 437 4199 2519 4284; baseline 0.004 -25"><span class='ocrx_word' id='word_1_352' title='bbox 437 4209 569 4275; x_wconf 82' lang='lat' dir='ltr'><strong>tas,</strong></span> <span class='ocrx_word' id='word_1_353' title='bbox 631 4219 740 4259; x_wconf 85' lang='lat' dir='ltr'><strong>seu</strong></span> <span class='ocrx_word' id='word_1_354' title='bbox 785 4220 904 4262; x_wconf 87' lang='lat' dir='ltr'><strong>non</strong></span> <span class='ocrx_word' id='word_1_355' title='bbox 958 4223 1166 4264; x_wconf 88' lang='lat' dir='ltr'><strong>verum</strong></span> <span class='ocrx_word' id='word_1_356' title='bbox 1220 4210 1363 4281; x_wconf 87' lang='lat' dir='ltr'><strong>quia</strong></span> <span class='ocrx_word' id='word_1_357' title='bbox 1408 4227 1523 4266; x_wconf 88' lang='lat' dir='ltr'><strong>non</strong></span> <span class='ocrx_word' id='word_1_358' title='bbox 1568 4209 1819 4284; x_wconf 89' lang='lat' dir='ltr'><strong>bonum,</strong></span> <span class='ocrx_word' id='word_1_359' title='bbox 1884 4210 1997 4270; x_wconf 84' lang='lat' dir='ltr'><strong>hoc</strong></span> <span class='ocrx_word' id='word_1_360' title='bbox 2050 4209 2402 4270; x_wconf 89' lang='lat' dir='ltr'><strong>describitur</strong></span> <span class='ocrx_word' id='word_1_361' title='bbox 2450 4199 2519 4260; x_wconf 68' lang='lat' dir='ltr'><strong>ibi</strong></span> 
     </span>
    </p>
   </div>
   <div class='ocr_carea' id='block_1_3' title="bbox 2608 3814 2612 4542">
    <p class='ocr_par' dir='ltr' id='par_1_4' title="bbox 2608 3814 2612 4542">
     <span class='ocr_line' id='line_1_40' title="bbox 2608 3814 2612 4542; baseline 0 0"><span class='ocrx_word' id='word_1_362' title='bbox 2608 3814 2612 4542; x_wconf 95' lang='lat' dir='ltr'><strong> </strong></span> 
     </span>
    </p>
   </div>
  </div>
 </body>
</html>
