2700 4792
2235 9 2300 12 v-—-
2309 9 2314 11 .
2321 7 2496 14 ..q-v-—v

339 373 577 428 CAPUT
617 373 982 439 QUARTUM.
1689 377 1903 438 VERS:
1948 391 2037 440 11.
2195 391 2304 444 511

157 533 371 612 Apud
397 533 642 610 Esajam
683 529 840 608 „Sic
873 531 1052 594 dixit
1077 531 1268 595 Deae
1293 532 1598 608 Jehovah,
1636 550 1860 598 ereans·
1883 533 2083 598 coeloe
2108 545 2169 600 et
2192 559 2307 603 ew·
2394 577 2401 587 ·

145 631 474 717 pandens
525 629 680 694 illos
704 677 722 707 ,
792 631 1136 694 emendem
1192 639 1457 704 terram,
1523 634 1690 697 dam
1748 637 2034 699 animam
2072 638 2315 720 populo

159 753 380 816 super
427 729 553 794 illa
565 777 581 809 ,
651 739 711 793 et
761 733 1067 812 spiritum
1111 731 1585 796 ambulantibus
1628 734 1699 797 in
1744 733 1869 798 illa
1879 739 1915 770 “
1980 738 2187 800 XLII:
2234 741 2311 816 55

159 853 294 914 per
335 851 545 894 creare
583 833 785 895 coelos
803 879 820 908 ,
879 841 939 894 et
975 834 1318 910 expandere
1354 834 1526 911 illos,
1582 843 1644 896 et
1674 855 1787 916 per
1819 837 2144 899 extendere
2178 846 2308 901 ter-

155 953 310 996 ram
365 933 736 1011 significatur
768 933 1126 1006 reformare,
1177 952 1290 1012 per
1333 935 1536 995 coeloe
1583 937 1992 1014 significantur
2042 944 2102 998 et
2150 941 2307 1001 coeli
2342 965 2347 970 ·

161 1045 234 1098 et
264 1039 514 1095 interna
547 1034 889 1109 Ecclesiae,
943 1037 1178 1093 interna
1215 1037 1393 1094 etiam
1429 1035 1699 1096 Ecclsiae
1752 1043 1895 1098 eunt
1944 1038 2101 1098 coeli
2144 1041 2309 1117 apud

161 1135 462 1198 homines
515 1135 624 1209 ibi,
681 1141 742 1195 et
775 1151 888 1211 per
935 1141 1159 1194 terram
1213 1136 1581 1212 significatur
1628 1143 1941 1198 externum
1976 1137 2307 1210 Ecclesiae,

164 1253 347 1316 quae
387 1234 646 1310 expandi
681 1241 744 1294 et
777 1233 1020 1293 extendi
1055 1235 1334 1294 dicuntur
1370 1252 1505 1295 cum
1541 1237 2009 1315 multiplicantur
2045 1256 2196 1299 vera
2228 1256 2305 1301 ex

164 1339 384 1411 bou03
439 1335 600 1411 quod
632 1336 978 1395 reformatio
1012 1352 1124 1411 per
1153 1335 1262 1394 illa
1295 1335 1691 1412 significetur,
1746 1344 1945 1416 patet,
1983 1356 2121 1398 nam
2156 1340 2307 1400 dici-

163 1448 280 1499 tur
321 1437 476 1496 dane
513 1438 766 1496 animam
803 1435 1028 1511 populo
1063 1435 1413 1522 supet-illa,
1454 1443 1516 1495 et
1550 1440 1821 1514 spiritum
1858 1437 2297 1499 ambulantibus

166 1543 236 1600 in
287 1537 420 1598 illa.
485 1535 666 1612 Apud
712 1535 996 1603 Eundem,
1048 1578 1088 1609 „
1108 1533 1395 1596 Jehovah
1446 1553 1666 1598 creans
1688 1534 1957 1624 Coelos,
2000 1537 2305 1620 formam

165 1647 428 1701 terram
471 1640 534 1696 et
572 1634 828 1714 faciem
869 1631 1080 1705 illa-m,
1133 1635 1258 1697 τίθη
1296 1635 1677 1697 inanitatem
1718 1638 1955 1700 creavit
1988 1655 2159 1710 eam,
2213 1637 2305 1700 ad

161 1736 603 1802 habitandum
623 1735 942 1817 formavit
965 1738 1151 1796 eam“
1191 1735 1384 1797 XLV=
1422 1740 1451 1794 1
1471 1740 1532 1796 2.
1580 1739 1687 1814 183
1724 1755 1832 1814 per
1860 1737 2079 1800 Coelos
2108 1745 2169 1799 et
2195 1757 2307 1817 per

165 1849 407 1902 terram
447 1845 506 1896 et
539 1853 650 1913 per
683 1853 890 1895 creare
925 1835 1021 1896 hic
1057 1835 1274 1896 similia
1309 1853 1466 1914 quae
1500 1838 1560 1896 in
1595 1837 1728 1898 loco
1764 1854 1953 1914 supra
1986 1837 2175 1898 allato
2212 1840 2299 1898 si-

168 1939 566 2020 gnificatam-3
622 1951 731 2012 per
767 1953 884 1995 non
917 1938 1263 1996 inanitatem
1297 1938 1532 1998 creavit
1570 1955 1707 1998 eam
1744 1938 2111 2016 significatur
2146 1939 2309 2016 quod

170 2059 302 2100 non
343 2040 421 2097 sit
455 2037 686 2113 absque
721 2055 866 2094 vero
917 2044 976 2094 et
1009 2036 1195 2104 bono,
1245 2039 1309 2095 in
1345 2036 1563 2119 quibus
1609 2045 1749 2097 sunt
1800 2039 2141 2113 reformati3
2196 2057 2301 2098 ca·-

169 2141 380 2200 rentia
427 2155 632 2198 eorum
679 2145 772 2196 est
818 2137 1108 2212 inanita83
1163 2153 1271 2214 per
1308 2136 1387 2194 ad
1432 2135 1819 2198 habitandum
1856 2139 2135 2197 formavit
2171 2156 2302 2198 eam

173 2239 554 2315 significatur
599 2236 757 2314 quod
794 2235 867 2294 ad
906 2237 1226 2298 vivendum
1261 2237 1589 2296 secundum
1630 2236 1735 2296 illa
1772 2245 1833 2297 et
1869 2255 1945 2296 ex
1978 2237 2127 2314 illis,
2182 2238 2299 2298 ha-

177 2337 382 2395 bitare
411 2341 564 2396 enim
591 2337 885 2414 significat
911 2339 1133 2396 vivere.
1170 2331 1348 2413 Apud
1377 2335 1642 2396 Eundem
1669 2335 1884 2410 „Ecce
1906 2334 2061 2417 Eyo
2084 2357 2305 2400 creans
2408 2399 2415 2406 ,

176 2431 444 2497 C‘oelum
491 2455 720 2517 novum
773 2442 836 2496 et
883 2442 1122 2498 terram
1169 2453 1398 2498 novam
1409 2455 1439 2509 ,·
1513 2433 1853 2497 laetamini
1903 2442 1967 2496 et
2012 2435 2301 2499 exultate

171 2537 250 2598 irc
294 2540 616 2598 aetemum
645 2554 806 2616 quae
842 2535 992 2617 Eyo
1035 2521 1285 2600 cream:
1338 2555 1469 2599 ecce
1500 2535 1651 2618 Eyo
1691 2540 2021 2598 creaturae
2054 2536 2295 2600 Hiero-

65 2625 70 2630 ’
170 2634 500 2720 solymam
538 2635 1022 2712 multatim,
1075 2641 1137 2698 et
1162 2633 1479 2718 pop-ulum
1513 2637 1651 2720 eius
1688 2633 2054 2698 laetitiam“
2100 2634 2297 2698 LXV:

181 2743 299 2800 17.
353 2740 470 2813 183
525 2756 635 2814 per
670 2755 878 2798 creare
915 2737 1162 2798 Coelum
1201 2756 1420 2797 novum
1448 2744 1509 2798 et
1544 2744 1765 2797 terram
1798 2753 2017 2798 novam
2051 2755 2169 2798 non
2200 2739 2299 2796 in-

169 2837 470 2916 telligitur
515 2837 752 2897 coelum
800 2837 1168 2916 aspectabile
1219 2845 1281 2898 et
1331 2845 1497 2898 terra
1538 2835 1879 2898 habitabilis
1895 2880 1912 2912 ,
1968 2837 2080 2896 sed
2124 2837 2299 2898 Nova

166 2939 458 3001 Ecclesia
489 2939 724 2997 interna
759 2946 822 2998 et
855 2946 1122 3007 externa,
1161 2937 1411 2998 Coelum
1448 2945 1544 2998 est
1570 2939 1863 2997 internum
1892 2936 2202 2996 Ecclesiae
2240 2946 2301 2998 et

167 3048 348 3102 terra
369 3046 476 3098 -est
511 3047 820 3098 externum
857 3040 990 3116 ejus
1001 3061 1018 3116 3
1057 3039 1198 3116 quid
1232 3039 1531 3098 internum
1562 3037 1875 3098 Ecclesiae
1914 3044 1975 3096 et
2016 3037 2157 3114 quid
2186 3054 2295 3098 ex-

167 3150 415 3202 ternum
487 3141 618 3216 ejus
628 3185 645 3215 ,
714 3139 990 3199 videatur
1047 3140 1110 3198 in
1157 3137 1486 3198 Docrmm
1531 3137 1753 3198 Novar.
1811 3137 2301 3198 Hmaosommuz

169 3259 246 3301 n:
293 3244 474 3314 2463
529 3240 664 3299 ideo
702 3240 932 3314 dicitur,
973 3256 1115 3300 ecce
1151 3239 1278 3314 Ego
1316 3245 1627 3298 creaturus
1666 3236 2147 3314 Hierosolymam
2184 3253 2298 3296 ex·

166 3341 531 3402 ultationem
569 3345 630 3396 et
663 3339 949 3416 populum
989 3339 1119 3416 ejus
1153 3338 1469 3413 laetitiam,
1508 3338 1929 3416 Hierosolyma
1964 3343 2057 3396 est
2080 3337 2295 3396 Eccle-

171 3443 300 3511 sia,
361 3437 648 3496 exultatio
687 3445 778 3496 est
803 3438 1132 3514 jucundum
1181 3440 1312 3514 eius
1363 3455 1439 3497 ex
1471 3437 1660 3510 bono,
1714 3445 1775 3498 et
1806 3437 2037 3497 laetitia
2069 3443 2166 3496 eet
2190 3438 2299 3514 ju-

166 3539 436 3601 cundum
473 3536 604 3612 ejus
640 3551 716 3594 ex
751 3553 915 3594 vero.
997 3536 1204 3597 Simile
1237 3555 1350 3614 per
1386 3537 1639 3596 Coelum
1680 3555 1904 3598 novum
1938 3542 2001 3596 et
2038 3535 2292 3595 Terram

169 3656 396 3701 novam
433 3635 799 3712 significatur
833 3636 994 3710 apud
1021 3637 1290 3696 Eundem
1315 3637 1699 3712 Prophetam,
1740 3636 1889 3714 Cap:
1920 3634 2143 3696 LXVI:
2177 3639 2290 3694 22:

173 3749 238 3800 et
273 3737 469 3798 simile
503 3753 616 3814 per
642 3734 890 3796 Coelum
925 3751 1147 3793 novum
1183 3742 1244 3794 et
1272 3736 1524 3795 Terram
1570 3753 1787 3796 novam
1822 3740 1885 3796 in
1923 3726 2320 3814 Apocalypsi*

175 3839 340 3916 Gap:
376 3837 537 3898 XXI
552 3859 567 3895 ε
612 3841 687 3912 13
741 3841 803 3896 et
847 3833 1040 3894 simile
1086 3850 1196 3910 per
1231 3835 1338 3894 illa
1388 3837 1450 3893 in
1486 3833 1698 3912 Capite
1742 3836 1943 3896 Primo
1984 3836 2295 3897 Genesees

173 3981 214 4014 „
224 3936 314 3998 In
337 3936 664 4018 principio
699 3934 934 3999 creavit
957 3931 1242 3995 Jehovah
1269 3930 1527 3994 eoelum
1564 3939 1625 3993 ec
1656 3933 1929 3996 Terram
1938 3955 1967 4008 ,⁰
2006 3940 2067 3995 et
2097 3935 2301 3999 Terra

173 4042 319 4096 erat
351 4055 554 4098 vacua
585 4042 648 4098 et
681 4034 900 4098 inanis
911 4081 929 4112 ‚
977 4039 1036 4096 et
1079 4033 1359 4095 tenebrae
1393 4049 1585 4110 super
1603 4031 1900 4113 saeiebue
1936 4035 2162 4116 abyssi
2170 4055 2201 4110 5
2238 4041 2303 4096 et

172 4135 454 4214 spiritus
479 4136 620 4198 Dei
655 4155 724 4198 ee
755 4137 1034 4200 movebat
1077 4152 1268 4214 cuper
1291 4131 1589 4215 faciebus
1630 4147 1983 4208 aquarum:
2018 4139 2080 4194 et
2122 4135 2303 4198 clicuit

185 4234 396 4310 Deus,
441 4237 572 4316 fiat
604 4235 762 4300 Ima
801 4243 860 4299 et
887 4237 1078 4318 sacta
1111 4241 1206 4297 eet
1247 4233 1403 4298 Luae
1425 4255 1445 4294 .·
1485 4235 1546 4292 et
1584 4222 1821 4294 mavit
1856 4228 2049 4304 Deus
2089 4233 2297 4294 homi·-
