2700 4792
303 375 542 436 CAPUT
583 375 986 432 SECUNDUM.
1633 377 1813 432 VERS
1837 396 1850 430 z
1906 385 1998 440 28.
2194 389 2307 442 240

191 536 413 598 seriem
447 536 512 592 in
547 550 730 594 sensu
767 536 1005 593 interno
1040 534 1334 612 significat
1345 555 1363 611 3
1402 536 1464 594 in
1490 553 1773 612 supremo
1801 553 1984 596 sensu
2012 539 2308 614 significat

187 637 546 710 Dominum,
621 641 680 694 et
731 651 972 716 quoque
1031 635 1355 695 adventum
1410 635 1645 712 Ipsius,
1717 640 1779 696 in
1838 655 2020 698 sensu
2071 641 2305 698 interno

191 735 494 814 significat
527 735 802 812 Regnum
837 734 1037 811 Ipsius
1077 741 1137 794 et
1171 734 1534 808 Ecclesiam,
1580 742 1641 795 ct
1676 738 1808 812 ejus
1848 744 2067 796 statum
2102 735 2301 816 pa'cis3

193 839 377 896 etiam
423 834 721 912 significat
767 840 990 893 statum
1033 837 1288 911 primum
1327 835 1640 894 Ecclesiae
1678 835 1917 906 Novae,
1972 844 2033 896 et
2066 856 2305 915 quoque

191 943 414 996 statum
454 937 702 1011 amoris,
751 942 877 993 tum
917 941 1138 994 statum
1175 934 1619 1011 illustrationis,
1662 937 1911 1013 proinde
1952 943 2172 995 statum
2208 941 2304 996 in-

193 1036 566 1112 telligentiae
633 1041 694 1094 et
754 1035 1114 1112 sapientiae,
1181 1042 1241 1094 et
1300 1053 1538 1112 quoque
1592 1042 1816 1095 statum
1875 1037 2305 1114 conjunctionis

191 1137 344 1194 boni
382 1142 444 1196 et
475 1137 632 1209 veri,
690 1137 794 1212 qui
831 1141 924 1204 est
975 1134 1210 1211 quando
1246 1135 1525 1195 Internus
1563 1137 1739 1195 homo
1778 1137 2152 1214 conjungitur
2176 1137 2303 1196 Ex-

193 1245 401 1296 terno:
447 1235 607 1312 quod
649 1235 828 1294 Mane
867 1241 988 1293 tam
1023 1235 1193 1294 varia
1241 1236 1567 1312 significet,
1620 1243 1713 1295 est
1748 1239 1889 1313 quia
1928 1239 1987 1294 in
2024 1253 2303 1312 supremo

191 1353 380 1396 sensu
414 1335 708 1412 significat
737 1335 1022 1394 Divinum
1050 1335 1395 1394 Humanum
1427 1336 1685 1406 Domini,
1720 1336 1857 1396 inde
1894 1338 2071 1396 etiam
2108 1340 2305 1396 omnia
2344 1345 2507 1407 [168]

190 1435 296 1496 illa
332 1453 490 1513 qua-e
545 1453 619 1494 ex
656 1434 768 1494 Illo
813 1435 1176 1512 procedunt,
1227 1453 1367 1494 nam
1402 1437 1695 1495 Dominus
1744 1442 1838 1496 est
1879 1439 1942 1496 in
1994 1437 2113 1498 illis
2150 1455 2305 1522 quae

195 1536 272 1596 ab
310 1536 456 1613 Ipso
481 1535 846 1612 procedunt,
900 1535 1052 1594 adeo
1087 1542 1154 1594 ut
1187 1539 1266 1594 sit
1300 1535 1443 1612 Ipse
1480 1536 1581 1596 ibi.
1650 1535 1825 1612 Quod
1861 1537 2143 1596 Divinum
2166 1537 2303 1597 Hu-

191 1653 436 1696 manum
472 1636 713 1694 Domini
749 1637 810 1694 in
849 1652 1130 1712 supremo
1171 1651 1355 1696 sensu
1400 1636 1770 1713 intelligatur
1816 1656 1927 1713 per
1968 1637 2164 1707 Mane,
2214 1644 2307 1698 est

157 1739 336 1812 ‚quia
370 1736 665 1795 Dominus
712 1742 804 1794 est
852 1734 958 1794 Sol
997 1735 1149 1796 coeli
1185 1735 1471 1813 angelici,
1534 1744 1593 1795 et
1632 1735 1735 1796 Sol
1783 1737 1943 1796 illius
1996 1738 2151 1798 coeli
2186 1755 2307 1796 uon

191 1837 577 1914 progreditur
625 1853 661 1893 a
700 1836 878 1896 Mane
923 1836 1000 1893 ad
1046 1854 1365 1914 vesperam
1417 1853 1527 1896 seu
1575 1836 1649 1895 ab
1688 1835 1838 1897 Ortu
1888 1839 1964 1897 ad
2005 1855 2305 1908 occasum,

189 1942 352 1997 sicut
391 1931 499 1998 Sol
531 1935 739 2002 mundi
775 1937 850 1994 ad
887 1941 1331 2012 apparentiam,
1388 1937 1497 1995 sed
1532 1944 1731 1997 manet
1770 1945 2051 1998 constans
2098 1941 2160 1996 in
2195 1955 2305 1997 suo

186 2039 322 2105 loco
376 2043 715 2095 antrorsum
769 2054 954 2113 supra
1003 2037 1231 2111 cocIOS,
1299 2037 1437 2096 inde
1487 2046 1579 2096 est
1632 2039 1791 2112 quod
1842 2040 1919 2097 sit
1966 2055 2208 2115 semper
2246 2041 2306 2097 in

188 2139 404 2208 Mane,
461 2144 522 2196 et
563 2153 865 2213 nusquam
919 2139 980 2194 in
1015 2137 1292 2214 Vespera
1303 2157 1322 2213 ς
1387 2144 1447 2196 et
1492 2140 1633 2214 quia
1676 2139 1864 2196 omnis
1913 2139 2306 2215 intelligentia

191 2249 252 2298 et
287 2239 616 2314 sapientia,
658 2255 814 2313 quae
851 2243 945 2296 est
972 2236 1252 2314 AngeliS,
1307 2255 1344 2296 a
1370 2238 1627 2297 Domino
1656 2244 1722 2295 ut
1752 2237 1923 2314 Sole,
1982 2239 2143 2316 apud
2170 2239 2305 2299 illos

191 2339 438 2412 existit,
489 2338 629 2397 ideo
679 2339 857 2396 etiam
894 2343 1088 2396 status
1142 2337 1379 2396 illorum
1421 2339 1639 2396 amoris
1653 2383 1671 2412 ,
1733 2355 1803 2396 ac
1838 2344 2031 2396 status
2067 2339 2340 2423 illorumo

189 2440 529 2515 sapientiae
568 2444 627 2496 et
670 2437 1096 2512 intelligentiae
1116 2482 1132 2512 ,
1191 2443 1252 2496 et
1285 2440 1345 2498 in
1398 2453 1617 2514 genere
1659 2443 1853 2496 status
1890 2437 2304 2498 illustrationis

189 2539 438 2598 illorum
469 2555 578 2613 per
609 2538 786 2597 Mane
819 2538 1220 2613 significatur,
1271 2538 1607 2614 procedunt
1652 2539 1809 2596 enim
1842 2536 1948 2594 illa
1984 2555 2020 2593 a
2047 2537 2305 2596 Domino

197 2643 272 2696 ut
308 2635 470 2712 Sole,
523 2644 580 2696 et
612 2638 770 2714 quod
811 2638 1082 2714 procedit
1118 2637 1193 2696 ab
1234 2637 1379 2715 Ipso
1416 2637 1509 2697 est
1550 2637 1733 2715 Ipse,
1782 2654 1856 2695 ex
1890 2636 2109 2694 Divino
2150 2639 2307 2694 enim

187 2755 314 2797 non
343 2737 511 2796 aliud
547 2755 723 2814 quam
750 2737 1036 2796 Divinum
1070 2739 1362 2814 procedit,
1400 2744 1461 2796 et
1494 2755 1667 2796 omne
1694 2738 1977 2797 Divinum
2015 2742 2109 2794 est
2144 2736 2305 2812 Ipse.

189 2838 372 2914 Quod
405 2838 703 2897 Dominus
731 2839 809 2896 sit
837 2835 940 2896 Sol
979 2837 1148 2898 Coeli
1182 2839 1459 2916 angelici,
1506 2844 1566 2896 et
1594 2837 1751 2914 quod
1785 2836 1860 2896 ab
1889 2836 2034 2914 Ipso
2064 2843 2131 2894 ut
2162 2835 2305 2896 Sole

189 2941 414 2998 existat
447 2941 641 2997 omnis
691 2954 886 3011 amor,
954 2940 1252 3015 sapientia
1290 2945 1348 2998 et
1384 2938 1807 3014 intelligentia,
1875 2943 1935 2996 et
1978 2939 2040 2995 in
2083 2953 2305 3012 genere

193 3041 388 3098 omnis
422 3037 748 3097 illustratio
782 3039 980 3114 quoad
1013 3039 1236 3098 Divina
1271 3040 1454 3114 Vera,
1497 3056 1571 3098 ex
1600 3039 1815 3115 quibus
1860 3045 1951 3097 est
1985 3039 2303 3114 sapientia,

189 3139 472 3198 videatur
518 3140 580 3196 in
630 3138 830 3215 Opere
873 3137 948 3198 de
991 3138 1194 3198 Coi-:Lo
1232 3155 1310 3197 nr
1361 3138 1667 3213 Inurum,
1723 3157 1793 3197 n:
1844 3141 1979 3198 116
2023 3137 2100 3196 ad
2149 3139 2308 3198 125.

198 3240 338 3297 126
382 3238 461 3296 ad
505 3241 666 3298 143.
715 3239 872 3297 155.
915 3239 1075 3297 156.
1135 3239 1227 3296 Ex
1261 3238 1354 3297 his
1394 3245 1669 3298 constare
1702 3246 1933 3316 potest,
1981 3239 2140 3298 unde
2190 3246 2301 3313 est,

195 3337 365 3414 quod
395 3340 458 3396 in
499 3337 702 3398 Verbo
739 3339 916 3397 toties
959 3337 1190 3397 dicatur
1223 3337 1432 3412 Mane,
1496 3356 1631 3398 cum
1668 3341 1865 3416 agitur
1904 3339 1977 3398 de
2024 3339 2306 3398 Jehovah

193 3454 314 3496 seu
339 3435 628 3514 Domino,
697 3438 770 3498 de
822 3437 1024 3513 Ipsius
1061 3436 1355 3512 adventu,
1408 3438 1617 3516 Regno
1656 3445 1717 3499 et
1748 3439 2048 3510 Ecclesia,
2112 3454 2182 3495 ac
2232 3436 2307 3495 de

189 3539 368 3596 bonis
405 3555 640 3614 eorum,
704 3545 770 3597 ut
803 3541 864 3596 in
913 3536 1304 3614 sequentibus
1331 3537 1427 3597 his
1466 3539 1649 3618 locis,
1702 3556 1855 3614 quae
1892 3536 2307 3595 illustrationis

189 3654 384 3696 causa
421 3636 562 3695 volo
611 3637 941 3715 adducere3
1011 3640 1073 3696 in
1115 3637 1294 3696 Libro
1341 3638 1406 3697 II
1453 3637 1751 3698 Samuelis
1821 3633 2077 3711 „Dixit
2114 3631 2307 3693 Deus

189 3732 506 3807 Israelis,
557 3737 721 3798 mihi
761 3735 1022 3818 loquuta
1067 3742 1162 3798 est
1195 3735 1399 3798 Petra
1435 3732 1715 3796 Israelis
1725 3779 1744 3810 ,
1810 3731 1939 3794 me
1986 3731 2153 3792 sicut
2190 3729 2308 3792 lum

189 3835 408 3908 Mane,
450 3837 658 3900 oritur
693 3836 825 3910 Sol,
875 3836 1071 3898 Mane
1106 3837 1244 3897 sine
1267 3836 1580 3898 nubibus“
1627 3831 1876 3893 XXIII:
1924 3834 1982 3891 3.
2026 3835 2101 3906 43
2137 3831 2307 3890 Deus

188 3935 442 3995 Israelis
481 3943 542 3996 et
577 3938 788 4011 Petra,
839 3944 933 3999 est
967 3939 1259 3998 Dominus
1298 3935 1497 4013 quoad
1522 3935 1804 3995 Divinum
1830 3933 2200 4003 Humanum,
2248 3937 2331 3991 et-

187 4035 328 4096 inde
365 4037 706 4112 procedens
741 4039 1028 4098 Divinum
1062 4038 1318 4111 Verum,
1369 4033 1539 4094 Deus
1575 4033 1819 4092 Israelis
1874 4051 1949 4094 ex
1990 4051 2092 4123 eo,
2152 4033 2311 4110 quod

189 4135 386 4195 Israel
429 4139 510 4195 sit
543 4137 823 4198 Ecclesia
857 4135 1186 4215 spiritualis
1221 4136 1455 4213 Ipsius,
1512 4141 1573 4193 et
1610 4133 1791 4192 Petra
1842 4137 1982 4210 quia
2023 4135 2309 4198 Divinum

193 4234 400 4318 Ipsius
451 4236 534 4295 ibi
595 4247 688 4297 cst
739 4239 1026 4298 Divinum
1069 4237 1326 4311 Verum,
1388 4233 1661 4299 videatur
1712 4251 1785 4292 n:
1833 4236 2043 4295 3720.
2096 4235 2309 4293 6426.
