2700 4792
453 343 562 396 332
715 329 1204 387 APOCALYPSIS
1245 329 1674 388 EXPLICATA.
1730 330 1778 399 §.
1820 337 1955 392 212.
2000 337 2130 392 213.
2172 337 2305 390 ¹14.

451 491 654 551 oleum
686 489 1055 568 significatur
1099 489 1322 548 bonum
1358 492 1575 550 amoris
1589 534 1606 564 ,
1670 489 1811 548 inde
1856 505 1975 565 per
2014 489 2277 563 quinque
2311 487 2552 562 virgines

453 590 670 651 stultas
707 607 864 667 quae
899 606 1016 648 non
1043 588 1243 648 oleum
1275 589 1581 649 habebant
1613 590 1671 646 in
1704 587 2097 665 lampadibus
2115 629 2132 661 ,
2172 585 2556 664 significantur

453 693 556 767 qui
591 691 652 748 in
685 689 802 748 fide
839 696 978 748 sunt
1007 697 1070 748 et
1093 706 1212 748 non
1239 693 1299 748 in
1325 706 1549 749 amore.
1606 687 1813 748 Simile
1850 690 2041 748 etiam
2078 687 2442 764 significatur
2462 702 2558 760 per

367 807 376 816 ’
452 789 746 865 „H'ireos
779 789 892 868 qui
925 787 1016 849 ad
1049 788 1406 865 sinistram,
1446 788 1675 867 quibus
1712 787 1963 850 dictum
1998 792 2100 847 est
2111 831 2129 861 ,
2168 785 2336 864 quod
2366 783 2552 844 eami-

453 888 621 950 verit
655 893 716 948 et
743 888 1024 950 sitium-it
1073 893 1133 947 et
1171 907 1298 949 non
1323 887 1615 949 dederint
1664 885 1775 949 illi
1804 887 1991 948 edere
2034 892 2097 945 et
2144 885 2368 959 bibere,
2414 882 2558 962 quod

443 988 829 1070 parem-inus
850 989 1064 1068 fuer-it
1097 995 1158 1048 et
1208 1008 1334 1050 non
1380 985 1774 1068 eolleymnt,
1826 987 2003 1067 quod
2036 983 2260 1046 nudus
2281 983 2481 1064 fuerit
2512 986 2559 1040 et

451 1107 578 1150 non
609 1088 1010 1149 amicivmnt
1024 1131 1040 1160 ,
1091 1087 1261 1166 quod
1297 1093 1600 1168 aegrotus
1638 1094 1699 1148 et
1742 1088 1815 1148 in
1854 1105 2113 1150 earcere
2166 1091 2229 1144 et
2260 1103 2382 1144 non
2416 1081 2552 1142 visi-

447 1188 794 1250 -taverim“
845 1188 1067 1248 Matth:
1117 1189 1322 1248 XXV:
1376 1193 1489 1249 41.
1545 1191 1661 1248 42.
1699 1191 1825 1265 433
1874 1206 1989 1264 per
2032 1202 2187 1246 oves
2233 1185 2317 1243 ibi
2360 1184 2457 1259 qui
2496 1180 2557 1238 ad

453 1288 724 1350 dextram
760 1288 1174 1364 significantur
1221 1291 1322 1364 qui
1368 1290 1433 1346 in
1478 1288 1795 1364 charitate,
1841 1305 1954 1365 per
1990 1287 2201 1346 hireos
2238 1287 2339 1361 qui
2380 1285 2433 1340 in
2458 1280 2553 1338 fide

451 1395 514 1450 et
547 1388 714 1448 nulla
747 1388 1044 1448 charitate
1063 1432 1080 1460 ,
1127 1388 1287 1464 quod
1322 1388 1385 1448 hi
1418 1405 1531 1464 per
1564 1389 1763 1449 hireos
1800 1387 2256 1465 significentur,
2309 1383 2553 1441 videatur

451 1505 522 1548 n:
565 1489 794 1564 47693
847 1496 906 1546 et
941 1488 1030 1546 illi
1063 1505 1176 1565 per
1211 1505 1388 1563 oves,
1428 1506 1506 1547 n:
1549 1492 1762 1548 4169.
1805 1489 2025 1548 4809.

607 1591 689 1647 21
709 1589 769 1648 3.
821 1589 899 1646 Et
932 1590 1126 1648 sciant
1161 1589 1323 1663 quod
1354 1589 1484 1665 Ego
1522 1588 1703 1648 dilexi
1730 1596 1809 1663 te,
1852 1589 2018 1664 quod
2048 1585 2351 1662 significet
2374 1581 2549 1656 cogni-

451 1688 674 1748 tionem
711 1687 880 1761 inde,
932 1689 1094 1763 quod
1128 1687 1422 1747 Dominus
1456 1690 1516 1746 in
1556 1689 1845 1748 charitate
1882 1703 2187 1764 praesens
2222 1687 2303 1744 sit
2354 1689 2411 1740 et
2450 1695 2547 1736 non

449 1789 512 1846 in
545 1786 662 1846 fide
715 1787 947 1863 absque
999 1788 1129 1863 illa,
1179 1794 1417 1847 constat
1466 1806 1541 1847 ex
1574 1788 2009 1865 significatione
2048 1790 2243 1859 seire,
2294 1779 2445 1858 quod
2484 1779 2546 1834 sit

451 1888 741 1962 cogniti03
797 1892 857 1946 et
907 1903 983 1946 ex
1019 1887 1449 1965 significatione
1486 1888 1763 1964 diligere,
1803 1905 1939 1947 eum
1968 1889 2045 1946 de
2083 1886 2371 1952 Domino,
2410 1875 2547 1954 quod

447 1988 532 2044 sit
567 1985 726 2061 quod
757 2002 1048 2062 praesens
1084 1991 1192 2063 sit3
1248 1988 1412 2064 quod
1444 2004 1741 2063 praesens
1782 1990 1863 2046 sit
1914 1990 1979 2046 in
2016 1988 2315 2047 charitate
2362 1986 2418 2039 et
2446 1993 2543 2034 non

447 2088 512 2146 in
542 2085 660 2146 fide
695 2085 922 2164 absque
963 2086 1103 2162 illa,
1159 2095 1252 2148 est
1289 2091 1433 2163 quia
1468 2091 1666 2164 agitur
1704 2088 1777 2147 de
1814 2087 1932 2146 illis
1970 2091 2079 2164 qui
2112 2089 2176 2145 in
2220 2083 2337 2144 fide
2370 2078 2539 2138 ehari-

449 2187 591 2244 tatis
629 2192 798 2257 sunt,
831 2186 1108 2246 videatur
1143 2205 1330 2264 supra
1364 2206 1431 2246 n:
1476 2190 1648 2264 2033
1708 2205 1777 2248 ae
1813 2188 2115 2248 Dominus
2152 2194 2434 2262 praesens
2466 2179 2540 2232 est

447 2287 512 2345 in
545 2285 856 2346 affectione
901 2303 1010 2346 seu
1047 2304 1248 2346 amore
1274 2288 1547 2363 hominm,
1586 2291 1671 2347 ita
1702 2291 1763 2346 in
1800 2289 1931 2365 ejus
1968 2290 2223 2364 spiritus
2258 2284 2394 2348 vita,
2424 2291 2538 2334 nam

447 2403 614 2448 amor
651 2402 762 2446 seu
798 2385 1030 2446 affectio
1081 2387 1224 2447 facit
1264 2391 1446 2448 vitam
1488 2391 1733 2464 spiritus
1773 2389 1929 2468 ejus,
1970 2388 2407 2462 consequenter
2427 2377 2535 2435 Do-

445 2487 640 2548 minus
675 2503 969 2564 praesens
997 2494 1092 2546 est
1119 2489 1182 2546 in
1211 2487 1526 2563 charitate,
1564 2506 1701 2546 nam
1732 2488 1995 2548 charitas
2034 2494 2134 2548 est
2168 2489 2303 2561 ipsa
2336 2474 2535 2538 affectio

443 2602 556 2648 seu
591 2603 758 2646 amor
793 2587 1130 2664 spiritualis
1181 2587 1474 2664 hominis3
1532 2594 1591 2647 et
1636 2590 1779 2665 quia
1811 2588 2109 2648 Dominus
2156 2593 2431 2662 praesens
2463 2575 2536 2632 est

439 2689 506 2746 in
545 2687 838 2747 charitate
895 2688 1058 2763 apud
1093 2688 1394 2748 hominem
1409 2731 1426 2761 ,
1480 2694 1653 2764 patet
1686 2688 1848 2765 quod
1898 2705 2017 2747 non
2052 2697 2345 2764 praesens
2390 2673 2533 2735 sitin

442 2786 560 2846 fide
607 2787 838 2864 absque
887 2786 1176 2848 charitate
1191 2809 1207 2864 ς
1271 2787 1421 2847 fides
1476 2788 1705 2865 absque
1754 2788 2043 2848 charitate
2096 2802 2209 2846 nec
2258 2787 2349 2842 est
2378 2773 2528 2852 spiri-

442 2885 659 2960 tualis,
701 2904 892 2968 quare
933 2905 1046 2948 nee
1083 2895 1178 2947 est
1201 2891 1363 2947 intus
1403 2889 1463 2946 in
1494 2889 1732 2947 homine
1770 2895 1831 2948 et
1864 2888 2013 2948 facit
2048 2891 2233 2948 vitam
2270 2881 2409 2958 ejus,
2442 2867 2530 2931 ⁸0⁴¹

441 2989 614 3044 extra
645 2985 813 3044 illum
847 2988 910 3045 in
944 2991 1254 3063 memoria,
1295 2995 1357 3046 et
1381 2987 1519 3048 inde
1548 2991 1608 3046 in
1644 2988 1848 3065 aliqua
1890 2990 2254 3065 cogitatione
2288 2969 2525 3040 namrali-

447 3083 626 3160 Quod
657 3084 850 3161 diligi,
905 3103 1042 3146 eum
1077 3107 1114 3147 a
1147 3088 1435 3163 Domino,
1489 3091 1569 3148 sit
1608 3086 1767 3166 quod
1800 3104 2099 3165 praesens
2138 3089 2246 3154 sit,
2294 3083 2383 3140 est
2414 3071 2528 3150 (1⁰5²

444 3181 684 3242 dileetio
721 3201 832 3244 seu
867 3203 1033 3244 amor
1065 3189 1211 3246 facit
1243 3190 1727 3266 conjunctionem
1764 3195 1823 3247 et
1856 3188 1995 3247 inde
2027 3182 2431 3263 praesentiam,
2464 3181 2519 3226 Μ

439 3283 734 3344 Dominus
773 3284 850 3343 ad
883 3284 1081 3361 illum,
1139 3291 1242 3364 qui
1277 3289 1500 3366 diligit,
1556 3291 1771 3362 intrat,
1827 3305 1897 3348 ae
1936 3288 2113 3348 docet
2148 3293 2207 3347 et
2242 3279 2419 3347 ducit,
2474 3271 2521 3325 θ*

445 3400 682 3461 quoque
721 3387 776 3444 ei
812 3384 916 3444 dat
948 3393 1016 3444 ut
1041 3387 1250 3465 diligat
1289 3388 1535 3466 Ipsum,
1562 3387 1677 3447 hoe
1716 3395 1829 3457 est,
1868 3394 1935 3446 ut
1971 3387 2250 3446 mandata
2284 3385 2341 3440 et
2362 3385 2511 3452 Pfffl'

447 3490 626 3562 eepta
671 3485 872 3562 Ipsius
922 3487 1134 3561 faciat,
1189 3506 1328 3546 nam
1379 3489 1494 3548 hoe
1544 3496 1639 3548 est
1682 3488 1931 3565 diligere
1984 3488 2330 3548 Dominum:
2389 3461 2519 3548 q¹¹⁰d

439 3585 734 3645 Dominus
771 3602 1064 3662 praesens
1101 3589 1180 3646 sit
1215 3589 1378 3664 apud
1426 3588 1597 3647 illum
1632 3605 1811 3663 quem
1850 3588 2075 3665 diligit,
2132 3594 2193 3647 et
2224 3575 2373 3666 quod
2400 3567 2509 3629 dili·

320 3751 328 3756 ,
446 3691 552 3762 gat
582 3684 792 3761 Ipsum
827 3689 932 3762 qui
965 3686 1246 3746 mandata
1283 3695 1344 3747 et
1377 3695 1709 3764 praecepta
1740 3688 1943 3766 Ipsius
1980 3689 2155 3760 facit,
2210 3683 2373 3744 docet
2400 3671 2511 3745 19⁵³

445 3785 614 3863 apud
647 3786 988 3846 Johannem
1041 3831 1076 3862 „
1093 3785 1228 3862 Qui
1261 3792 1423 3847 tenet
1448 3793 1791 3867 praecepta
1828 3805 1971 3848 mea
2006 3792 2066 3846 et
2087 3786 2260 3867 facit
2288 3773 2421 3840 illa,
2460 3761 2509 3822 5⁸

443 3891 540 3946 eat
593 3886 707 3965 qui
756 3883 984 3967 diliyit
1020 3886 1155 3962 Me,
1221 3893 1283 3946 et
1341 3887 1455 3967 qui
1498 3884 1725 3967 diliyit
1769 3885 1882 3948 Me
1924 3884 2237 3967 diliyetur
2279 3899 2319 3942 a
2348 3870 2510 3934 Patre

441 4003 600 4058 meo,
642 3991 703 4046 et
741 3984 892 4066 qu
935 3983 1218 4067 diliyam
1260 4006 1434 4061 eum,
1485 3993 1547 4048 et
1580 3986 1673 4048 ad
1710 4006 1853 4050 eum
1896 3987 2240 4062 veniemu8,
2280 3983 2334 4041 et
2366 3955 2507 4050 apud

445 4099 590 4142 eum
621 4085 1014 4146 mansionem
1036 4084 1407 4165 saeiemue“
1458 4088 1631 4148 XIV:
1673 4090 1783 4148 21.
1826 4091 1937 4148 23.

607 4183 686 4236 21
707 4183 768 4236 4.
823 4181 898 4240 Et
937 4181 1195 4245 servasti
1233 4187 1481 4246 verbum
1516 4187 1872 4248 tolerantiae
1915 4205 2116 4266 meae,
2174 4179 2321 4264 quod
2354 4161 2497 4245 Signi·
