2700 4792
269 349 618 406 CAPUT
661 347 1030 415 QUARTUM.
1745 345 1925 402 VERS
1948 366 1962 398 ε
2018 357 2070 408 6.
2266 359 2379 411 46ΐ

145 514 536 590 aspectae
615 503 984 568 similitudo
1019 499 1270 584 qloriae
1311 501 1629 566 Jehovaa“
1686 503 1916 564 Ezech:
1954 505 2014 566 1:
2061 509 2119 568 5.
2166 509 2225 568 6.
2274 513 2383 572 10.

159 613 290 670 13.
349 613 520 670 22.
587 611 704 668 26.
748 609 862 666 27.
905 607 1030 679 28;
1085 621 1197 681 per
1248 603 1401 664 haec
1438 603 1981 680 Repraesentativa
2027 607 2383 668 describitur

153 713 540 772 Divinum
587 709 834 768 Domini
867 707 928 764 in
955 703 1156 765 Coelis
1193 704 1625 780 superioribuS,
1660 719 1731 766 ac
1764 704 2151 768 Providentia
2183 708 2385 786 Ipsius

157 831 250 872 ne
285 812 669 872 adeantur
703 809 819 866 nisi
854 822 892 864 a
916 807 1072 866 bono
1099 806 1320 864 amoris
1359 812 1419 862 et
1442 804 1766 878 charitatis,
1806 812 1867 863 et
1900 807 1961 864 in
1986 787 2391 884 descriptione

163 913 298 972 illa
341 911 790 972 continentur
838 908 1036 966 omnia
1083 921 1240 981 quae
1287 907 1349 962 in
1403 904 1517 964 hoc
1565 903 1777 980 Capite
1812 905 2273 982 Apocalypseos
2311 910 2387 968 de

171 1013 648 1072 ordinatione
685 1006 1006 1068 Coelorum
1041 1005 1202 1064 dicta
1235 1009 1410 1074 sunt,
1460 1011 1521 1064 et
1556 1003 1885 1081 significata
1933 1023 2043 1082 per
2079 1005 2387 1066 Thronum

177 1129 420 1190 super
473 1125 612 1186 quo
639 1106 872 1174 Sedens
909 1105 1119 1166 similis
1149 1111 1403 1180 aspectu
1434 1103 1621 1180 lapidi
1646 1103 1889 1180 Jaspidi
1917 1113 1979 1164 et
2006 1105 2235 1181 Sardio,
2275 1125 2387 1182 per

179 1213 476 1274 Itidem
525 1210 752 1268 circum
779 1206 1120 1280 Thronum,
1159 1221 1270 1281 per
1305 1203 1644 1280 Lampades
1678 1206 1833 1282 ignis
1871 1205 2149 1266 ardentes
2184 1223 2385 1266 coram

193 1317 538 1384 Thron0‚
575 1315 638 1368 et
669 1325 782 1384 per
807 1305 1059 1383 reliqua,
1101 1321 1254 1384 quae
1291 1304 1427 1364 ideo
1454 1305 1799 1382 singillatim
1826 1305 2126 1381 explicare
2160 1323 2381 1384 super-

193 1416 437 1476 sedeo
459 1431 484 1469 ε
543 1424 700 1466 nunc
737 1406 930 1466 solum
967 1406 1330 1480 ostendetur,
1386 1404 1547 1481 quod
1579 1423 1691 1481 per
1728 1404 2035 1466 Cherubos
2082 1409 2143 1466 in
2179 1406 2381 1468 Verbo
2422 1415 2583 1476 [308]

203 1512 682 1592 significentur
719 1506 1044 1567 Custodiae
1091 1517 1154 1566 et
1185 1505 1571 1564 Providentia
1603 1505 1845 1566 Domini
1878 1522 1953 1566 ne
1992 1505 2161 1567 Coeli
2194 1523 2381 1584 supe-

209 1619 460 1674 riores
499 1609 794 1668 adeantur
839 1607 954 1666 nisi
1000 1623 1037 1665 a
1069 1607 1226 1666 bono
1263 1608 1481 1664 amoris
1519 1613 1579 1664 et
1616 1606 1953 1676 charitatis,
2004 1613 2071 1666 ut
2102 1607 2389 1668 inferiora

217 1720 294 1776 in
339 1710 579 1773 ordine
613 1709 750 1766 sint.
817 1706 948 1766 Hoc
983 1713 1151 1784 patet
1187 1705 1497 1766 evidenter
1534 1724 1608 1766 ex
1646 1705 1940 1766 Chen-ubis
1985 1710 2199 1791 positis
2246 1714 2387 1770 ante

221 1816 526 1874 Hortum
561 1809 818 1880 EdenIS,
874 1807 1110 1882 quando
1160 1807 1336 1866 homo
1372 1805 1511 1866 inde
1548 1807 1839 1884 expulsus
1878 1815 2003 1884 est3
2058 1809 2133 1868 de
2170 1809 2387 1886 quibus

229 1920 342 1974 ita
387 1909 556 1989 apud
589 1909 804 1968 Mosen
873 1904 1081 1982 „Oeam
1114 1905 1399 1968 Jehovah
1439 1905 1627 1970 Deua
1661 1907 2014 1988 expulisset
2056 1907 2387 1985 hominem,

236 2012 560 2075 habitan-e
602 2007 767 2089 fecit
813 2006 893 2067 ab
947 2007 1182 2068 meme
1229 2006 1483 2068 Edenis
1532 2007 1845 2068 onerabas
1858 2053 1875 2083 ‚
1942 2016 2004 2070 et
2059 2009 2391 2082 flammam

247 2110 490 2196 yladii
533 2109 682 2170 him
715 2106 866 2168 inde
893 2108 1190 2168 vertentis
1228 2125 1322 2181 ae,
1369 2106 1459 2168 ad
1484 2107 1969 2169 custodiendum
2001 2109 2177 2170 viam
2201 2111 2387 2172 arbo-

253 2213 372 2274 ris
397 2211 614 2272 vitass“
661 2209 884 2270 Genes:
912 2207 1023 2268 111:
1056 2211 1181 2281 243
1221 2207 1362 2283 quid
1397 2224 1507 2282 per
1546 2208 1839 2266 hominem
1879 2215 1939 2267 et
1972 2209 2104 2286 ejus
2142 2227 2389 2272 uxorem

267 2314 448 2382 iniis
485 2309 796 2386 Capitibus
844 2308 1224 2385 intelligitur,
1281 2307 1553 2368 videatur
1600 2307 1964 2382 explicatum
2012 2311 2073 2368 in
2108 2311 2389 2370 AncAms

283 2408 698 2470 Gonnns'rmus
709 2430 726 2484 3
781 2409 944 2485 quod
995 2425 1210 2484 nempe
1254 2425 1364 2483 per
1397 2407 1697 2466 hominem
1746 2406 1831 2464 ibi
1863 2407 2231 2484 intelligatur
2265 2411 2387 2468 Ec·-

283 2507 478 2568 clesia
510 2510 966 2586 Antiquissima,
1017 2526 1176 2584 quae
1213 2515 1342 2568 erat
1376 2507 1652 2566 Ecclesia
1689 2504 2015 2580 Coelestis;
2072 2514 2132 2565 et
2166 2508 2384 2566 Eccle-

280 2611 378 2668 sia
417 2607 702 2668 Caelestis
755 2609 1137 2685 distinguitur
1183 2609 1259 2666 ab
1304 2609 1581 2667 Ecclesia
1632 2605 1932 2683 spirituali
1975 2606 2036 2664 in
2072 2622 2173 2678 eo,
2231 2607 2391 2682 quod

273 2709 388 2770 illa
425 2711 504 2769 sit
536 2711 599 2768 in
634 2710 788 2768 bono
817 2710 1034 2768 amoris
1071 2709 1134 2766 in
1157 2709 1507 2779 Dominum,
1539 2708 1693 2768 haec
1730 2714 1929 2766 autem
1963 2708 2025 2764 in
2057 2704 2215 2765 bono
2242 2706 2389 2766 cha-

272 2813 470 2870 ritatis
507 2812 1051 2887 ergaproximum,
1109 2808 1385 2868 videatur
1428 2811 1488 2866 in
1542 2808 1742 2887 Opere
1792 2807 1865 2868 de
1921 2805 2123 2865 Ounno
2162 2821 2239 2866 Er
2279 2805 2389 2864 In-

273 2929 476 2970 rnnuo
537 2928 608 2968 n:
653 2912 742 2994 2⁴0
791 2909 870 2968 ad
918 2911 1041 2968 28:
1106 2925 1182 2966 ex
1226 2908 1565 2968 hominibus
1613 2910 1715 2986 qui
1754 2909 1979 2967 faciunt
2025 2906 2198 2967 binas
2248 2905 2388 2966 illas

272 3011 584 3070 Ecclesias
635 3011 698 3068 in
749 3011 924 3069 terris
970 3008 1298 3068 formantur
1343 3009 1468 3066 bini
1506 3008 1675 3070 Coeli
1724 3010 2098 3086 superiores:
2152 3006 2392 3091 quando

273 3113 478 3188 itaque
512 3109 790 3172 Ecclesia
825 3108 1152 3183 coelestis,
1210 3125 1363 3184 quae
1400 3109 1513 3168 fuit
1547 3109 1983 3187 Antiquissima
2018 3116 2079 3170 et
2111 3109 2393 3188 primaria

273 3213 336 3272 in
369 3211 486 3270 hac
523 3209 801 3280 Tellure,
854 3206 1173 3268 declinavit
1210 3214 1271 3268 et
1303 3211 1531 3286 incepit
1564 3211 1851 3270 recedere
1890 3227 1927 3268 a
1960 3210 2118 3272 bono
2154 3211 2390 3286 amorist,

277 3318 436 3391 tunc·
457 3309 676 3370 dicitur
709 3309 868 3388 quod
906 3307 1169 3368 Cherubi
1202 3308 1474 3369 habitare
1509 3310 1654 3370 facti
1688 3313 1806 3370 sint
1844 3311 1920 3370 ab
1953 3311 2199 3374 Oriente
2234 3312 2398 3372 Ede-

277 3413 368 3470 nis
405 3411 740 3470 et-flamma
786 3408 970 3486 gladii
1004 3412 1293 3468 vertentis
1329 3425 1398 3468 se
1435 3409 1572 3470 hinc
1606 3411 1772 3482 inde,
1828 3411 1906 3468 ad
1942 3413 2398 3472 custodiendum

276 3513 437 3576 viam
485 3511 566 3570 ad
616 3509 890 3569 arborem
925 3511 1120 3584 vitae5
1177 3515 1238 3568 et
1280 3526 1393 3586 per
1427 3507 1733 3568 Orientem
1767 3509 1991 3568 Edenis
2027 3510 2398 3585 significatur

276 3611 378 3674 ubi
430 3613 620 3674 intrat
667 3609 890 3668 bonum
923 3611 1142 3667 amoris
1179 3607 1493 3682 coelestis;
1547 3625 1660 3684 per
1694 3609 1993 3666 flammam
2026 3607 2213 3684 gladii
2245 3625 2393 3668 ver·

277 3715 454 3771 tentis
518 3727 586 3770 se
624 3710 762 3770 hinc
793 3707 962 3783 inde,
1019 3706 1389 3785 significatur
1424 3706 1655 3766 Verum
1718 3724 1793 3766 ex
1827 3706 1931 3766 illo
1965 3707 2123 3766 bono
2159 3713 2394 3786 tutans3

279 3820 338 3874 et
367 3829 482 3889 per
515 3810 814 3871 Arborem
845 3811 1007 3869 vitae
1043 3805 1411 3884 significatur
1445 3807 1729 3866 Divinum
1776 3806 1939 3884 quod
1973 3823 2009 3864 a
2044 3806 2302 3868 Domino
2335 3810 2399 3868 in

280 3912 480 3972 Coelis
516 3908 962 3987 superioribus,
1018 3906 1180 3986 quod
1225 3913 1321 3967 est
1355 3907 1579 3966 bonum
1614 3907 1832 3966 amoris
1896 3912 1957 3965 et
1991 3906 2299 3966 charitatis
2337 3913 2399 3966 et

276 4012 412 4072 inde
447 4011 738 4090 gaudium
773 4009 1070 4069 coeleste:
1107 4008 1244 4068 inde
1289 4014 1477 4085 patet,
1516 4007 1677 4084 quod
1710 4025 1821 4084 per
1857 4006 2169 4068 Cherubos
2204 4009 2394 4086 signi-

273 4113 523 4172 ficentur
560 4108 882 4170 Custodiae
917 4126 993 4168 ne
1030 4109 1323 4168 adeantur
1356 4109 1445 4169 illi
1483 4108 1651 4170 Coeli
1684 4110 1801 4170 nisi
1834 4127 1944 4185 per
1978 4109 2202 4170 bonum
2230 4127 2400 4170 amo-

274 4215 353 4272 ris
392 4219 453 4272 et
489 4210 819 4286 charitatis,
860 4225 1047 4286 quare
1085 4209 1265 4270 ctiam
1303 4211 1379 4274 de
1407 4211 1526 4272 illis
1556 4211 1788 4287 dicitur,
1830 4209 1908 4270 ad
1942 4212 2400 4274 custodiendum

1903 4314 1936 4370 3
1952 4317 1989 4369 0
2033 4306 2071 4342 ἢ*
