2700 4792
439 382 548 436 374
856 367 1349 424 APOCALYPSIS
1391 365 1827 424 EXPLICATA.
1910 366 1960 437 ὗ.
1994 377 2125 430 236.

435 534 650 592 ficetur
677 511 918 604 boumn,
957 534 1019 588 et
1043 545 1154 605 per
1179 535 1489 606 argentum
1514 545 1725 587 verum
1760 545 1817 586 n:
1856 531 1885 586 1
1906 530 1943 587 5
1961 528 1995 586 5
2012 531 2073 586 1.
2110 531 2138 585 1
2162 527 2193 586 5
2211 527 2319 586 52.
2352 527 2548 587 2954.

447 629 660 692 5658.
739 629 920 706 Apud
973 628 1321 689 Sachariam
1388 671 1424 701 „
1450 627 1667 708 Tyrus
1709 625 1967 706 colliyit
2012 631 2355 708 arymbum
2400 627 2552 686 sicut

427 727 756 814 pulverem
773 775 788 804 ‚
841 735 901 790 et
935 748 1168 790 aunem
1207 729 1377 788 sicut
1418 747 1671 790 coenum
1700 725 2077 807 platearum
2087 749 2117 800 ;
2167 745 2298 786 ecce
2330 725 2552 786 Domi-

437 851 564 893 nus
599 829 1052 910 depauperabit
1090 847 1253 904 eam,
1299 834 1357 887 et
1392 830 1669 890 excutiet
1708 829 1779 888 in
1802 849 1984 890 mare
2010 848 2163 908 opes
2185 830 2222 860 “
2260 828 2373 886 IX:
2406 830 2463 886 3.
2494 831 2549 900 43

439 933 620 992 etiam
655 931 740 990 ibi
771 931 969 1008 Tyrus
997 947 1108 1007 pro
1143 930 1262 989 illis
1301 933 1402 1004 qui
1438 938 1789 1006 comparant
1823 930 1938 988 sibi
1976 931 2375 1006 cognitione&
2412 945 2551 1003 quae

439 1039 581 1092 sunt
615 1037 956 1108 argentum,
997 1047 1208 1090 aurum
1247 1037 1308 1090 et
1343 1047 1511 1106 opes,
1566 1032 1746 1107 Apud
1781 1031 2083 1089 Davidem
2139 1025 2378 1104 „Filia
2408 1024 2555 1106 Dyr-i

437 1133 656 1212 afferet
695 1131 814 1192 tibi
849 1150 1112 1202 munuc,
1141 1128 1296 1210 filia
1334 1130 1545 1208 Reyis
1557 1150 1585 1201 ;
1620 1130 1836 1210 facies
1876 1135 2033 1192 tuae
2074 1128 2555 1209 deprecabuntur

437 1232 673 1294 divites
703 1229 936 1311 populi
955 1234 992 1264 “
1047 1231 1278 1292 Psalm:
1315 1226 1504 1292 XLV:
1565 1235 1591 1288 1
1612 1233 1685 1304 33
1740 1231 2105 1290 describitur
2168 1231 2254 1288 ibi
2301 1227 2552 1286 Ecclesia

239 1339 399 1402 [248]
439 1333 638 1413 quoad
672 1333 1043 1392 affectionem
1068 1334 1214 1405 veri,
1253 1349 1407 1406 quae
1442 1331 1792 1408 intelligitur
1824 1349 1937 1407 per
1970 1332 2161 1390 filiam
2188 1331 2392 1406 RegiS,
2426 1343 2547 1384 nam

435 1435 563 1496 filia
597 1441 690 1492 est
722 1433 996 1491 Ecclesia
1029 1432 1226 1507 quoad
1262 1431 1665 1506 affectionem,
1722 1451 1793 1489 n:
1835 1434 2048 1492 3262.
2100 1433 2319 1491 3963.
2358 1432 2435 1487 67
2452 1427 2547 1483 29.

443 1536 667 1609 90593
721 1538 782 1592 et
827 1531 959 1591 Rex
1005 1539 1098 1590 est
1143 1549 1385 1606 verum,
1434 1549 1503 1590 n:
1550 1535 1759 1590 1672.
1804 1533 2019 1591 2015.
2090 1533 2308 1591 2069.
2354 1528 2547 1588 3670.

441 1635 656 1694 4575.
711 1635 922 1693 4581.
977 1633 1188 1691 4966.
1249 1634 1475 1706 6148;
1532 1640 1897 1708 quapropter
1934 1633 2163 1692 dicitur
2224 1629 2382 1706 quod
2440 1626 2546 1682 filia

441 1729 590 1810 Tyri
647 1733 858 1792 afferet
902 1749 1148 1803 uiuum,
1213 1738 1274 1791 et
1321 1732 1482 1808 quod
1530 1733 1743 1790 divites
1802 1733 2015 1811 populi
2080 1729 2547 1807 deprecabuntur

435 1833 652 1908 facie-33
691 1833 902 1891 divites
929 1832 1142 1909 populi
1169 1839 1308 1891 sunt
1333 1835 1438 1909 qui
1464 1833 1769 1891 abundant
1792 1834 1972 1892 veriS.
2014 1833 2207 1909 Apud
2227 1828 2545 1890 Hoscheam

439 1931 703 2009 „Dixit
735 1931 1074 2011 Ephraim,
1113 1933 1393 2011 profecto
1430 1933 1681 1993 ditatus
1724 1953 1899 2005 eum,
1944 1933 2166 1994 invem*
2210 1949 2357 2012 opes
2381 1923 2539 1996 mihi,

433 2138 788 2214 peccatum,
859 2131 972 2192 ced
1023 2131 1235 2194 adhuc
1289 2131 1517 2212 loquar
1566 2133 1658 2193 ad
1698 2135 2078 2213 prophetae,
2151 2138 2213 2192 et
2264 2128 2541 2190 visionem

437 2230 924 2313 multiplicabo“
985 2234 1141 2293 XII:
1188 2238 1246 2294 9.
1296 2238 1415 2310 113
1468 2252 1580 2312 per
1620 2235 1843 2293 ditatus
1881 2253 2015 2294 sum
2065 2241 2129 2294 et
2163 2233 2359 2291 inveni
2406 2239 2535 2301 opes

437 2335 583 2392 mihi
617 2351 734 2393 non
767 2335 1118 2410 intelligitur
1165 2335 1324 2412 quod
1360 2336 1583 2394 ditatus
1632 2337 1709 2393 sit
1744 2335 1967 2395 divitiis
2024 2341 2085 2394 et
2134 2334 2349 2410 opibus
2383 2341 2535 2386 mun-

439 2435 643 2511 danis,
700 2435 809 2495 sed
857 2435 1253 2504 coelestibus,
1309 2453 1466 2510 quae
1510 2441 1651 2494 sunt
1714 2437 2087 2511 cognitiones
2136 2436 2269 2494 veri
2304 2436 2363 2489 et
2395 2424 2529 2494 boni,

435 2553 576 2595 nam
609 2553 720 2612 per
751 2537 1037 2614 Ephraim
1071 2536 1419 2613 intelligitur
1455 2534 1857 2595 intellectuale
1892 2536 2139 2594 illorum
2192 2534 2293 2611 qui
2328 2529 2397 2588 ab
2430 2525 2532 2583 Ec·

433 2638 641 2712 clesia,
683 2637 838 2714 quod
865 2637 1194 2695 illustratur
1230 2637 1371 2694 dum
1396 2637 1615 2712 legitur
1643 2635 1931 2706 Verbum,
1964 2654 2033 2694 n:
2084 2636 2297 2695 5354.
2342 2627 2529 2688 6222·

445 2738 658 2797 6238.
706 2739 889 2796 6267
897 2755 914 2812 3
967 2736 1106 2794 inde
1144 2743 1236 2794 est
1287 2737 1447 2812 quod
1482 2737 1746 2806 dicatur,
1803 2737 1964 2813 quod
1999 2736 2199 2795 adhuc
2235 2732 2439 2806 loquar
2468 2721 2532 2780 ad

435 2837 766 2913 prophetas
829 2843 889 2894 et
947 2838 1238 2894 visionem
1299 2837 1745 2912 multiplicabO,
1814 2855 1927 2913 per
1985 2838 2315 2912 prophetas
2364 2824 2526 2902 signi-

436 2933 690 2994 ficantur
713 2952 862 2994 vera
889 2936 1210 3010 doctrinae,
1241 2937 1513 2996 similiter
1536 2953 1646 3011 per
1670 2939 1979 2996 visionem.
2018 2937 2203 3012 Apud
2228 2933 2271 2992 J
2274 2928 2527 2991 orciniam

439 3076 480 3108 „
504 3032 651 3112 Eyo
703 3033 988 3094 Jelzovah
1035 3035 1202 3096 dans
1255 3039 1476 3115 cuique
1528 3035 1871 3098 secundum
1935 3035 2079 3096 viae
2140 3035 2306 3118 qius,
2346 3025 2527 3111 juoem

425 3134 691 3213 fructus
729 3152 984 3212 operam
1017 3136 1182 3217 qius,
1247 3137 1415 3213 sicut
1443 3135 1685 3214 per-dim
1733 3135 1885 3197 colli
1882 3139 1989 3215 ,φῆ
2038 3135 2153 3196 sed
2198 3151 2323 3194 non
2346 3120 2523 3208 parit,

425 3232 602 3313 facit
631 3233 902 3294 divitiae
929 3235 1041 3295 sed
1066 3255 1190 3296 non
1217 3234 1647 3318 cumjudz'ce’O,
1691 3237 1762 3296 in
1786 3237 1992 3297 medio
2021 3235 2272 3297 dierum
2295 3235 2524 3290 suorum

439 3331 681 3394 deseret
719 3331 906 3409 illas,
959 3337 1032 3396 in
1054 3337 1503 3414 postremitate
1540 3335 1789 3396 dim-um
1822 3339 1941 3417 flet
1976 3334 2221 3396 stultus
2244 3334 2280 3366 “
2333 3319 2519 3389 XVII²

447 3434 557 3511 113
613 3439 808 3513 agitur
841 3437 924 3494 ibi
959 3438 1033 3495 de
1067 3435 1187 3495 illis
1236 3440 1339 3513 qui
1374 3444 1720 3512 comparant
1754 3437 1868 3496 sibi
1918 3439 2285 3514 cognitiones
2318 3429 2516 3497 abs‘lue

433 3535 550 3597 fine
589 3537 742 3596 alius
792 3553 941 3595 usus
989 3555 1166 3613 quam
1203 3543 1270 3595 ut
1304 3540 1530 3607 sciant,
1592 3549 1725 3596 'eum
1758 3544 1961 3596 tamen
1998 3540 2123 3596 vita
2168 3541 2261 3596 est
2306 3529 2397 3589 cui
2436 3524 2514 3582 in-

436 3640 768 3696 serviturae
806 3643 972 3710 suut,
1027 3636 1141 3695 hoc
1177 3638 1531 3713 intelligitur
1574 3655 1685 3712 per
1725 3638 2007 3714 colligere
2054 3639 2211 3696 sicut
2242 3628 2435 3710 perdix
2464 3622 2513 3676 et

436 3751 557 3794 non
590 3754 838 3812 parere,
905 3743 966 3796 et
1012 3755 1123 3814 per
1174 3738 1375 3797 facere
1426 3738 1663 3796 divitias
1711 3739 1819 3796 sed
1863 3757 1983 3797 non
2020 3755 2157 3797 cum
2184 3731 2411 3813 judicio,
2465 3721 2513 3774 0²

439 3835 602 3913 quod
645 3841 708 3896 in
755 3840 1131 3898 extremitate
1169 3838 1401 3898 dierum
1462 3838 1565 3897 fiet
1600 3838 1845 3914 stultus;
1902 3847 1962 3898 et
2010 3839 2151 3915 quia
2188 3827 2507 3910 cognitiones

437 3940 568 3996 veri
607 3945 666 3997 et
697 3939 839 3998 boni
871 3939 1266 3998 inserviturae
1305 3945 1445 3996 sunt
1479 3941 1674 4007 vitae,
1709 3938 1861 3997 haec
1899 3941 2053 3998 enim
2089 3955 2200 4015 per
2230 3934 2355 3993 illas
2386 3933 2506 4016 ρθΐ·

433 4036 695 4105 ficietur,
729 4040 865 4097 ideo
903 4039 1118 4098 dicitur
1155 4038 1311 4115 quod
1347 4038 1625 4098 Jehovah
1660 4039 1763 4098 det
1799 4042 2013 4116 cuique
2052 4035 2363 4120 secundum
2394 4020 2503 4078 vias

437 4133 570 4203 ejus
609 4139 668 4186 et
695 4135 870 4206 juxta
903 4138 1128 4195 fruetus
1165 4156 1417 4214 operum
1452 4139 1605 4215 ejus.
1670 4139 1855 4215 Apud
1888 4141 2115 4198 Lucam
2170 4182 2207 4213 ,‚
2234 4113 2504 4210 Qui⁸qui⁸

435 4241 517 4282 *ὦ
545 4225 737 4296 vobi&
777 4232 888 4305 qui
911 4251 1036 4294 non
1057 4237 1327 4313 almeyat
1354 4255 1565 4298 omnes
1603 4255 1761 4298 suas
1786 4235 2160 4320 facultates,
2200 4252 2314 4297 non
2324 4214 2500 4309 potest
