2700 4792
429 379 540 431 zos
814 365 1306 422 APOCALYPSIS
1347 363 1783 421 nxrchTA.
1864 361 1910 432 §.
1954 371 2083 426 εει.

423 525 618 586 solum
665 543 704 584 a
734 523 992 584 Domino
1039 523 1415 593 exstiterint,
1467 521 1580 582 sed
1628 523 1811 582 etiam
1847 521 2011 599 quod
2062 521 2139 582 ab
2176 521 2323 602 Ipso
2355 527 2564 585 omnis

423 629 554 688 vite
589 627 668 686 sit
678 645 696 701 3
757 631 822 684 et
859 624 1000 701 quia
1047 624 1108 681 in
1145 621 1445 700 spirituali
1506 637 1691 682 sensu
1727 621 1919 682 Verbi
1952 639 2070 682 non
2105 624 2223 684 nisi
2254 642 2439 708 qnam
2478 625 2561 686 de

429 725 616 788 Coelo
653 730 714 785 et
744 723 1022 784 Ecclesia
1055 725 1280 800 agitur,
1333 721 1472 782 ideo
1506 739 1619 801 per
1652 738 1862 784 creare
1904 721 2003 783 hic
2038 725 2321 800 primario
2353 727 2553 802 signi-

423 825 638 888 ficatur
681 824 1045 898 reformare,
1099 823 1186 882 ita
1235 821 1487 884 coelum
1534 822 1678 883 dare
1726 822 1844 883 illis
1908 824 2011 900 qui
2044 825 2367 901 recipiunt,
2425 824 2549 884 hoc

427 927 586 988 enim
634 931 727 986 est
770 924 1098 985 reformare
1114 943 1130 998 3
1187 923 1348 1000 quod
1408 925 1667 984 omnium
1718 925 2038 983 existentia
2086 943 2123 982 a
2154 925 2407 984 Domino
2444 927 2548 1000 sit,

427 1026 708 1088 videatur
747 1029 812 1086 in
839 1022 1038 1102 Opere
1076 1023 1150 1082 de
1191 1022 1399 1084 Conna
1437 1041 1515 1082 nr
1552 1023 1829 1084 Inrnnno
1864 1041 1935 1082 n:
1972 1029 2005 1083 7
2042 1025 2119 1084 ad
2154 1027 2237 1085 12
2280 1032 2341 1084 et
2385 1025 2521 1084 137
2534 1045 2552 1100 3

427 1135 490 1188 et
525 1126 686 1204 quod
721 1127 914 1186 omnis
951 1126 1076 1184 vita
1089 1169 1106 1198 ,
1145 1141 1216 1182 n:
1259 1125 1295 1183 9
1337 1121 1423 1184 ibi
1440 1167 1459 1196 ,
1514 1129 1575 1184 et
1606 1125 1667 1182 in
1701 1122 2031 1184 Dec-rama
2062 1123 2285 1186 Noun
2308 1125 2554 1186 Hunno-

425 1243 708 1288 souma
753 1244 824 1285 nt
877 1226 1054 1287 278:
1126 1223 1240 1284 sed
1283 1224 1381 1284 hic
1426 1240 1541 1301 per
1584 1239 1793 1284 creare
1843 1242 1965 1284 non
2008 1225 2382 1302 significatur
2436 1243 2551 1286 ex·-

423 1330 670 1388 istentia
697 1332 759 1386 et
782 1328 908 1384 vita
932 1323 1240 1400 naturalis,
1279 1325 1390 1385 sed
1416 1325 1733 1386 existentia
1758 1330 1819 1384 et
1842 1326 1969 1384 vita
1993 1325 2358 1403 spiritualis3
2394 1325 2557 1386 haec

423 1445 536 1508 per
569 1444 776 1488 creare
817 1429 880 1486 in
916 1425 1118 1486 Verbo
1165 1424 1365 1486 ubivis
1400 1425 1803 1503 significatur3
1856 1442 2047 1486 cansa
2078 1435 2204 1496 est,
2256 1428 2399 1503 quia
2436 1443 2551 1486 ex-

421 1531 668 1590 istentia
701 1526 872 1588 Coeli
907 1533 968 1586 et
1002 1532 1200 1586 terrae
1251 1541 1375 1586 non
1410 1531 1507 1586 est
1536 1523 1673 1584 linis
1708 1527 2059 1600 creati-onis,
2114 1526 2226 1586 sed
2280 1532 2378 1586 est
2412 1545 2552 1586 me·-

423 1628 589 1690 dium
647 1627 729 1687 ad
785 1626 962 1688 finem
977 1671 994 1702 ,
1055 1625 1192 1686 finis
1257 1626 1579 1686 creationis
1638 1630 1733 1685 est
1752 1668 1770 1698 ,
1832 1632 1898 1685 ut
1938 1625 2282 1686 Humanum
2338 1625 2551 1690 Genus

425 1730 675 1803 existat,
713 1734 780 1786 ut
813 1743 888 1788 ex
927 1745 998 1786 eo
1035 1727 1116 1785 sit
1143 1725 1395 1785 Coclum
1426 1725 1804 1803 Angelicum,
1842 1733 1903 1786 et
1938 1727 2081 1803 qnia
2110 1727 2227 1788 hoc
2260 1727 2395 1788 finis
2432 1735 2551 1801 est,

423 1827 560 1889 ideo
593 1844 706 1905 per
739 1843 948 1888 creare
983 1825 1355 1904 significatur
1390 1825 1747 1900 reformare,
1788 1825 1951 1902 quod
1983 1835 2081 1887 est
2114 1825 2365 1888 Coelum
2400 1827 2551 1889 dare

424 1926 544 1988 illis
581 1929 686 2004 qui
715 1927 1041 2004 recipiunt3
1079 1924 1228 1985 fines
1265 1933 1410 1984 sunt
1445 1929 1547 2004 qui
1580 1928 1643 1986 in
1676 1941 1863 1986 sensu
1898 1927 2198 2004 spiritu-ali
2223 1926 2415 1987 Verbi
2446 1931 2548 1988 in·-

423 2027 804 2106 telliguntur‚
858 2025 969 2086 sed
1027 2029 1087 2111 in
1122 2041 1306 2084 sensu
1368 2025 1579 2088 literae
1628 2026 1905 2088 dicuntur
1946 2027 2121 2088 modo
2156 2027 2357 2088 media
2390 2046 2553 2106 quae

419 2127 736 2188 involvunt
761 2128 944 2202 fines3
982 2127 1098 2186 hoc
1128 2126 1302 2186 modo
1337 2126 1652 2204 spirituale
1688 2126 2059 2186 reconditum
2085 2128 2237 2188 latet
2271 2129 2335 2187 in
2358 2121 2554 2190 litera

425 2228 634 2288 Verbi.
673 2227 853 2305 Quod
879 2243 1086 2287 creare
1114 2225 1411 2304 significet
1436 2227 1763 2287 reformare
1793 2233 1853 2288 et
1880 2245 2240 2306 regenerare
2267 2228 2546 2292 homines

425 2335 488 2389 et
522 2331 610 2388 sic
645 2329 982 2388 instaurare
1007 2327 1362 2398 Ecclesiam,
1398 2334 1675 2391 constare
1712 2334 1916 2406 potest
1952 2346 2026 2388 ex
2060 2329 2210 2388 locis
2248 2332 2307 2389 in
2338 2329 2548 2392 Verbo

423 2429 529 2489 ubi
563 2429 811 2502 dicitur,
861 2435 929 2487 ut
973 2429 1036 2486 in
1071 2427 1502 2504 sequentibns3
1558 2427 1721 2507 apud
1755 2427 1999 2506 EsaJam
2038 2427 2281 2506 „Dabo
2320 2429 2393 2492 in
2432 2429 2548 2491 de-

425 2533 590 2593 serto
628 2527 884 2592 cedrum
909 2525 1190 2602 schittae,
1229 2532 1289 2587 et
1323 2531 1607 2610 myrtum
1642 2532 1705 2588 et
1728 2525 1983 2608 liynum
2006 2525 2143 2605 olei,
2190 2536 2265 2592 ut
2288 2529 2553 2595 videant

421 2636 484 2690 et
525 2632 903 2709 cognoscant
935 2633 997 2689 et
1028 2625 1367 2690 attendant
1400 2632 1460 2688 et
1497 2625 1867 2709 inteltiyant
1906 2647 2039 2693 una
2052 2676 2069 2706 ,
2122 2631 2291 2710 quod
2314 2648 2552 2696 mamm

419 2728 695 2792 Jelwvae
735 2728 967 2810 fecerit
1017 2727 1130 2789 hoc
1145 2771 1161 2798 ,
1193 2809 1196 2811 Α
1243 2733 1304 2789 et
1351 2725 1629 2791 Sanctm
1672 2725 1951 2790 Israelis
2014 2730 2317 2794 creaverit
2350 2730 2485 2793 ch
2504 2736 2549 2768 ‘⁶‘

426 2830 600 2892 XLI:
649 2834 676 2890 1
697 2831 756 2889 9.
814 2833 938 2906 203
1012 2831 1207 2907 agitur
1266 2829 1353 2889 ibi
1399 2829 1476 2888 vde
1518 2832 1956 2890 instauratione
2008 2831 2323 2892 Ecclesiae
2380 2833 2552 2910 apud

423 2937 634 3008 gentes
650 2950 665 3010 3
705 2929 1009 2990 desertum
1043 2929 1339 3006 significat
1372 2945 1491 2989 non
1516 2929 1737 2990 bonum
1774 2931 1919 3006 quia
1940 2933 2001 2990 in
2028 2933 2367 3010 ignorantia
2390 2936 2543 3010 veri,

425 3048 599 3090 omne
639 3031 794 3088 enim
831 3030 1052 3088 bonum
1070 3075 1086 3101 ,
1121 3032 1181 3088 in
1215 3031 1377 3107 quod
1410 3032 1767 3091 reformatur
1800 3031 2011 3105 homo,
2062 3048 2183 3092 non
2220 3031 2396 3092 datur
2428 3035 2550 3094 nisi

425 3145 536 3208 per
571 3145 716 3186 vera
727 3149 743 3202 3
802 3129 1018 3189 cedrus
1052 3129 1308 3190 schittae
1341 3130 1637 3208 significat
1668 3133 1993 3209 genuinum
2024 3149 2263 3210 verum3
2316 3139 2551 3210 myrtus

429 3235 492 3288 et
521 3227 748 3305 lignum
783 3228 904 3288 olei
935 3227 1274 3305 significant
1307 3231 1532 3290 bonum
1564 3231 1873 3310 spirituale
1914 3239 1974 3292 et
2000 3231 2223 3293 bonum
2248 3232 2515 3294 eoeleste
2528 3254 2545 3309 ;

425 3328 568 3388 inde
603 3333 800 3405 patet,
859 3345 994 3388 cum
1049 3328 1124 3388 de
1165 3327 1459 3389 Gentibus
1512 3335 1616 3420 qui
1650 3347 1767 3390 non
1800 3333 1862 3390 in
1897 3332 2053 3393 bono
2088 3332 2402 3394 Ecclesiae
2438 3341 2547 3393 aut

424 3428 596 3493 'Coeli
627 3433 770 3488 sunt
805 3431 948 3506 quia
979 3430 1042 3488 in
1075 3430 1413 3506 ignorantia
1447 3433 1606 3508 veri,
1646 3431 1791 3508 qnid
1824 3434 2124 3510 significat
2154 3433 2311 3494 dabo
2344 3435 2407 3492 in
2430 3433 2541 3494 de·-

425 3536 586 3596 serto
625 3527 869 3590 cedrum
905 3529 1161 3590 schittae
1181 3567 1188 3572 -
1210 3535 1272 3588 et
1305 3537 1563 3608 myrtum
1622 3539 1683 3593 et
1716 3532 1944 3609 lignum
1978 3533 2099 3593 olei
2109 3554 2129 3611 3
2182 3540 2249 3593 ut
2285 3533 2541 3608 videant,

425 3620 816 3710 cognoscant,
853 3629 1165 3691 attendant
1199 3638 1262 3690 et
1286 3625 1623 3708 intelligant
1648 3651 1786 3707 una,
1822 3633 2121 3711 significat
2156 3633 2543 3712 cognitiones,

421 3729 825 3806 intellectum,
879 3733 1323 3810 perceptionem
1360 3738 1421 3792 et
1454 3730 1822 3792 affectionem
1860 3750 2017 3811 quae
2054 3736 2273 3794 amori-s
2306 3731 2451 3794 boni
2486 3743 2547 3794 et

423 3834 556 3894 veri
570 3853 586 3910 ;
639 3831 791 3892 haee
855 3820 998 3909 quia
1048 3830 1485 3910 significantur,
1541 3839 1711 3910 patet
1770 3834 1932 3910 quod
1978 3832 2237 3894 Sanctus
2298 3832 2545 3896 Isralilis

425 3934 720 3994 creaverit
763 3931 909 4007 hoc,
967 3931 1262 4009 significet
1308 3933 1826 4010 reformationem,
1884 3937 1972 3994 ita
2017 3935 2177 4013 quod
2222 3951 2430 3996 creare
2466 3935 2547 3994 sit

423 4032 768 4092 reformare.
823 4031 1006 4108 Apud
1040 4032 1310 4092 Eundem
1359 4031 1521 4108 „Sic
1545 4032 1724 4096 dixit
1750 4031 2037 4096 Jehovah
2070 4032 2334 4098 oreator
2370 4039 2543 4110 tuus,

425 4125 653 4200 Jacob,
704 4133 765 4192 et
801 4130 1144 4194 Eoo-mator
1186 4136 1338 4196 tuus
1350 4178 1369 4210 ,
1421 4131 1640 4196 Israel
1652 4179 1669 4209 ‚
1720 4145 1875 4198 nam
1908 4133 2149 4198 redemi
2185 4141 2274 4213 te,
2326 4133 2549 4197 vocavi

425 4225 674 4287 nomine
723 4233 862 4305 tuo,
916 4229 1090 4293 mhi
1135 4237 1247 4306 ιιι,-
1313 4231 1529 4297 adduc
1556 4231 1741 4318 filios
1778 4253 1947 4298 meos
1983 4255 2016 4298 e
2050 4233 2423 4320 Ζοηρίηςωο,
2490 4239 2549 4296 et
