2700 4792
39 523 57 662 V

287 352 566 412 CAPUT
607 351 973 420 QUARTUM.
1494 369 1507 401 ⁸
1717 353 1927 412 VERS:
1969 365 2022 416 1.
2180 367 2283 422 441

133 517 242 576 hoe
285 521 444 590 est,
505 516 944 592 percipiuntur,
999 515 1104 591 qui
1136 515 1306 574 visus
1369 529 1481 574 seu
1528 532 1683 592 quae
1726 519 2041 594 perceptio
2094 517 2287 596 qualis

131 624 240 694 est,
281 633 438 675 non
477 613 740 676 describi
771 619 974 692 potest
997 613 1244 674 vocibus
1271 614 1567 690 humanis,
1608 613 1803 676 solum
1835 633 1947 693 per
1970 616 2086 678 hoc
2110 633 2286 678 -eom-

131 715 486 795 prehendi,
517 713 680 792 quod
697 716 756 774 ei
783 717 926 775 insit
953 729 1280 774 consensus
1309 720 1371 774 et
1382 713 1749 774 confirmatio
1774 715 1849 774 ab
1876 717 2100 793 intimo,
2132 719 2292 796 quod

128 819 212 876 ita
235 819 356 892 sit,
407 821 562 874 sunt
599 815 756 874 enim
781 817 1046 876 rationes
1083 813 1499 876 confirmantes
1530 816 1757 893 ingenti
1792 819 1994 893 euple,
2030 835 2203 894 quae·
2220 835 2289 878 se

133 919 300 976 sieut
329 933 540 976 unum
570 917 790 976 sistunt
811 916 1030 976 invisu
1057 912 1467 990 intellectuali,
1497 915 1613 976 hoo
1631 933 1814 975 uuum
1836 922 1931 976 est
1956 918 2111 976 sieut
2138 935 2285 978 eon·

131 1017 392 1077 elusum
429 1033 510 1076 ex
538 1015 770 1090 multis;
808 1016 1070 1075 rationes
1097 1014 1238 1075 illae
1265 1013 1681 1076 confirmantes
1707 1017 1911 1076 insunt
1926 1015 2077 1077 Luci
2096 1015 2283 1094 Coeli,

137 1135 300 1194 quae
366 1121 484 1178 est
514 1115 796 1176 Divinum
831 1114 1060 1176 Verum
1112 1130 1222 1175 seu
1266 1113 1490 1174 Divina
1524 1114 1835 1193 Sapientia
1878 1117 2213 1194 procedens
2250 1136 2289 1178 a

131 1217 426 1277 Domino
442 1261 461 1292 ,
519 1221 582 1276 et
646 1231 800 1292 quae
849 1221 1137 1293 operatur
1177 1216 1240 1273 in
1291 1217 1625 1291 unoquovis
1672 1216 1907 1293 Angelo
1956 1217 2285 1278 seeundum

136 1323 380 1376 statum
421 1316 788 1393 receptionis
825 1315 988 1394 ejtis3
1041 1315 1138 1374 hie
1176 1319 1268 1374 est
1291 1317 1463 1374 visus
1496 1316 1825 1392 spiritualis
1860 1333 1973 1378 seu
2006 1317 2283 1378 intellec·-

135 1422 256 1477 tus.
325 1416 508 1493 Quia
530 1416 628 1476 hie
653 1417 819 1475 visus
849 1420 1134 1493 operatur
1156 1416 1220 1474 in
1243 1416 1439 1474 visum
1468 1415 1773 1475 oculorum
1802 1416 1965 1493 apud
1996 1417 2284 1494 Angelos,

143 1521 202 1574 et
223 1505 232 1514 ’
251 1519 438 1577 sistit
490 1533 638 1575 vera
681 1515 1024 1576 intellectus
1067 1517 1128 1574 in
1171 1514 1377 1574 formis
1426 1515 2031 1594 correspondentibus
2040 1559 2059 1591 ,
2126 1534 2282 1593 quae

139 1625 468 1694 apparent
513 1619 573 1674 in
609 1615 794 1676 Coelo
839 1632 959 1676 non
1007 1613 1328 1676 dissimiles
1375 1615 1579 1676 formis
1626 1619 1688 1676 in
1734 1615 1958 1675 Mundo
2002 1616 2283 1687 naturali,

147 1733 310 1791 quae
353 1722 657 1778 vocantur
691 1715 947 1793 objecta,
979 1716 1116 1778 ideo
1153 1732 1262 1793 per
1299 1716 1505 1776 videre
1540 1718 1602 1776 iu
1636 1733 1821 1776 seusu
1855 1716 2065 1777 literae
2092 1716 2281 1778 Verbi

147 1817 538 1893 significatur
569 1816 934 1894 intelligere3
991 1814 1204 1892 quales
1239 1819 1630 1892 apparentiae
1678 1819 1739 1877 iu
1776 1815 1961 1878 Coelo
1996 1823 2167 1888 sunt,
2220 1827 2281 1878 et

153 1917 318 1990 quod
359 1915 872 1995 coi-respondeant
908 1917 1158 1995 objectis
1193 1917 1493 1976 interioris
1528 1919 1699 1978 visus
1734 1917 2119 1996 Angelorum,
2176 1920 2274 1978 vi-

152 2013 386 2076 deatur
441 2019 502 2076 in
550 2017 750 2094 Opere
807 2017 881 2077 de
955 2016 1156 2077 Coeno
1205 2035 1281 2074 13¹1·
1325 2016 1602 2076 Ins-mmo
1668 2036 1739 2076 n:
1795 2020 1933 2076 170
1988 2019 2065 2078 ad
2122 2021 2280 2078 176.

157 2112 344 2188 Quod
379 2119 440 2176 iu
477 2117 684 2178 Verbo
717 2134 836 2176 non
877 2117 1110 2176 dicatur
1141 2113 1498 2193 intelligere,
1530 2117 1639 2178 sed
1678 2117 1903 2191 videre,
1944 2124 2037 2176 est
2072 2135 2274 2192 causa,

153 2216 310 2288 quia
343 2216 619 2277 Verbum
675 2219 737 2278 in
783 2219 911 2276 suis
959 2216 1182 2276 ultimis
1245 2220 1337 2275 est
1393 2217 1697 2290 naturale,
1756 2223 1815 2275 et
1859 2216 2133 2278 naturale
2189 2224 2284 2278 est

157 2311 338 2375 basis
377 2333 555 2395 super
587 2335 710 2396 qua
741 2316 1066 2376 fundantur
1100 2315 1467 2393 spiritualia3
1522 2323 1890 2393 quapropter
1925 2319 1977 2376 si
2011 2317 2283 2378 Verbum

159 2413 232 2468 in
261 2411 444 2474 litera
487 2421 663 2478 etiam
718 2424 883 2478 esset
917 2415 1261 2493 spirituale,
1316 2433 1433 2474 non
1474 2417 1530 2475 ei
1564 2416 1719 2474 foret
1750 2413 1949 2487 basia,
2002 2421 2089 2477 ita
2121 2419 2283 2477 soret

167 2511 344 2570 sieut
375 2514 570 2578 domus
603 2519 835 2594 absque
869 2517 1278 2594 fundament03
1333 2517 1408 2576 de
1442 2516 1557 2576 hac
1592 2533 1657 2576 re
1695 2517 1875 2574 etiam
1901 2517 2179 2576 videatur
2219 2519 2281 2576 in

161 2607 380 2688 Opere
414 2613 488 2676 de
525 2615 724 2680 Coeno
753 2637 832 2678 m·
857 2617 1132 2678 Inreano
1167 2633 1238 2676 n:
1281 2617 1419 2678 303
1454 2615 1531 2676 ad
1563 2617 1721 2676 310.
1778 2613 1953 2691 Quod
1980 2617 2042 2674 in
2068 2613 2276 2676 Verbo

157 2711 372 2775 videre
405 2719 698 2796 significet
728 2718 1064 2795 intelligere
1082 2761 1100 2792 ,
1156 2725 1395 2777 constat
1429 2734 1505 2777 ex
1540 2715 1927 2794 sequentibus
1961 2715 2055 2774 his
2090 2700 2274 2789 locis3

163 2813 330 2889 apud
359 2817 606 2896 Esajam
654 2819 844 2897 „Qui
881 2817 1188 2879 dixerunt
1227 2817 1588 2880 videntibus
1624 2835 1701 2878 ne
1734 2813 2039 2890 videatis,
2080 2820 2141 2877 et
2178 2814 2277 2874 vi-

163 2911 404 2978 sionem
439 2918 810 2982 habentibus
847 2936 924 2980 ne
947 2916 1226 2980 videatis
1263 2917 1445 2978 nobie
1482 2923 1654 2978 recta
1672 2936 1700 2990 ;
1738 2912 2072 2995 loquimini
2102 2914 2281 2977 nobis

165 3008 550 3094 blanditiae,
611 3019 816 3080 videte
866 3016 1202 3081 illusiones
1230 3019 1272 3102 “¹
1338 3017 1567 3079 XXX:
1616 3022 1645 3076 1
1664 3019 1739 3078 0:
1804 3017 1967 3094 apud
2009 3017 2281 3079 Eundem

168 3155 201 3186 κ
221 3112 374 3180 Non
419 3119 828 3182 connivebam
876 3115 1046 3180 oculi
1097 3117 1481 3192 videntium,
1548 3123 1607 3178 et
1644 3135 1833 3178 aures
1882 3116 2285 3180 audientium

164 3217 612 3281 monaahum
630 3222 667 3252 “
721 3219 1004 3282 XXXII:
1061 3220 1136 3278 3:
1193 3218 1357 3296 apud
1399 3217 1673 3278 Eundem
1726 3261 1761 3292 „
1782 3215 1969 3280 Caeci
2007 3223 2285 3298 spectate

163 3312 460 3395 vidmdo,
500 3318 772 3380 videndo
801 3337 1042 3400 mayna
1067 3337 1194 3378 ‘non
1217 3316 1554 3380 custodi&
1586 3319 1783 3378 XLII:
1823 3321 1930 3378 18.
1969 3323 2081 3378 20:
2122 3319 2284 3396 apud

161 3409 428 3479 Eundem
475 3465 512 3495 „
522 3417 834 3482 Sacer-dos
874 3425 935 3480 et
973 3415 1300 3496 Propheta
1335 3408 1555 3480 ewam
1590 3418 1756 3480 inter
1783 3416 2085 3489 videntes,
2126 3421 2289 3478 titu-

162 3509 300 3577 baut
323 3517 634 3601 Judioi0“
675 3519 974 3581 XXVIII:
1018 3523 1052 3576 7
1065 3539 1079 3576 :
1121 3525 1183 3576 et
1219 3519 1363 3578 alibi
1416 3563 1454 3594 „
1479 3516 1778 3580 Vide-ntes
1812 3535 1937 3576 non
1974 3513 2191 3574 vident
2222 3521 2284 3574 et

165 3615 496 3678 audiente-s·
519 3639 643 3680 non
665 3619 991 3682 audiunt“
1035 3617 1262 3678 Matth:
1287 3617 1482 3678 XIII:
1520 3621 1549 3675 1
1570 3621 1629 3676 3.
1668 3619 1775 3676 14.
1814 3619 1841 3674 l
1864 3617 1921 3675 5.
1956 3613 2142 3672 Mare:
2170 3613 2281 3674 IV:

170 3707 1214 3807 11.[12.]Gap:VIII:17.18.
1249 3717 1424 3793 Esaj:
1454 3715 1563 3775 VI:
1600 3719 1663 3776 9.
1704 3717 1815 3774 10.
1854 3713 2003 3791 Gap:
2030 3713 2174 3776 XII:
2210 3718 2282 3790 23

164 3825 398 3884 Praeter
431 3819 816 3896 perplurimis
843 3819 976 3880 aliis
1001 3818 1062 3876 in
1091 3816 1262 3893 locis,
1303 3832 1465 3892 quae
1503 3811 1804 3876 adducere
1842 3831 1960 3872 non
1986 3830 2138 3890 opus
2170 3819 2281 3886 est,

167 3918 296 3986 quia
333 3924 544 3980 notum
579 3927 674 3980 est
707 3921 900 3980 cuivis
937 3917 1097 3998 quod
1131 3916 1334 3977 videre
1372 3915 1666 3992 significet
1715 3912 2049 3989 intelligere
2098 3914 2279 3972 etiam

169 4025 234 4072 ex
263 4025 518 4096 recepto
552 4037 718 4080 more
751 4017 1034 4096 loquendi
1071 4017 1287 4093 ubiviS‚
1331 4016 1545 4076 dieitur
1582 4017 1737 4076 enim
1770 4015 1887 4074 hoe
1912 4013 2087 4073 video
2126 4011 2284 4090 quod

40 4197 42 4206 Ι
165 4108 238 4172 ita
271 4119 356 4179 sit
394 4126 500 4178 aut
535 4121 697 4196 quod
729 4137 846 4180 non
883 4121 966 4178 ita
1004 4118 1113 4192 sit,
1169 4135 1282 4194 pro
1321 4116 1480 4196 quod
1516 4114 1864 4194 intelligam.

307 4217 388 4276 Et
423 4216 566 4280 ecee
606 4222 822 4284 ostium
861 4223 1136 4298 apertum
1172 4219 1232 4275 in
1271 4215 1487 4294 Coelo,
1545 4215 1702 4294 quod
1740 4216 2033 4293 signifieat
2066 4232 2284 4274 areana
