2700 4792
349 363 585 420 CAPUT
623 365 924 426 PRIMUM.
1669 368 1879 424 VERS:
1924 381 1975 431 7.
2022 381 2074 432 8.
2232 384 2303 437 47
2390 329 2397 337 ·

349 528 464 586 40.
519 526 747 599 Etiam,
795 540 1003 599 amen,
1056 525 1216 601 quod
1255 525 1553 602 significet
1578 526 2087 588 confirmationem
2124 528 2302 590 Divi·-

173 647 330 688 nam
375 626 534 703 quod
579 628 665 685 ita
699 626 981 694 futurum,
1019 633 1252 685 constat
1287 641 1365 684 ex
1402 627 1835 702 significatione
1880 631 2091 704 etiam,
2144 632 2305 707 quod

175 732 268 788 sit
317 728 689 788 confirmatio
725 726 1216 802 praecedentium
1245 726 1406 802 quod
1438 729 1525 786 ita
1564 729 1845 802 futurum,
1876 734 1962 789 'et
2002 749 2077 790 ex
2112 735 2303 808 signi-

173 830 468 890 ficatione
523 845 730 898 amen,
785 826 945 903 quod
997 829 1075 886 sit
1126 827 1493 886 confirmatio
1530 828 1779 905 Divina,
1838 830 1911 890 de
1962 849 2082 909 qua
2116 849 2305 908 supra

171 949 256 990 n:
323 932 434 989 34.

347 1033 462 1089 41.
535 1029 664 1106 Ego
710 1045 844 1087 sum
893 1027 1094 1104 Alpha
1143 1034 1203 1086 et
1255 1026 1517 1104 Omega,
1585 1030 1951 1106 Principium
2004 1037 2065 1090 et
2116 1032 2299 1108 Finis,

179 1130 350 1208 quod
399 1129 698 1207 significet
746 1129 906 1204 quod
955 1129 1152 1187 omnia
1200 1135 1373 1204 regat
1408 1146 1483 1188 ex
1529 1130 1737 1206 primis
1787 1148 1898 1206 per
1941 1130 2179 1203 ultima,
2242 1140 2305 1194 et

178 1234 274 1292 sic
313 1233 516 1289 omnia
557 1229 726 1290 Coeli
759 1231 824 1288 in
859 1235 1196 1302 aeternum,
1253 1235 1492 1288 constat
1528 1247 1603 1289 ex
1637 1230 2068 1305 significatione
2104 1225 2304 1309 Alpha

182 1338 252 1392 et
289 1331 550 1408 Omega,
611 1329 769 1407 quod
809 1332 887 1389 sit
927 1330 1153 1406 primus
1205 1335 1264 1388 et
1310 1328 1588 1402 ultimus,
1646 1347 1757 1388 seu
1809 1332 1870 1388 in
1904 1332 2110 1408 primis
2148 1335 2303 1393 etin

181 1431 456 1505 ultimiS,
497 1438 557 1490 et
593 1434 694 1507 qui
731 1437 824 1490 est
857 1433 922 1489 in
959 1431 1168 1506 primis
1207 1436 1270 1488 et
1302 1421 1365 1486 in
1390 1429 1645 1505 ultimis,
1702 1432 1881 1490 etiam
1921 1433 2075 1508 regit
2108 1434 2296 1493 inter-

185 1531 423 1605 media,
475 1534 559 1590 ita
593 1533 824 1590 omnia:
861 1531 1015 1589 haec
1051 1529 1328 1588 dicuntur
1363 1530 1437 1588 de
1476 1530 1698 1590 Divino
1736 1531 2015 1591 Humano
2040 1533 2300 1608 Domini,

183 1634 336 1714 quia
374 1631 447 1690 de
484 1631 639 1691 Jesu
677 1630 943 1703 Christo,
1001 1647 1113 1706 per
1158 1646 1314 1706 quae
1348 1628 1605 1689 Nomina
1638 1630 1987 1708 intelligitur
2019 1632 2305 1692 Divinum

179 1733 536 1792 Humanum
570 1730 772 1808 Ipsius
793 1776 812 1802 ,
863 1731 1145 1790 videatur
1179 1746 1368 1806 supra
1402 1749 1473 1788 n:
1517 1733 1642 1805 263
1696 1749 1808 1808 per
1839 1733 1971 1791 Hoc
2006 1733 2301 1793 Dominus

179 1839 282 1892 est
317 1836 380 1890 in
414 1835 628 1909 primis
665 1839 729 1892 et
761 1832 1010 1891 ultimis.
1102 1830 1280 1907 Quod
1326 1837 1530 1890 autem
1582 1838 1753 1908 regat
1800 1835 1996 1892 omnia
2046 1850 2122 1892 ex
2168 1836 2299 1911 pri-

181 1937 299 1992 mis
337 1950 452 2009 per
493 1933 732 2002 ultima,
781 1938 874 1991 est
911 1948 1200 1992 arcanum
1237 1931 1401 2007 quod
1434 1949 1551 1990 non
1585 1939 1789 2008 potest
1824 1933 1899 1991 ab
1923 1932 2162 1993 homine
2190 1935 2302 1993 ad-

177 2034 302 2092 huc
339 2035 607 2109 percipi,
654 2032 832 2091 homo
877 2036 1031 2091 enim
1070 2048 1191 2090 non
1229 2034 1344 2090 scit
1380 2031 1605 2108 aliquid
1640 2033 1713 2092 de
1750 2035 2111 2092 successivis
2156 2052 2297 2110 gra-

183 2133 387 2207 dibuS,
415 2136 477 2190 in
515 2149 664 2210 quos
704 2131 872 2192 Coeli
907 2139 1049 2192 sunt
1085 2128 1367 2207 distincti,
1414 2137 1473 2192 et
1506 2133 1567 2190 in
1604 2149 1755 2209 quos
1795 2135 1975 2192 etiam
2009 2136 2297 2194 interiora
2338 2139 2458 2201 [35]

181 2235 443 2294 hominis
457 2278 472 2307 ,
523 2239 583 2292 et
619 2251 830 2309 parum
867 2233 940 2292 de
979 2249 1050 2291 6ο
1089 2232 1252 2309 quod
1295 2232 1473 2291 homo
1522 2233 1719 2309 quoad
1768 2251 2007 2293 carnem
2062 2241 2121 2293 et
2156 2251 2300 2295 ossa

179 2336 359 2393 sitin
395 2333 652 2408 ultimis,
707 2351 820 2393 nec
869 2336 1130 2409 percipit
1185 2332 1483 2409 quomodo
1530 2334 1884 2392 intermedia
1927 2353 2040 2411 per
2086 2335 2300 2394 ultima

183 2453 224 2492 a
269 2435 480 2509 primis
531 2440 851 2509 reguntur3
922 2440 983 2492 et
1035 2440 1239 2492 tamen
1291 2449 1488 2509 usque
1545 2434 1839 2493 Dominus
1892 2437 1953 2493 in
2013 2435 2299 2494 mundum

185 2535 393 2600 vonit,
455 2539 523 2589 ut
568 2532 846 2591 indueret
891 2533 1266 2603 Humanum,
1327 2540 1389 2592 et
1423 2533 1557 2592 Hoc
1590 2533 1977 2610 glorificaret,
2028 2534 2145 2593 hoc
2182 2541 2293 2609 est,

185 2633 482 2692 Divinum
520 2633 749 2691 faceret
783 2649 974 2708 usque
1011 2633 1086 2692 ad
1131 2633 1437 2705 ultimum,
1488 2632 1603 2692 hoc
1640 2640 1762 2708 est,
1815 2646 2009 2710 usque
2046 2633 2123 2692 ad
2156 2650 2294 2691 car-

183 2751 326 2792 nem
367 2740 430 2792 et
467 2750 640 2807 ossa,
695 2740 764 2790 ut
797 2735 995 2792 omnia
1025 2736 1114 2792 ita
1147 2739 1417 2810 regeret:
1474 2733 1635 2809 quod
1670 2734 1963 2792 Dominus
1998 2733 2121 2818 tale
2156 2733 2293 2793 Hu-

183 2851 431 2892 manum
467 2834 756 2907 induerit,
823 2840 883 2892 et
935 2849 1142 2893 secum
1185 2836 1246 2893 in
1295 2833 1545 2893 Coelum
1583 2834 1812 2908 tulerit,
1866 2841 2072 2894 notum
2108 2836 2296 2894 estin

183 2933 489 3009 Ecclesia,
547 2953 622 2994 ex
659 2950 730 2992 eo
769 2934 929 3010 quod
977 2933 1122 2992 nihil
1171 2934 1246 2993 de
1296 2933 1561 3010 Corpore
1598 2951 1707 2993 suo
1752 2935 2061 3011 reliquerit
2094 2937 2154 2993 in
2190 2951 2295 2994 se·-

189 3034 477 3109 pulchr03
531 3041 594 3093 et
629 3051 868 3110 quoque
907 3052 983 3092 ex
1018 3033 1219 3111 Ipsius
1254 3034 1455 3093 verbis
1497 3035 1574 3095 ad
1602 3035 1983 3111 Discipulos,
2039 3035 2291 3096 diceudo

189 3175 228 3205 „
251 3131 474 3194 Videte
505 3153 734 3194 manus
768 3152 944 3194 mas
977 3138 1038 3194 et
1062 3132 1260 3212 pedes
1297 3151 1467 3193 meos
1483 3179 1501 3204 ,
1552 3133 1720 3213 quod
1752 3134 1903 3214 Ipse
1936 3134 2085 3215 Eyo
2120 3134 2249 3195 eim
2260 3155 2289 3206 ;

183 3222 474 3320 [palpate
497 3224 634 3322 me,]
663 3240 722 3293 et
743 3232 964 3308 videte,
995 3235 1148 3311 quia
1187 3233 1461 3313 spiritus
1489 3253 1736 3295 ccmwm
1762 3241 1822 3294 et
1844 3253 1995 3296 ossa
2014 3254 2139 3296 nem
2168 3234 2289 3295 ha·-

182 3332 306 3408 bet,
373 3333 542 3394 siout
574 3333 682 3394 Me
715 3333 950 3394 videtis
993 3332 1359 3394 habentem“
1417 3334 1575 3394 Luc:
1614 3335 1861 3394 XXIV:
1907 3337 2029 3410 393
2084 3353 2195 3411 per
2230 3335 2291 3394 id

183 3434 388 3510 itaque
415 3434 708 3494 Dominus
744 3437 806 3494 in
841 3434 1064 3492 ultimis
1095 3442 1206 3509 est,
1237 3441 1296 3494 et
1318 3437 1463 3511 quia
1485 3434 1636 3494 haec
1674 3438 1854 3494 etiam
1880 3437 2104 3495 Divina
2126 3434 2285 3508 fecit,

183 3547 248 3591 se
291 3536 356 3592 in
387 3534 671 3592 Divinam
703 3537 1035 3610 potentiam
1070 3535 1318 3611 regendi
1356 3537 1554 3593 omnia
1590 3551 1665 3594 ex
1691 3537 1896 3611 primis
1932 3552 2044 3610 per
2080 3533 2291 3591 ultima

181 3632 450 3692 immisit:
489 3637 544 3692 si
575 3634 872 3694 Dominus
899 3635 1014 3693 hoc
1040 3651 1157 3694 non
1193 3636 1469 3708 fecisset,
1507 3636 1791 3710 periisset
1816 3641 2065 3694 aeterna
2098 3637 2289 3691 morte

185 3730 392 3792 Genus
425 3733 748 3793 humanum
795 3737 856 3794 in
889 3735 1004 3794 hac
1041 3734 1322 3794 Tellure:
1380 3733 1488 3794 sed
1523 3734 1637 3794 hoc
1673 3734 1980 3794 Arcanum
2023 3750 2151 3799 uon
2188 3730 2287 3790 ul·-

183 3835 366 3891 terius
407 3832 746 3907 deducitur,
787 3835 928 3910 quia
960 3835 1138 3910 plura
1173 3834 1419 3894 scienda
1447 3842 1616 3909 sunt,
1655 3852 1767 3910 por
1804 3852 1957 3911 quae
1996 3833 2133 3894 idea
2159 3832 2288 3891 for·-

184 3936 328 3990 mari
365 3939 426 3992 et
461 3937 802 4010 comparari
834 3941 1041 4010 potest
1087 3935 1160 3993 de
1205 3934 1521 4011 Regimine
1554 3935 1775 3993 Divino
1810 3952 1923 4010 per
1964 3934 2178 3996 ultima
2214 3951 2292 3994 ex

187 4035 420 4104 primis:
477 4033 705 4111 aliquid
739 4041 942 4093 tamen
989 4034 1068 4092 ad
1111 4034 1487 4094 intellectum
1531 4036 1737 4093 venire
1784 4041 1991 4110 potest
2044 4050 2116 4094 ex
2168 4035 2292 4096 illis

187 4147 336 4204 quae
371 4136 432 4191 in
461 4134 740 4194 Ancsms
782 4133 1198 4194 Connusrmus
1233 4143 1481 4194 ostensa
1514 4141 1682 4206 sunt,
1736 4151 1891 4209 quae
1930 4139 2071 4194 sunt
2102 4134 2291 4210 haam

189 4227 358 4304 Quod
389 4236 674 4294 interiora
709 4236 1056 4304 successive
1091 4235 1339 4294 influant
1374 4237 1436 4292 in
1484 4239 1765 4304 externa,
1826 4251 2020 4310 usque
2062 4236 2125 4290 in
2178 4251 2290 4291 ex·-
