2700 4792
434 359 544 414 398
816 348 1316 406 APOCALYPSIS
1359 347 1789 404 EXPLICATA.
1853 348 1902 417 §.
1946 355 2077 410 242.

433 520 498 572 et
529 511 593 570 hi
625 511 946 570 Dominum
977 526 1090 586 per
1124 508 1334 568 oculos
1351 552 1369 583 ,
1408 523 1482 567 ex
1520 523 1708 567 causa
1742 509 1889 585 quia
1924 507 2095 566 frons
2132 508 2551 584 correspondet

433 613 592 672 bono
623 611 874 685 amoris,
913 626 985 668 ac
1015 607 1177 668 oculi
1205 608 1542 668 intellectui
1568 609 1705 668 inde
1741 608 2086 676 illustrato,
2120 607 2373 684 proinde
2402 610 2548 666 veris

435 729 594 790 quae
651 711 794 771 fidei
841 716 1016 784 sunt3
1073 715 1133 768 et
1181 725 1419 786 quoque
1475 711 1538 768 in
1588 709 1799 768 eodem
1848 706 2061 784 Opere
2132 727 2204 767 n:
2251 711 2359 766 17.
2402 709 2547 767 123.

443 816 603 872 124.
652 815 812 871 142.
856 813 1012 871 143.
1059 813 1219 869 144.
1267 811 1435 883 510,
1491 815 1796 870 ostensum
1846 814 1974 884 est,
2036 808 2201 886 quod
2251 809 2313 866 in
2345 807 2548 866 Mundo

435 912 736 990 spirituali
771 927 976 971 omnes
1011 917 1323 970 vertantur
1358 907 1438 968 ad
1470 925 1613 970 suos
1658 925 1931 983 amoreS,
1992 917 2057 968 et
2090 909 2181 968 illi
2218 909 2321 985 qui
2352 907 2544 966 Domi-

436 1031 578 1074 num
613 1017 986 1090 agnoverunt
1023 1020 1084 1070 et
1117 1013 1178 1070 in
1203 1011 1416 1087 Ipsum
1442 1010 1840 1080 crediderunt,
1876 1017 2201 1070 vertantur
2238 1008 2313 1068 ad
2338 1007 2541 1084 Ipsum,

441 1122 506 1174 et
539 1113 702 1190 quod
735 1111 872 1172 inde
899 1111 1018 1172 iuis
1043 1111 1282 1186 bonum,
1323 1118 1387 1170 et
1412 1127 1523 1187 per
1556 1109 1775 1170 bonum
1802 1111 2137 1170 illustratio
2165 1109 2363 1187 quoad
2385 1123 2543 1166 vera:

439 1233 518 1274 ex
549 1214 642 1272 his
679 1220 956 1274 constare
992 1217 1226 1288 potest,
1278 1211 1421 1288 quid
1456 1214 1779 1288 genuinum
1833 1211 2063 1270 bonum
2081 1254 2099 1285 ,
2168 1209 2331 1286 quod
2372 1209 2541 1284 signi-

439 1315 656 1375 ficatur
687 1331 800 1391 per
839 1331 1048 1372 aurum
1085 1311 1461 1390 exploratum
1496 1313 1672 1389 igne,
1725 1311 1890 1388 quod
1926 1328 2153 1388 nempe
2190 1327 2227 1368 a
2262 1309 2399 1369 Solo
2430 1307 2544 1365 Do-

440 1397 618 1474 mino.
679 1413 972 1490 Quoniam
1007 1416 1070 1472 in
1097 1414 1334 1489 scriptis
1368 1412 1445 1470 ad
1472 1412 1771 1489 Angelum
1804 1412 1992 1490 hujus
2020 1411 2337 1471 Ecclesiae
2370 1409 2541 1484 agitur

441 1515 518 1576 de
553 1515 674 1576 illis
727 1515 834 1590 qui
865 1515 1074 1574 vivunt
1107 1513 1437 1573 secundum
1473 1511 1800 1573 doctrinam
1839 1513 1915 1572 de
1953 1513 2093 1574 sola
2126 1511 2278 1584 fide,
2330 1514 2389 1568 et
2420 1507 2543 1584 quia

443 1615 533 1676 mi
585 1617 688 1691 qui
733 1631 802 1674 50
851 1613 1353 1673 confirmaverunt
1398 1615 1459 1672 in
1509 1613 1615 1672 illa
1633 1659 1649 1688 ,
1706 1617 1809 1690 qui
1852 1615 1914 1672 in
1962 1611 2193 1672 mundo
2238 1608 2369 1669 inde
2402 1606 2541 1665 docti

444 1718 645 1774 vocati
696 1720 865 1784 sunt,
918 1721 1244 1791 potuerunt
1293 1721 1647 1774 connectere
1694 1715 1849 1774 falsa
1895 1717 2099 1788 veris,
2168 1729 2241 1770 ac
2284 1708 2538 1768 inducere

451 1816 866 1892 apparentiam
915 1815 1070 1873 sicut
1113 1831 1260 1872 vera
1307 1821 1474 1873 esset
1522 1815 1827 1890 doctrina,⁸
1870 1815 2013 1876 ideo
2060 1815 2266 1872 datum
2302 1815 2390 1868 est
2420 1821 2537 1865 cum

447 1914 804 1991 quibusdam
841 1932 916 1974 ex
951 1914 1068 1974 illis
1103 1916 1166 1974 in
1200 1915 1395 1974 altera
1426 1917 1550 1974 vita
1580 1916 1771 1992 loqui,
1812 1923 1874 1977 et
1908 1919 2059 1992 quia
2092 1913 2199 1974 illa
2234 1926 2383 1988 quae
2414 1911 2534 1965 tunc

443 2021 647 2073 mutuo
693 2014 852 2082 dicta
895 2023 1064 2090 sunt,
1121 2021 1379 2091 possunt
1422 2017 1713 2076 inservire
1760 2017 2185 2087 illustrationi,
2258 2009 2426 2070 velim
2471 2020 2533 2064 ea

445 2115 676 2176 afferre.
731 2115 911 2174 Docti
936 2115 1024 2178 iui
1052 2133 1128 2175 ex
1154 2117 1431 2191 opinione
1461 2119 1527 2174 in
1562 2117 1781 2176 mundo
1817 2121 2193 2194 putaverunt
2230 2109 2382 2189 quod
2402 2105 2531 2166 fides

443 2222 610 2277 esset
643 2215 858 2274 dabilis
897 2217 1125 2292 absque
1164 2216 1485 2291 charitate,
1542 2223 1603 2275 et
1638 2219 1799 2294 quod
1842 2217 2025 2278 homo
2050 2213 2406 2295 justificetur
2434 2220 2529 2282 per

441 2317 608 2378 illam
644 2315 860 2374 solam:
913 2332 1109 2376 sermo
1147 2334 1351 2406 eprum
1388 2322 1519 2376 erat
1556 2318 1873 2377 admodum
1900 2319 2269 2396 ingeniosae,
2306 2303 2527 2369 dicendo

445 2418 608 2495 quod
639 2415 790 2476 fides
829 2418 1058 2494 absque
1093 2417 1387 2477 charitate
1424 2417 1639 2477 dabilis
1677 2421 1784 2492 sit,
1842 2437 1916 2478 ex
1972 2434 2161 2479 eausa
2210 2415 2345 2491 quia
2386 2407 2523 2484 prior

447 2524 567 2592 est,
625 2524 686 2576 et
719 2535 829 2593 per
865 2518 1030 2577 illam
1064 2518 1240 2576 homo
1275 2519 1338 2576 in
1372 2517 1528 2577 bono
1566 2515 1691 2595 ‘est3
1728 2522 1882 2596 quis,
1919 2520 2227 2590 dixerunt,
2265 2528 2377 2572 non
2408 2521 2523 2566 cre-

444 2619 588 2678 dere
635 2625 864 2695 potest,
921 2619 1082 2695 quod
1114 2618 1286 2676 Deus
1337 2621 1447 2688 sit,
1502 2618 1661 2695 quod
1695 2619 1965 2678 Verbum
2012 2624 2095 2680 sit
2128 2619 2425 2682 Divinum,
2474 2607 2525 2661 et

445 2718 698 2794 similia,
764 2735 920 2796 quae
963 2721 1077 2778 nisi
1112 2718 1499 2778 crederentur
1550 2737 1668 2777 non
1702 2728 1954 2797 possent
1988 2720 2178 2796 recipi
2216 2722 2275 2775 et
2308 2702 2522 2785 cogitari

447 2819 524 2878 ab
560 2820 828 2894 homine3
883 2821 1304 2879 concluserunt
1345 2819 1487 2879 inde
1538 2819 1697 2895 quod
1740 2821 1892 2880 fides
1947 2821 2165 2881 dabilis
2210 2817 2289 2876 sit
2320 2811 2519 2881 absque

446 2918 765 2992 charitate,
819 2922 958 2996 quia
1006 2919 1314 2997 praecedit
1364 2937 1474 2980 seu
1527 2921 1689 2996 prior
1724 2928 1852 2994 est,
1906 2927 1968 2981 et
2000 2925 2055 2981 si
2090 2917 2301 2980 dabilis
2318 2957 2335 2988 ‚
2386 2899 2520 2984 qu⁰d

444 3017 691 3076 salvans
729 3022 842 3090 sit,
894 3023 1036 3096 quia
1067 3022 1244 3080 homo
1279 3037 1398 3079 non
1433 3027 1635 3098 potest
1666 3021 1889 3088 bonum
1922 3023 2124 3083 facere
2162 3038 2198 3079 a
2230 3033 2323 3081 se,
2360 3015 2516 3084 quare

446 3117 562 3176 nisi
618 3117 726 3176 illa
785 3120 1052 3180 salvaret
1097 3137 1302 3180 omnes
1349 3124 1643 3198 perirent,
1700 3121 1928 3199 absque
1974 3122 2093 3183 fide
2154 3135 2263 3180 nec
2306 3111 2517 3172 daretur

437 3221 790 3294 praesentia
814 3220 934 3280 Dei
969 3222 1132 3297 apud
1163 3221 1349 3297 illum,
1390 3229 1452 3280 et
1486 3223 1541 3281 si
1574 3239 1691 3281 non
1716 3227 2063 3298 praesentia
2088 3223 2231 3291 Dei,
2264 3203 2511 3288 rogssffl'et

447 3319 670 3378 malum
703 3325 766 3378 et
799 3337 916 3380 non
953 3321 1134 3382 alicui
1169 3329 1332 3382 esset
1366 3321 1615 3398 bonum3
1668 3323 1820 3384 haec
1856 3323 2135 3384 dixerunt
2166 3311 2400 3388 intelligi
2421 3315 2515 3380 per

435 3419 928 3498 justificationem
961 3441 1073 3499 per
1107 3421 1294 3482 solam
1333 3422 1531 3481 fidem.
1588 3421 1711 3483 Sed
1742 3429 2050 3484 ostensum
2084 3423 2199 3486 illis
2236 3421 2344 3488 est,
2380 3395 2511 3484 (1¹10‘1

447 3537 566 3582 non
589 3521 740 3582 fides
769 3529 932 3582 esset
955 3525 1073 3582 nisi
1097 3523 1274 3582 simul
1301 3523 1579 3598 charitas,
1620 3531 1681 3583 et
1705 3523 1865 3601 quod
1890 3525 2162 3584 dixerunt
2189 3529 2329 3581 esse‘
2340 3507 2503 3572 fidem,

444 3639 584 3682 esse
619 3623 816 3682 solum
849 3625 1250 3700 cognitiones,
1303 3641 1459 3700 quae
1493 3626 1723 3700 pritnae
1770 3632 1912 3683 sunt
1958 3627 2151 3685 cuivis
2182 3611 2407 3682 homini,
2450 3601 2503 3658 Ut

445 3724 606 3800 quod
642 3722 812 3782 Deus
860 3727 938 3783 sit
985 3731 1044 3783 et
1088 3724 1248 3801 quod
1284 3724 1553 3784 Verbum
1600 3726 1679 3783 sit
1712 3725 2026 3798 Divinum,
2082 3742 2153 3784 ac
2188 3713 2407 3781 similia.
2452 3703 2501 3758 θ*

444 3825 606 3902 quod
639 3823 780 3884 illae
817 3827 1216 3902 cognitiones,
1255 3843 1373 3884 non
1408 3827 1526 3884 sint
1562 3827 1623 3883 in
1653 3825 1921 3900 homine,
1960 3826 2071 3884 sed
2104 3829 2165 3886 in
2194 3815 2410 3881 introitu
2439 3795 2501 3858 ad

442 3923 613 3984 illum
624 3969 642 4000 ,
699 3927 802 4002 qui
837 3932 932 3984 est
965 3927 1098 4002 ejus
1135 3927 1450 4001 memoria,
1505 3927 1857 4002 priusquam
1892 3933 2033 3986 sunt
2066 3902 2129 3985 in
2164 3924 2284 4002 ejus
2316 3907 2493 3970 volun-

445 4027 599 4096 tate,
667 4031 1063 4101 et·quantum
1123 4029 1184 4085 in
1247 4028 1379 4104 ejus
1429 4025 1735 4086 voluntate
1788 4033 1959 4102 sunt,
2024 4033 2247 4085 tantum
2293 4019 2346 4075 in
2387 4009 2495 4082 ί1)80

443 4119 709 4192 h⁰m¹¹¹e2
763 4139 899 4182 nam
935 4126 1210 4186 voluntas
1247 4135 1340 4188 est
1376 4129 1506 4204 ipse
1540 4125 1749 4203 homo,
1807 4133 1869 4187 ct
1916 4134 2201 4205 quantum
2230 4124 2285 4181 in
2316 4107 2491 4170 volun·-

445 4219 572 4272 tato
608 4223 776 4292 sunt,
815 4226 1044 4284 tantum
1079 4228 1139 4284 in
1177 4227 1308 4304 ejus
1345 4231 1481 4288 visu
1516 4234 1683 4304 sunt,
1741 4230 1843 4306 qui
1882 4235 1975 4290 est
2008 4229 2182 4304 fides;
2232 4225 2377 4299 ipsae
2406 4216 2489 4262 ⁰⁰*
