2700 4792
385 339 625 402 CAPUT
685 337 1090 409 SECUNDUM,
1756 341 1967 396 VERS:
2020 352 2075 406 0.
2234 356 2341 408 151
2449 370 2457 376 ·

213 507 284 564 et
321 501 444 560 hoe
478 517 598 559 non
635 505 840 578 potest
881 501 994 558 nisi
1037 515 1216 574 quam
1267 515 1381 576 per
1416 501 1783 576 cognitiones
1820 503 1949 560 veri
1984 508 2045 561 et
2089 502 2229 564 boni
2266 523 2341 568 ex

213 601 473 675 Verbo,
529 600 664 659 ideo
721 606 884 659 amat
928 599 1136 658 indere
1191 599 1328 658 illas
1366 598 1619 674 homini,
1678 607 1738 659 et
1776 600 1975 661 facere
2023 603 2159 664 illas
2202 606 2335 684 ejtis

211 705 422 776 vitae,
479 703 568 759 sie
613 703 768 760 enim
819 717 936 758 non
985 699 1159 758 aliter
1213 705 1419 776 potest
1461 699 1721 777 aliquem
1778 701 1996 762 ducere
2036 703 2115 762 ad
2160 721 2227 764 se
2278 713 2339 766 et

213 802 506 876 salvare3
561 802 698 861 inde
738 806 908 878 patet
949 798 1108 875 quod
1145 801 1336 857 omnis
1380 799 1612 859 affectio
1650 802 1979 878 spiritualis
2022 807 2151 863 veri
2184 807 2263 864 sit
2298 824 2345 865 a.

213 903 512 970 Domino,
548 909 610 961 et
643 900 802 977 quod
841 917 1018 959 nemo
1055 901 1118 958 in
1151 899 1258 959 illa
1300 903 1497 976 possit
1540 917 1703 975 esse,
1745 904 1861 960 nisi
1898 913 2185 978 agnoscat
2221 902 2335 964 Di—

213 1005 438 1061 vinum
473 1001 718 1060 Domini
749 1005 811 1060 in
846 1001 1123 1060 Humano
1160 983 1399 1076 Ipsins,
1453 1001 1743 1076 perhanc
1780 1005 1936 1060 enim
1973 1005 2332 1080 agnitionem

217 1107 324 1165 est
359 1102 704 1177 conjunctio
716 1147 733 1178 ,
769 1109 861 1171 ‚et
896 1100 1222 1160 seeundum
1260 1101 1734 1177 conjunctionem
1762 1105 2061 1178 receptio:
2114 1104 2222 1164 sed
2258 1105 2331 1164 de

216 1203 320 1262 his
377 1201 698 1262 videantur
743 1202 922 1278 plura
965 1203 1024 1259 in
1074 1199 1272 1276 Opere
1341 1200 1417 1260 de
1468 1199 1671 1260 Cento
1728 1219 1803 1260 nv
1862 1202 2166 1279 Ine-enno,
2231 1205 2332 1263 ubi

219 1309 432 1362 aetmn
469 1309 566 1362 est
601 1302 674 1362 de
710 1298 1048 1382 Sapientia
1081 1297 1477 1378 ‚Anyeloram
1514 1298 1717 1372 Coeli,
1754 1320 1829 1360 n:
1876 1303 2013 1361 265
2046 1303 2124 1361 ad
2157 1307 2239 1362 27
2260 1307 2326 1377 ὃς

223 1408 290 1464 et
331 1399 414 1460 de
445 1399 854 1480 Sapientibus
887 1405 948 1460 et
981 1397 1399 1480 Simplieibue
1433 1401 1503 1461 i‘n
1539 1398 1738 1477 Coele,
1778 1421 1844 1462 n:
1888 1403 2025 1462 346
2058 1403 2137 1462 ad
2164 1404 2331 1476 356,

233 1509 300 1561 et
331 1510 652 1576 praeterea
685 1503 794 1576 ibi,
849 1521 918 1562 n:
969 1502 1080 1559 13.
1120 1503 1230 1560 19.
1274 1502 1386 1560 25.
1425 1504 1537 1560 26.
1574 1503 1731 1561 133.
1778 1505 1930 1561 139.
1971 1506 2127 1562 140.
2163 1505 2324 1564 205.

243 1602 411 1660 297.
447 1605 606 1678 422.
655 1605 814 1662 523.
871 1604 1044 1676 603;
1099 1603 1260 1660 etin
1295 1602 1621 1660 Docrnnu
1669 1601 1883 1662 Noun
1930 1603 2324 1665 Hmnosom-

225 1690 388 1775 mn,
435 1681 504 1760 h:
552 1706 631 1760 11
669 1702 747 1760 ad
780 1706 890 1762 27.
947 1720 1018 1762 ae
1061 1718 1246 1777 supra
1289 1705 1349 1760 in
1395 1701 1808 1777 Explicatione
1862 1720 2047 1780 super
2082 1697 2324 1781 Apoea-

215 1801 453 1879 lypsin‚
509 1820 580 1860 n:
629 1804 687 1860 6.
729 1804 837 1862 59.
877 1807 904 1860 1
930 1805 1034 1861 12.
1073 1805 1150 1860 11
1175 1803 1230 1863 5.
1277 1805 1357 1860 11
1382 1807 1437 1862 7.
1520 1801 1589 1860 In
1628 1801 1831 1862 Verbo
1867 1805 2095 1880 passim
2136 1806 2327 1872 nomi-

213 1909 446 1987 nentur
485 1919 788 1978 pauperes
839 1908 900 1962 et
937 1904 1138 1978 egeni,
1197 1907 1258 1961 et
1293 1919 1533 1978 quoque
1571 1905 1903 1963 esurientes
1940 1911 2001 1962 et
2035 1905 2327 1974 sitientes,

219 2009 286 2061 et
329 2019 443 2078 per
483 2019 786 2078 pauperes
825 2010 886 2061 et
925 2019 1146 2080 egenos
1189 2002 1595 2078 significantur
1632 2005 1733 2078 qui
1770 2003 2021 2062 eredunt
2066 2020 2133 2064 se
2176 2004 2327 2062 nihi}

213 2104 380 2162 seire
419 2119 494 2160 ex
519 2118 618 2176 se,
661 2109 722 2161 et
761 2120 1000 2180 quoque
1035 2105 1140 2180 qui
1176 2120 1294 2161 non
1330 2105 1531 2162 sciunt
1570 2105 1713 2179 quia
1750 2121 1870 2162 non
1902 2103 2127 2162 habent
2162 2103 2321 2163 Ver-

213 2203 392 2276 bum,
452 2209 510 2260 et
543 2219 654 2278 per
693 2205 1030 2262 esurientes
1069 2210 1130 2262 et
1163 2205 1435 2262 sitientes
1478 2203 1887 2279 significantur
1930 2203 2016 2262 illi
2046 2205 2149 2280 qui
2177 2221 2323 2263 con-

217 2305 392 2361 tinne
431 2302 775 2362 desiderant
819 2321 966 2362 vera
1003 2311 1062 2362 et
1105 2319 1218 2380 per
1261 2303 1369 2361 illa
1412 2301 1651 2379 perfiei;
1712 2303 1773 2361 hi
1810 2309 1871 2362 et
1910 2302 1999 2362 illi
2034 2310 2175 2362 sunt
2218 2305 2323 2381 qui

217 2401 640 2478 intelliguntur
690 2421 799 2478 per
846 2419 1178 2480 pauperes,
1249 2419 1505 2480 egenOS,
1570 2404 1906 2462 esurientes
1954 2410 2015 2462 et
2048 2405 2321 2462 sitientes
2376 2431 2387 2442 ·

213 2503 286 2560 in
321 2501 424 2558 his
478 2500 624 2559 loeis
678 2502 921 2574 „Beati
940 2522 1260 2582 pauperes
1286 2501 1557 2580 spir-itm·
1588 2501 1889 2580 quoniam
1920 2499 2187 2578 illorum
2220 2507 2317 2562 eet

221 2599 535 2678 Reynum
569 2597 886 2662 Goelmm
898 2623 926 2674 ;
981 2603 1149 2663 beati
1181 2602 1527 2664 esurientes
1568 2607 1629 2660 et
1654 2600 1941 2661 sitientes
1961 2600 2321 2681 justitiam,

211 2697 527 2782 quoniam
555 2697 665 2760 illa·
695 2704 1202 2764 saturabuntur“
1238 2702 1463 2762 Matth:
1501 2702 1591 2761 V:
1634 2703 1671 2760 3
1684 2747 1697 2760 .
1746 2705 1805 2761 6.
1880 2699 2127 2775 „Beati
2148 2719 2323 2779 pau·-

205 2818 398 2883 peree
435 2800 590 2879 quia
623 2821 837 2862 eorum
871 2808 966 2863 est
998 2803 1302 2882 Rey‘num
1337 2800 1666 2863 Goelorum
1677 2845 1693 2875 ‚
1766 2799 1934 2860 beati
1976 2799 2322 2862 merientes

209 2900 516 2980 quoniam
565 2902 1023 2965 saturabimini
1031 2905 1068 2936 “
1121 2903 1282 2963 Luet
1331 2903 1451 2962 VI:
1508 2905 1618 2962 20.
1675 2905 1710 2960 2
1728 2905 1785 2960 1.
1869 2899 2321 2980 „Pauperibus

208 2999 696 3079 praedicabitur
737 2999 1199 3087 Evanyelium‚
1263 3007 1322 3062 et
1347 3021 1665 3082 pauperes
1698 2999 1979 3063 audiunt
2012 3000 2317 3083 Evanye·

220 3097 428 3160 lium“
457 3101 602 3160 Lue:
639 3103 780 3162 VH:
825 3107 938 3162 22.
979 3093 1244 3190 [Matthz]
1281 3103 1397 3162 XI:
1446 3105 1503 3162 5.
1562 3099 2108 3182 „Paterfamilias
2142 3103 2323 3164 dixit

217 3217 423 3273 servo,
476 3206 548 3261 ut
584 3202 799 3263 abiret·
819 3203 891 3264 in
929 3201 1190 3282 plateas
1223 3207 1283 3261 et
1319 3201 1488 3262 vicos
1522 3202 1731 3276 urbis,
1790 3208 1851 3262 et
1898 3203 2323 3266 introduceret
2426 3237 2433 3245 ·

203 3303 568 3378 pauperes“
623 3302 784 3362 Luc:
847 3303 1028 3362 XIV:
1101 3306 1136 3362 2
1155 3307 1214 3361 1.
1307 3301 1542 3376 „Tum
1584 3308 1852 3382 pascent
1900 3302 2323 3383 primogeniti

196 3417 597 3479 pauperum,
673 3405 734 3460 et
789 3403 970 3480 egeni
1021 3401 1401 3482 confidenter
1462 3401 1814 3464 cubabunt“
1888 3404 2069 3480 Esaj=
2132 3402 2320 3461 XIV:

211 3501 330 3558 30.
401 3497 730 3573 „Esurivi
779 3506 840 3561 et
891 3501 1172 3588 dedistis
1207 3501 1386 3562 Mihi
1428 3499 1605 3563 edere
1613 3522 1643 3574 ‚·
1704 3502 1889 3562 sitim·
1934 3508 1994 3560 et
2033 3498 2323 3580 potastis

197 3597 363 3658 Me“
424 3598 654 3660 Matth:
705 3600 920 3661 XXV:
977 3604 1014 3662 3
1031 3603 1089 3663 5.
1175 3601 1553 3682 „Pauperee
1601 3606 1659 3660 et
1710 3600 1928 3680 Eyeni
1959 3603 2324 3677 quaerentes

200 3716 480 3777 aquam,
539 3698 654 3759 sed
685 3716 848 3772 norw
888 3698 1120 3782 linqua
1153 3721 1371 3763 eorum
1402 3701 1523 3762 siti
1564 3699 1809 3781 deficit,
1846 3697 1999 3776 Eyo
2039 3693 2325 3756 Jehovah

197 3796 562 3858 exaudiam
595 3797 748 3859 illos
767 3819 796 3871 ;
853 3801 1143 3880 aperiam
1176 3821 1368 3882 super
1392 3799 1581 3862 clivia
1604 3797 1882 3876 fluvios,
1920 3801 1981 3856 et
2014 3796 2087 3856 in
2112 3793 2319 3856 medio

201 3893 486 3958 vallium
531 3899 750 3977 fontes
789 3903 1079 3980 ponam“
1144 3903 1323 3980 Esaj:
1378 3900 1555 3960 XLI=
1612 3903 1719 3956 17.
1780 3899 1891 3956 18.
1973 3898 2065 3958 Ex
2111 3896 2318 3960 ultimo

199 3995 320 4055 hoe
374 3995 510 4054 loeo
555 4005 757 4075 patet,
809 4003 973 4078 quod
1004 4019 1310 4078 pauperes
1347 4008 1409 4060 et
1456 4001 1629 4075 egeni
1679 3999 1798 4056 sint
1835 3999 1941 4073 qui
1977 3997 2325 4058 desiderant

201 4097 580 4174 cognitiones
617 4098 758 4158 boni
793 4109 856 4160 et
889 4105 1044 4176 veri,
1101 4119 1260 4177 aqua
1308 4103 1468 4160 enim
1526 4115 1709 4176 quam
1752 4107 2049 4173 quaerunt
2084 4105 2179 4159 est
2211 4117 2322 4157 ve-
2386 4105 2411 4119 ”

199 4212 370 4271 mm,
460 4198 622 4272 quod
675 4216 832 4276 aqua
883 4205 963 4262 sit
1007 4219 1214 4263 verum
1265 4201 1432 4277 fidei,
1491 4200 1766 4260 videatur
1818 4215 2003 4278 supra
2053 4219 2119 4259 n:
2194 4202 2317 4274 '1'13
