2700 4792
305 367 607 432 CAPUT
647 363 1019 437 QUARTUM.
1748 365 1957 422 vmtsz
2002 377 2056 427 7.
2211 377 2319 432 487

143 533 356 590 tiones
399 527 582 590 boni
615 531 679 586 et
711 525 870 600 veri,
923 522 1124 584 facere
1158 538 1391 584 ramum
1428 527 1522 583 est
1554 521 1957 600 multiplicare
1983 541 2147 598 vera,
2180 544 2323 604 por·

145 637 284 690 tare
323 631 634 690 fructum
671 633 766 686 est
796 623 1130 702 producere
1164 622 1324 684 bona
1349 639 1507 701 quae
1542 629 1683 684 sunt
1716 639 1883 700 usne,
1919 627 2057 687 vitis
2090 631 2323 707 magni·

145 730 464 790 ficentiae
511 733 618 788 est
649 725 928 786 Ecclesia
961 723 1294 802 spiritualis
1312 767 1330 798 ‚
1387 725 1479 784 sic
1514 725 1751 783 interna
1786 731 1849 784 et
1882 733 2162 788 exter-naz
2216 728 2327 790 sed

145 830 346 904 haec,
415 829 589 906 quia
635 843 858 886 arcana
902 825 1375 902 regenerationis
1424 830 1485 884 et
1531 825 1978 886 instaurationis
2013 827 2325 890 Ecclesiae

155 930 336 1007 apud
371 929 710 988 hominem
743 932 912 996 sunt,
961 924 1174 984 melius
1208 925 1475 1001 perspici
1506 931 1761 1001 possunt
1810 941 1886 986 ex
1918 925 2037 986 illis
2074 943 2229 1002 quae
2262 930 2326 988 iu

147 1029 534 1092 Docvnnu
590 1027 806 1088 Novas
852 1026 1334 1086 Hmaosonnur.
1396 1043 1474 1086 ex
1518 1025 1769 1086 Arcanis
1824 1024 2199 1086 coelestibus
2248 1028 2324 1088 de

157 1129 486 1192 scientiis
529 1134 592 1186 et
614 1125 1084 1205 Cognitionibus,
1121 1144 1180 1184 n:
1217 1128 1252 1185 5
1269 1129 1327 1199 1,
1366 1132 1493 1186 tum
1528 1141 1683 1203 quae
1719 1124 1793 1184 de
1822 1125 2321 1204 Regeneratione‚
2360 1137 2521 1199 [321]

155 1247 218 1290 n:
261 1234 294 1290 1
317 1232 424 1290 83
465 1227 577 1302 ibi,
616 1227 800 1287 allata
833 1233 990 1286 sunt.
1048 1226 1222 1303 Quod
1257 1226 1483 1303 Aquila
1512 1224 1975 1303 Intelligentiam
2010 1227 2323 1304 significet,

163 1332 362 1388 etiam
421 1334 716 1388 constare
749 1334 953 1404 potest
985 1325 1151 1403 apud
1183 1327 1427 1404 Esajam
1466 1369 1503 1402 „
1512 1325 1979 1405 Eoeepeotantes
2016 1325 2323 1390 Jehovam

161 1428 597 1490 irmovamtur
637 1427 880 1502 robore,
935 1433 995 1489 et
1031 1426 1379 1488 ascendunt
1426 1423 1541 1488 ala
1590 1426 1759 1488 aiom
1795 1424 2070 1506 Aquilae
2078 1429 2116 1461 “
2176 1429 2333 1490 XLz·

175 1531 266 1588 31
300 1549 320 1605 3
383 1527 732 1588 ascendere
769 1528 868 1588 ala
903 1531 1058 1589 sicut
1093 1527 1363 1604 aquilae,
1420 1533 1517 1588 est
1560 1531 1622 1588 in
1654 1527 1852 1587 lucem
1890 1527 2075 1603 coeli,
2130 1530 2215 1588 ita
2261 1532 2321 1589 in

167 1629 681 1707 intelligentiam.
719 1627 904 1705 Apud
925 1627 1216 1689 Davidem
1248 1626 1581 1703 „Jehovalt
1606 1626 1720 1708 qui
1742 1632 2001 1689 saturat
2023 1646 2095 1688 oa
2118 1633 2319 1705 mum,

176 1734 254 1789 ut
288 1728 632 1790 rmoven's
665 1728 834 1789 sicut
877 1726 1100 1810 aquila
1123 1732 1162 1764 “
1216 1728 1455 1791 Psalm:
1494 1727 1669 1790 01112
1714 1729 1748 1788 5
1767 1749 1784 1806 3
1838 1732 2117 1790 renovari
2162 1733 2321 1792 sicut

181 1831 402 1905 aquila
437 1835 534 1889 est
571 1828 768 1906 quoad
801 1830 1271 1908 intelligentiam.
1327 1829 1511 1908 Apud
1542 1831 1755 1892 Mosen
1789 1873 1829 1906 „
1853 1828 2134 1894 Vidistis
2165 1849 2319 1910 quo-

185 1928 384 1990 modo
427 1925 690 1990 tulerim
723 1948 833 1990 vos
877 1930 1046 1993 siout
1079 1927 1212 1992 alis
1244 1929 1633 2010 aquilarum,
1682 1934 1749 1992 et
1784 1929 2176 1996 adduoeerim
2213 1951 2323 1994 vos

193 2028 286 2088 ad
325 2028 495 2092 Me“
547 2030 751 2091 Exod:
785 2030 977 2092 XIX:
1009 2035 1084 2108 43
1131 2031 1286 2092 serre
1322 2034 1482 2093 sieut
1516 2033 1629 2094 alis
1664 2032 1997 2108 aquilarum
2032 2039 2095 2094 et
2128 2033 2321 2095 addu-

201 2144 344 2190 cere
405 2138 500 2191 est
549 2148 788 2208 quoque
845 2133 912 2192 in
952 2131 1436 2208 intelligentiam,
1492 2134 1635 2210 quia
1677 2135 1739 2190 in
1784 2131 2032 2192 Coelum
2082 2139 2144 2194 et
2191 2135 2323 2212 ejus

199 2227 432 2291 lucem.
494 2231 678 2308 Apud
716 2232 986 2292 Eundem
1045 2277 1080 2308 „
1103 2228 1388 2292 Jehovah
1429 2230 1670 2292 invenit
1706 2248 1849 2292 eum
1888 2231 1961 2292 in
1996 2237 2171 2294 term
2206 2232 2321 2294 de-

213 2328 400 2400 serti,
464 2331 896 2394 circumduxit
943 2351 1112 2407 euvn,
1181 2330 1503 2394 instruxit
1553 2349 1724 2402 eum,
1784 2330 2133 2395 custodivit
2181 2352 2323 2396 eum

219 2421 393 2486 sicut
417 2429 734 2509 pupillum
771 2430 942 2494 oculi
952 2452 982 2505 ,·
1039 2432 1207 2494 sicut
1251 2428 1499 2514 Aquila
1544 2431 1789 2494 excitat
1836 2430 2067 2494 nidum
2110 2451 2321 2509 suunt,

215 2541 418 2606 cuper
436 2527 642 2610 pullis
684 2533 941 2594 motitat
983 2553 1082 2606 se,
1133 2533 1447 2613 eoepandit
1488 2530 1637 2596 ala-s
1674 2548 1849 2606 suas,
1886 2531 2121 2610 accipit
2157 2552 2319 2608 eum,

201 2632 428 2704 portat
457 2651 600 2694 eum
639 2652 830 2713 super
870 2630 985 2696 ala
1023 2654 1187 2706 sucu
1243 2635 1340 2695 sic
1372 2633 1657 2696 Jehovah
1702 2629 1883 2694 solue
1916 2630 2096 2692 ducit
2126 2635 2316 2694 οων*

207 2726 403 2792 Dent:
441 2733 723 2794 XXXII:
772 2737 878 2794 10.
927 2739 1030 2794 11.
1077 2740 1199 2810 123
1253 2739 1451 2812 agitur
1482 2736 1565 2794 ibi
1612 2734 1687 2795 de
1732 2733 2160 2794 instauratione
2194 2733 2319 2794 Ec·
2438 2725 2446 2732 ’

207 2828 429 2892 clesiae
466 2834 770 2912 Antiquae
789 2878 806 2906 ,
861 2853 932 2896 ac
968 2836 1041 2895 de
1079 2839 1272 2913 prima
1305 2836 1724 2896 reformatione
1762 2850 1966 2894 eorum
2002 2835 2107 2910 qui
2140 2832 2217 2892 ab
2245 2851 2321 2894 ea

205 2928 484 2994 Ecclesia
494 2954 511 3009 3
564 2936 792 3010 primus
827 2942 1022 2996 status
1071 2953 1278 2996 eorum
1311 2936 1661 3015 intelligitur
1694 2953 1807 3013 per
1840 2940 2063 2995 terram
2097 2934 2322 2994 deserti

205 3030 266 3090 in
301 3052 424 3112 qua
455 3037 684 3094 invenit
716 3035 870 3109 illos,
906 3043 1069 3098 terra
1095 3037 1320 3102 deserti
1354 3044 1449 3096 est
1482 3036 1586 3095 ubi
1618 3054 1739 3097 non
1770 3026 1993 3096 bonum
2028 3037 2172 3112 quia
2204 3052 2321 3095 non

199 3145 448 3210 verum3
515 3136 822 3194 instructio
883 3153 1092 3216 eorum
1151 3140 1214 3196 in
1259 3139 1456 3210 veris,
1532 3137 1849 3198 custoditio
1908 3154 1947 3196 a
1991 3136 2194 3210 falsis,
2248 3151 2321 3196 ac

205 3236 460 3311 aperitio
496 3237 844 3296 interiorum
891 3254 1046 3315 quae
1094 3239 1310 3298 mentis
1349 3253 1556 3296 eorum
1606 3244 1675 3296 ut
1707 3240 1983 3298 venirent
2026 3240 2092 3298 in
2123 3237 2322 3303 lucem

205 3332 407 3408 Coeli,
465 3335 525 3394 et
558 3337 645 3395 sic
679 3338 742 3395 in
774 3337 1145 3400 intellectum
1179 3339 1310 3397 veri
1345 3344 1407 3396 et
1440 3337 1609 3414 bqni,
1648 3340 1752 3414 qui
1786 3345 1881 3400 est
1906 3338 2322 3416 intelligentia,

205 3433 567 3498 describitur
599 3453 712 3513 per
745 3436 1056 3513 Aquilam,
1113 3438 1246 3514 ejus
1280 3436 1485 3498 nidum
1518 3439 1581 3498 in
1617 3437 1768 3511 alto,
1824 3437 1957 3514 ejus
1992 3439 2323 3498 motitatio-

203 3551 344 3598 nem
379 3551 566 3612 super
599 3537 812 3614 pullis,
865 3545 927 3597 et
957 3539 1357 3616 portationem
1404 3553 1610 3598 eorum
1644 3553 1831 3614 super
1864 3536 2007 3608 alis,
2072 3551 2321 3611 compa-

202 3643 360 3700 ratio
394 3635 462 3695 fit
495 3654 632 3697 cum
664 3636 890 3715 Aquila
935 3640 1078 3716 quia
1107 3636 1330 3715 Aquila
1374 3636 1668 3713 significat
1713 3633 2185 3712 intelligentiam.
2250 3633 2323 3695 In

201 3735 390 3800 Libro
425 3737 488 3798 II
517 3735 816 3798 Samuelis
858 3734 1070 3814 „Saul
1093 3742 1154 3799 et
1179 3733 1511 3798 Ionatham,
1529 3751 1688 3814 prae
1712 3730 1955 3813 aquilis
1978 3729 2231 3804 veloces,
2262 3739 2323 3794 et

193 3855 360 3916 prae
394 3834 676 3902 leonibus
709 3835 967 3901 validi“
1028 3838 1088 3898 I:
1133 3840 1220 3898 23
1243 3857 1260 3913 3
1313 3852 1426 3913 per
1461 3833 1705 3895 Saulem
1752 3839 1821 3893 ut
1864 3850 2071 3910 regem
2120 3840 2181 3894 et
2212 3850 2323 3910 per

203 3937 614 4000 Jonathanem
659 3946 730 3999 nt
769 3938 957 4000 filium
1001 3940 1162 4015 regis
1197 3935 1571 4014 significatur
1603 3951 1815 3994 verum
1846 3932 2196 4010 Ecclesiae3
2261 3940 2323 3994 et

199 4041 352 4114 ‘qnia
385 4039 526 4099 inde
591 4046 684 4102 est
715 4039 1111 4118 intelligentia
1170 4043 1231 4099 et
1279 4053 1518 4115 quoque
1566 4037 1861 4114 potentia,
1916 4033 2129 4096 dicitur
2164 4032 2327 4114 quod

207 4153 356 4215 prae
393 4140 610 4218 aquilis
662 4147 866 4202 essent
898 4138 1142 4200 veloces
1179 4144 1242 4199 et
1273 4153 1425 4216 prae
1459 4135 1735 4198 leonibus
1771 4136 1983 4214 validi,
2035 4136 2325 4202 velocitas

204 4237 268 4300 in
302 4239 540 4312 Verbo,
593 4258 728 4302 eum
783 4241 859 4303 de
903 4240 1335 4319 intelligentia,
1390 4237 1691 4318 significat
1748 4237 2122 4304 affectionem
2158 4237 2287 4297 veri
2304 4254 2329 4312 ς
2368 4315 2391 4338 ν
