2700 4792
383 341 493 392 510
825 327 1318 383 APOCALYPSIS
1360 323 1798 384 EXPLICATA.
1852 326 1899 394 ς.
1940 333 2067 388 295.

379 494 475 548 est
507 504 584 546 ex
609 504 812 548 amore
837 489 1196 550 benefacere
1223 488 1557 566 egentibus.
1612 487 1794 564 Apud
1818 486 2112 546 Davidem
2149 529 2189 561 „
2200 483 2501 549 Precatio

375 605 520 649 mea
563 605 722 667 crya
764 587 854 650 D
885 587 1170 650 Jehovah
1214 593 1485 668 tempore
1530 584 1971 666 Beneplaciti;
2019 586 2213 648 Deus
2236 592 2503 668 propter

375 686 888 768 maynitudinem
914 687 1402 751 Misericordiae
1436 686 1741 768 responde
1778 685 1942 748 mihi
1972 686 2047 747 in
2084 687 2347 748 veritate
2378 707 2493 749 sa-

378 785 542 850 lutis
580 792 772 850 tuae“
812 789 1047 850 Psalm:
1085 789 1312 850 LXIX:
1360 792 1482 864 143
1538 795 1775 872 tempus
1810 788 2186 864 Beneplaciti
2218 787 2490 847 Jehovae

377 889 674 967 significat
720 893 1196 968 acceptationem
1243 907 1318 948 ex
1354 907 1591 964 amore3
1646 896 1887 965 tempus
1938 885 2231 964 significat
2274 893 2493 946 statum

379 992 754 1059 existentem,
789 1008 926 1051 cum
951 990 1166 1050 dicitnr
1199 989 1274 1049 de
1309 989 1675 1064 hominibusi,
1714 994 1777 1046 at
1809 995 2169 1065 perpetuum
2206 989 2497 1060 existens,

377 1107 516 1150 cum
573 1088 652 1148 de
686 1089 994 1166 Jehovah,
1047 1092 1136 1149 ita
1178 1091 1465 1150 Amorem
1510 1089 1743 1167 Ipsius,
1819 1090 1959 1165 quia
2005 1088 2103 1147 hic
2163 1093 2504 1164 perpetuus-

379 1195 502 1266 est3
555 1189 780 1250 auditio
831 1197 892 1250 et
938 1191 1242 1268 adjuvatio
1295 1207 1371 1251 ex
1406 1191 1629 1250 Amore
1677 1207 1787 1265 per
1820 1189 2104 1248 Divinum
2140 1187 2495 1265 procedens,

377 1289 539 1368 quod
588 1298 682 1350 est
727 1292 1012 1351 Divinum
1062 1291 1315 1363 Verum,
1388 1289 1754 1367 significatur
1806 1306 1918 1365 per
1963 1294 2213 1365 propter
2260 1289 2496 1364 magni-

377 1390 646 1450 tudinem
679 1392 1128 1452 Misericordiae
1175 1389 1475 1467 responde
1523 1389 1667 1448 mihi
1702 1393 1763 1448 in
1795 1391 2050 1449 veritate
2087 1388 2300 1448 salutis
2336 1394 2507 1446 tuae.

375 1490 560 1567 Apud
593 1491 834 1569 Esnjnm
874 1491 1132 1566 „Dioeit
1167 1489 1472 1561 Jehovah,
1510 1489 1581 1550 in
1622 1495 1895 1569 tempore
1930 1484 2337 1567 Beneplacitz·
2358 1505 2505 1547 res-

365 1588 573 1670 pondi
609 1590 755 1666 tibi,
815 1596 876 1651 et
926 1591 996 1651 in
1045 1590 1150 1650 die
1195 1588 1437 1652 salutis
1474 1589 1702 1672 adjuvi
1740 1592 1849 1648 te“
1912 1588 2074 1666 Gap:
2123 1587 2364 1648 XLIX:
2420 1589 2503 1661 83

375 1698 612 1766 tempus
647 1691 1020 1768 Beneplaciti
1068 1708 1178 1750 seu
1214 1691 1561 1750 Voluntatis
1614 1693 1793 1750 etiam
1840 1689 1937 1750 hic
1984 1688 2279 1765 significat
2313 1688 2495 1767 Divi-

373 1805 518 1848 num
543 1791 857 1866 Amorem3
893 1792 1261 1866 respondere
1299 1791 1594 1867 significat
1620 1807 1795 1867 opem
1830 1791 1987 1852 ferre
2024 1796 2085 1849 et
2118 1788 2495 1848 benefacere.

376 1889 559 1966 Apud
593 1890 860 1950 Eundem
902 1889 1060 1966 „Ad
1087 1887 1623 1970 proclamandum
1662 1909 1901 1950 annum
1935 1885 2345 1967 Beneplacitz·
2380 1885 2497 1949 Je-

377 1987 598 2064 vaae,
647 1988 737 2050 ad
777 1987 1232 2051 consolandum
1269 2009 1481 2050 omnes
1522 1987 1851 2069 Zuyentee“
1901 1989 2065 2050 LXI:
2109 1993 2145 2048 2
2162 2009 2178 2063 3
2233 1989 2385 2048 haec
2421 1988 2505 2048 de

375 2087 640 2150 adventu
664 2092 936 2166 Domini;
975 2097 1035 2150 et
1068 2109 1178 2167 per
1213 2109 1432 2160 annum
1458 2090 1836 2167 Bcueplaciti
1860 2089 2231 2166 significatur
2257 2093 2497 2164 tempus

379 2195 442 2249 et
491 2195 686 2250 status
729 2191 1031 2252 hominum
1067 2191 1377 2250 Ecclesiae
1441 2189 1677 2267 quando
1738 2209 1814 2250 ex
1848 2191 2071 2248 Amore
2132 2188 2493 2266 opitulandi:

373 2306 563 2372 quare
618 2293 796 2350 etiam
849 2291 1064 2350 dicitur
1111 2291 1188 2350 ad
1235 2291 1663 2350 consolandum
1698 2307 1905 2350 omnes
1940 2289 2231 2367 lugentes.
2316 2289 2495 2365 Apud

374 2389 672 2450 Davidem
761 2435 799 2466 „
829 2389 931 2452 Tu
997 2390 1310 2452 benedicis
1342 2390 1558 2473 justO,
1632 2389 1799 2451 sicut
1849 2387 2062 2470 clypeo
2114 2386 2495 2468 bmeplaoito

374 2488 802 2552 circumdabis
827 2495 988 2550 eos“
1019 2492 1244 2551 Psalm:
1275 2492 1350 2550 V:
1391 2493 1507 2565 133
1562 2490 1658 2549 hic
1691 2490 2143 2568 Beneplacitum
2182 2491 2499 2550 manifeste

373 2606 486 2666 pro
519 2591 740 2651 Divino
775 2591 1026 2665 Amore,
1084 2609 1157 2651 ex
1211 2610 1326 2667 quo
1377 2592 1673 2650 Dominus
1726 2606 1929 2650 omnes
1982 2596 2239 2666 tutatur3
2306 2590 2501 2651 tutela

374 2689 578 2767 Ipsius
617 2709 691 2752 cx
717 2692 940 2752 Amore
976 2691 1342 2768 significatur
1378 2709 1489 2769 per
1516 2693 1671 2748 sicut
1698 2690 1907 2768 clypeo
1944 2691 2339 2750 circumdabis
2368 2707 2495 2750 eos.

373 2790 560 2868 Apud
591 2791 861 2852 Eundem
917 2791 1245 2866 „Jehovah
1288 2789 1576 2869 aperiens
1613 2809 1891 2862 manum,
1937 2795 1997 2850 et
2038 2790 2298 2852 satians
2323 2809 2508 2852 omne

375 2888 590 2950 vivens
633 2888 1094 2971 Beneplacito“
1131 2893 1367 2952 Psalm:
1400 2891 1641 2952 CXLV:
1685 2895 1803 2960 16;
1840 2908 1949 2968 per
1984 2893 2221 2967 aperire
2262 2909 2501 2951 manum

377 2989 746 3065 significatur
783 2992 1004 3052 donare
1041 2994 1223 3068 bono;
1267 3001 1330 3053 et
1363 3011 1479 3068 per
1508 2992 1728 3052 satiare
1757 3009 1930 3052 omne
1956 2993 2165 3052 vivens
2192 2992 2497 3068 Benepla-

378 3090 494 3148 cito
521 3091 887 3166 significatur
903 3093 1276 3170 locupletare
1297 3095 1516 3154 Divino
1530 3091 1693 3152 Vero
1722 3111 1793 3151 ex
1818 3109 2020 3152 amore
2044 3109 2249 3152 omnes
2278 3095 2383 3168 qui
2407 3109 2504 3151 re-

377 3189 604 3264 cipiunt
629 3191 812 3249 vitam
840 3191 917 3250 ab
942 3194 1102 3270 Ipso.
1141 3192 1325 3268 Apud
1354 3195 1565 3254 Mosen
1594 3192 1754 3267 „De
1769 3193 2081 3271 pretiosis
2107 3197 2313 3254 terrae
2337 3197 2399 3252 et
2424 3189 2501 3251 de

366 3285 768 3370 plenitudine
803 3289 939 3373 qius
953 3337 970 3366 ,
1013 3297 1074 3352 et
1113 3290 1600 3371 Bmeplacitum
1638 3291 2027 3354 Habitantis
2062 3293 2133 3354 in
2160 3294 2313 3354 rubo
2329 3338 2345 3368 ,
2394 3309 2496 3352 ve·-

376 3388 564 3452 m‘ant
611 3387 830 3470 Capiti
881 3391 1146 3472 Josephi
1171 3438 1187 3466 ‚
1261 3399 1320 3452 et
1372 3392 1593 3456 vertici
1646 3391 1963 3454 Naziraei
1999 3393 2297 3472 fratrum
2346 3390 2501 3474 ejus.

377 3488 742 3572 Naphthali
768 3496 956 3554 satur
980 3489 1395 3572 Beneplacito
1422 3498 1481 3554 et
1508 3491 1924 3554 benedictione
1954 3492 2273 3554 Jelwvae“
2314 3493 2494 3551 Deut:

377 3590 680 3654 XXXIII:
705 3595 734 3652 1
755 3583 1016 3672 6[.‘·23];
1046 3601 1156 3670 per
1169 3593 1505 3669 Josephum
1530 3594 1591 3652 in
1618 3611 1899 3670 supremo
1929 3609 2110 3652 sensu
2140 3591 2501 3670 significatur

180 3707 341 3770 [341]
381 3691 676 3753 Dominus
705 3695 900 3770 quoad
934 3695 1217 3755 Divinum
1243 3694 1589 3771 Spirituale,
1628 3696 1686 3752 in
1730 3711 1911 3756 sensu
1954 3696 2187 3752 interno
2229 3693 2503 3767 Regnum

383 3791 729 3871 Spirituale,
761 3797 907 3854 etin
937 3802 1183 3855 externo
1207 3794 1495 3869 Salvatio,
1524 3793 1926 3854 Fructificatio
1955 3794 2095 3853 boni
2124 3800 2185 3854 et
2210 3790 2505 3868 Multipli-

383 3897 537 3954 catio
567 3897 710 3970 veri,
741 3894 1016 3970 videatur
1044 3914 1101 3954 n:
1128 3897 1338 3956 3969.
1378 3897 1511 3955 397
1533 3898 1589 3953 1.
1617 3895 1831 3954 4669.
1871 3897 2081 3970 64173
2114 3893 2325 3956 exinde
2354 3909 2501 3957 con-

376 3999 542 4054 stare
579 4001 815 4070 potest,
879 3996 1019 4071 quid
1057 3995 1424 4074 significatur
1456 4013 1567 4072 per
1605 3993 1763 4071 quod
1798 3993 2072 4072 Josepho
2110 3993 2183 4053 de
2219 3993 2507 4070 pretiosis

381 4098 582 4152 terrae
622 4100 682 4155 et
715 4094 1086 4169 plenitudine
1115 4096 1267 4173 ejus,
1305 4103 1366 4156 et
1384 4095 1839 4172 Beneplacitum
1865 4094 2207 4154 Habitantis
2242 4096 2305 4152 in
2334 4091 2509 4164 rubo,

379 4191 647 4267 pretiosa
689 4198 884 4255 terrae
913 4203 1054 4255 sunt
1081 4197 1240 4256 bona
1280 4196 1615 4274 spiritualia
1658 4201 1718 4255 et
1753 4194 1889 4256 inde
1917 4209 2063 4258 vera
2103 4211 2268 4274 quae
2284 4191 2505 4258 Eccle-
