2700 4792
267 361 512 418 CAPUT
551 359 888 418 TERTIUM.
1702 363 1913 419 VERS:
1956 373 2049 428 20.
2204 375 2307 432 421

195 525 358 604 quod
409 541 530 583 non
585 522 736 583 fides
791 523 870 582 sit
922 520 1025 580 ubi
1075 537 1194 581 non
1243 519 1539 592 chal-iias,
1600 523 1661 581 in
1711 521 2017 600 Opusculo
2066 525 2141 586 de
2184 525 2314 588 Uc-

195 646 342 686 nmo
381 625 632 685 Jumcio
684 642 754 682 n:
807 624 896 682 33
954 622 1032 680 ad
1089 623 1216 681 39:
1265 629 1326 680 et
1364 622 1525 698 quod
1562 621 1739 682 homo
1782 627 1861 682 sit
1894 632 2035 702 post
2066 632 2316 687 mortem

195 727 392 803 qualis
462 725 594 802 ejus
645 727 792 790 vita,
822 723 934 783 suit
981 723 1046 780 in
1105 722 1358 796 mund0,
1424 729 1484 780 et
1544 740 1661 780 non
1718 724 1913 799 qualis
1964 726 2097 802 ejus
2142 727 2311 803 fideti,

190 830 246 886 in
293 825 507 902 Opere
556 825 630 884 de
669 823 870 883 Conco
912 839 990 882 m·
1031 822 1308 882 Ins-nmo
1362 840 1433 880 n:
1492 827 1633 882 470
1682 823 1759 882 ad
1808 827 1985 883 4842
2058 834 2119 886 et
2172 828 2315 904 quid

193 926 476 987 Charitas
531 931 594 985 et
627 924 768 1000 quid
801 923 980 982 Fides
1033 925 1095 980 in
1131 938 1244 981 sua
1279 925 1571 995 essentia,
1626 925 1687 981 in
1733 923 2058 983 Docwnuu
2092 925 2151 985 N
2154 943 2313 987 ovst:

192 1027 700 1098 Hmnosomnun,
737 1041 796 1082 n:
832 1027 920 1083 84
951 1023 1031 1081 ad
1067 1026 1222 1081 122.
1277 1022 1369 1080 Ex
1402 1022 1497 1082 his
1524 1041 1679 1082 nunc
1706 1023 1977 1082 adductis
2016 1027 2307 1102 expende,

191 1145 330 1186 num
364 1124 546 1184 fidem
581 1124 804 1184 habere
837 1125 918 1182 sit
951 1122 1115 1182 aliud
1149 1139 1326 1197 quam
1361 1125 1565 1183 vivere
1600 1123 1779 1194 illam,
1820 1129 1879 1182 et
1906 1125 2107 1184 vivere
2143 1124 2309 1184 illam

190 1245 304 1287 non
357 1231 458 1284 est
503 1225 698 1285 solum
736 1227 890 1284 scire
941 1229 1000 1282 et
1049 1225 1340 1298 cogitare,
1399 1222 1509 1282 scd
1553 1225 1731 1282 etiam
1766 1223 1924 1284 velle
1988 1231 2049 1282 et
2081 1226 2301 1302 facere,
2347 1239 2509 1337 [278]

191 1328 342 1386 fides
380 1326 541 1384 enim
575 1341 694 1384 non
729 1331 822 1384 est
855 1325 917 1382 iu
951 1323 1190 1382 homine
1227 1322 1367 1380 dum
1405 1323 1596 1380 solum
1654 1329 1747 1381 est
1779 1325 1838 1380 in
1887 1323 2016 1400 ejus
2054 1327 2209 1383 scire
2248 1332 2307 1385 ct

191 1429 497 1504 cogitare,
551 1425 662 1486 sed
696 1441 833 1484 cum
869 1425 1046 1483 etiam
1086 1428 1180 1483 est
1222 1424 1284 1480 in
1321 1423 1455 1498 ejus
1489 1421 1649 1482 velle
1686 1430 1747 1482 et
1778 1423 2009 1496 facere,
2059 1423 2209 1484 fides
2246 1427 2307 1485 in

189 1527 432 1587 homine
483 1531 578 1586 est
619 1524 769 1584 fides
819 1526 1012 1598 vitae,
1075 1522 1224 1582 fides
1277 1527 1479 1581 autem
1524 1523 1781 1581 nondum
1820 1525 1879 1580 in
1926 1522 2164 1583 homine
2214 1531 2307 1584 est

190 1628 338 1688 fides
373 1627 700 1684 memoriae
739 1631 798 1684 et
831 1624 968 1683 inde
1003 1624 1378 1700 cogitationis
1390 1643 1407 1697 3
1445 1622 1593 1682 fides
1620 1625 1779 1682 vitae
1815 1623 2161 1700 intelligitur
2196 1642 2306 1702 per

190 1727 440 1788 credere
473 1729 536 1786 in
567 1727 787 1795 Deum,
821 1723 1066 1785 credere
1105 1729 1305 1782 autem
1337 1721 1445 1782 illa
1480 1740 1635 1799 quae
1664 1742 1701 1783 a
1728 1724 1879 1799 Deo,
1920 1732 1981 1783 et
2014 1742 2129 1784 non
2167 1743 2303 1784 crc-

191 1829 331 1888 dere
385 1829 448 1885 in
484 1827 716 1899 Deum,
773 1831 868 1886 est
925 1823 1072 1882 fides
1121 1824 1435 1897 historica,
1493 1840 1649 1899 quae
1699 1841 1817 1882 nou
1879 1831 1973 1883 est
2031 1825 2303 1902 salvans3

193 1930 322 2004 quis
360 1933 457 1987 est
491 1928 596 2003 qui
629 1941 810 1984 verus
847 1924 1132 1984 sacerdos
1171 1929 1230 1983 et
1262 1923 1457 1983 bonus
1494 1931 1727 2000 pastor,
1786 1927 1889 2000 qui
1922 1942 2040 1984 non
2076 1925 2207 1984 vult
2238 1932 2305 1984 ut

192 2027 462 2088 homines
496 2026 652 2086 bene
687 2028 922 2096 vivant,
975 2030 1037 2082 et
1069 2027 1174 2101 qui
1206 2041 1322 2082 non
1365 2024 1479 2082 scit
1513 2024 1672 2100 quod
1704 2025 1853 2082 fides
1904 2027 2305 2102 cognitionum

195 2131 334 2204 qnia
371 2127 526 2186 alius
563 2127 740 2194 dixit,
794 2142 910 2185 non
947 2127 1026 2184 sit
1057 2123 1205 2183 fides
1242 2126 1401 2183 vitae
1452 2125 1559 2182 sed
1596 2124 1745 2182 fides
1778 2125 2100 2202 historica3
2153 2126 2303 2185 fides

193 2231 354 2287 vitae
392 2233 486 2288 est
517 2226 670 2286 fides
707 2225 1044 2299 charitatis,
1083 2242 1222 2284 nam
1257 2223 1515 2283 charitas
1555 2232 1648 2284 est
1682 2227 1824 2284 vita.
1908 2225 2031 2285 Sed
2064 2228 2305 2285 tametsi

196 2330 286 2386 ita
321 2334 445 2397 est,
494 2342 688 2404 usque
725 2325 1076 2403 praevideo,
1133 2324 1292 2402 quod
1327 2324 1417 2383 illi
1463 2327 1564 2401 qui
1608 2341 1674 2384 se
1712 2327 2209 2388 confirmaverunt
2240 2328 2304 2386 in

199 2426 488 2484 Doctrina
533 2427 607 2486 de
641 2425 774 2486 sola
805 2425 923 2485 fide
971 2432 1032 2483 et
1074 2425 1148 2485 de
1176 2424 1607 2503 justificatione
1650 2443 1761 2502 per
1796 2427 1988 2500 illam,
2050 2445 2167 2486 non
2202 2445 2303 2486 re-

205 2523 424 2582 cedant
457 2525 528 2583 ab
563 2544 658 2601 ea,
716 2543 788 2585 ex
826 2542 1014 2586 causa
1059 2528 1202 2602 quia
1237 2532 1596 2586 connectunt
1641 2525 1798 2586 salsa
1830 2530 2023 2599 veris,
2088 2527 2306 2586 docent

199 2626 356 2682 enim
395 2641 538 2684 vera
588 2644 716 2686 cum
753 2643 828 2686 ex
865 2626 1095 2698 Verbo,
1149 2633 1212 2684 at
1247 2627 1465 2685 docent
1509 2626 1664 2685 salsa
1712 2643 1844 2686 cum
1882 2645 1957 2684 ex
1991 2625 2297 2702 Doctrina,

199 2742 271 2784 ac
303 2725 444 2785 inde
473 2727 834 2785 confundunt
865 2726 972 2785 illa
1009 2743 1119 2801 per
1156 2726 1314 2802 quod
1339 2726 1541 2785 dicant
1575 2726 1734 2803 quod
1756 2727 1981 2786 fructus
2007 2724 2146 2783 fidei
2180 2727 2301 2783 sint

192 2825 350 2884 bona
385 2829 574 2900 vitae,
631 2833 694 2886 et
728 2825 887 2903 quod
920 2827 1072 2884 haec
1108 2832 1439 2902 sequantur
1476 2845 1550 2885 ex
1584 2826 1728 2898 fide,
1781 2833 1843 2885 et
1886 2831 2088 2884 tamen
2139 2826 2299 2902 quod

192 2925 346 2986 bona
381 2929 544 2986 vitae
580 2925 728 2986 nihil
762 2928 840 2985 ad
873 2927 1130 2985 salutem
1164 2926 1414 2997 saciant,
1468 2927 1579 2987 sed
1631 2927 1763 2986 sola
1796 2926 1975 3003 fides3
2028 2928 2115 2988 ita
2148 2943 2296 2986 con-

183 3026 446 3104 jungunt
501 3034 564 3086 et
600 3033 914 3102 separant,
985 3032 1044 3085 et
1091 3044 1224 3086 cnm
1279 3028 1646 3104 conjungunt
1698 3027 1911 3088 docent
1961 3045 2135 3098 vera,
2189 3027 2303 3088 sed

194 3143 391 3186 coram
451 3127 678 3204 populo
742 3130 844 3203 qui
901 3145 1020 3186 non
1079 3130 1192 3185 scit
1239 3127 1399 3202 quod
1443 3130 1766 3202 invertant,
1836 3135 1897 3188 et
1948 3130 2107 3205 quod
2148 3130 2299 3189 haec

191 3225 389 3287 dicant
423 3244 499 3287 cx
526 3229 892 3287 necessitate
927 3233 992 3286 ut
1021 3227 1342 3287 cohaereat
1368 3227 1635 3287 doctrina
1662 3246 1866 3288 eorum
1905 3246 2037 3288 cum
2062 3230 2298 3305 Verbo,

191 3334 248 3386 at
281 3345 421 3388 cum
456 3334 768 3404 separant,
821 3327 1038 3387 docent
1069 3327 1253 3401 falsa,
1309 3344 1448 3386 nam
1484 3329 1689 3389 dicunt
1733 3329 1911 3389 fidem
1964 3332 2203 3391 salvare
2242 3337 2303 3390 et

191 3443 302 3487 non
338 3427 646 3488 charitatis
695 3428 854 3488 bona
889 3445 1042 3503 quae
1079 3434 1217 3486 sunt
1251 3445 1465 3504 opera,
1518 3437 1659 3502 tunc
1697 3447 1811 3488 non
1847 3433 2102 3490 scientes
2140 3430 2301 3507 quod

189 3527 447 3588 charitas
483 3534 546 3588 et
576 3527 726 3588 fides
763 3533 1194 3605 unumcagant,
1235 3534 1297 3586 et
1331 3529 1491 3604 quod
1518 3529 1775 3588 charitas
1812 3532 1892 3588 sit
1926 3546 2106 3605 agere
2141 3529 2297 3589 bene

190 3633 246 3687 et
273 3628 430 3690 fides
465 3628 710 3688 credere
744 3628 918 3700 bene,
970 3634 1032 3687 et
1055 3627 1301 3688 credere
1335 3627 1489 3688 benc
1527 3627 1755 3704 absque
1783 3645 1963 3706 agere
1997 3628 2152 3688 bene
2179 3630 2295 3686 im-

187 3729 474 3803 possibile
511 3731 620 3800 sit,
653 3732 740 3788 ita
774 3729 940 3789 nulla
963 3727 1113 3788 fides
1149 3728 1379 3803 absque
1416 3728 1735 3803 charitate3
1789 3735 1916 3787 tum
1952 3727 2113 3804 quod
2147 3727 2295 3787 cha-

185 3831 326 3888 ritas
363 3831 444 3888 sit
479 3845 616 3888 esse
649 3829 791 3888 fidei
843 3836 902 3889 et
955 3831 1154 3887 anima
1201 3830 1330 3905 ejus
1344 3873 1362 3903 ,
1420 3843 1605 3902 quare
1654 3828 1785 3888 sola
1828 3828 1978 3888 fides
2016 3833 2110 3886 est
2142 3827 2294 3886 fides

186 3927 412 4006 absque
450 3931 674 4003 anima,
729 3932 816 3988 ita
860 3929 1010 3989 fides
1060 3934 1326 3996 mortua;
1380 3933 1440 3988 et
1492 3929 1635 4004 qnia
1678 3927 1830 3988 haec
1864 3928 2013 3988 fides
2050 3944 2168 3987 non
2203 3932 2298 3986 e'st

185 4025 360 4106 fides,
414 4029 554 4089 inde
580 4029 932 4106 justificatio
965 4047 1077 4107 per
1107 4028 1273 4087 illam
1315 4033 1411 4088 est
1441 4045 1541 4088 res
1575 4028 1759 4088 nihili.

333 4133 368 4187 2
388 4130 422 4190 5
441 4133 498 4189 1.
551 4129 798 4189 Intrabo
845 4130 921 4188 ad
977 4130 1144 4189 illum
1164 4173 1180 4204 ,
1250 4128 1413 4206 quod
1462 4128 1757 4209 significet
1801 4131 2295 4210 conjunctionem,

183 4236 410 4290 constat
465 4247 542 4290 cx
589 4231 1018 4309 significatione
1061 4233 1318 4301 intrare,
1380 4247 1519 4291 cum
1562 4231 1638 4293 de
1672 4231 1959 4306 Domino,
2014 4232 2173 4309 quod
2220 4232 2299 4290 sit
