2700 4792
436 351 545 402 316
773 337 1266 419 APOCALYPSIS
1308 335 1740 392 EXPLICATA.
1824 335 1871 404 §-
1904 341 2034 398 205.
2088 343 2218 397 208.

433 497 724 560 Domino
756 517 920 567 meo,
955 495 1102 558 sede
1133 495 1224 556 ad
1257 495 1559 558 deceta-am
1592 515 1825 571 meam,
1874 513 2072 575 usque
2106 493 2259 554 dum
2282 511 2528 574 posuero

433 598 730 661 inimicos
777 603 922 660 tuo-3
971 593 1310 658 scabellum
1349 595 1596 676 pedum
1654 601 1907 656 tuorum
1921 615 1950 668 ,·
2010 595 2077 654 εἰ
2126 613 2275 674 erqo
2318 593 2531 654 David

435 703 616 760 vocat
661 697 890 778 Ipsum
922 696 1313 773 Dominum,
1360 695 1667 777 quomodo
1702 693 1897 778 filius
1944 695 2085 780 eju-9
2128 697 2271 754 ατί(
2323 693 2527 756 Matth:

431 799 657 860 XXII:
708 803 796 860 42
853 798 930 859 ad
979 799 1092 858 45.
1172 797 1332 857 Luc:
1378 797 1535 858 XX:
1590 800 1673 856 41
1730 795 1809 855 ad
1858 798 1981 872 443
2052 795 2217 874 quod
2266 796 2530 854 Dominus

435 898 856 978 glorfficaverit
889 899 1234 958 Humanum
1267 915 1444 956 suum
1466 943 1482 972 ‚
1523 897 1639 958 hoc
1674 902 1799 967 est,
1836 899 2071 956 exuerit
2104 896 2438 954 Humanum
2470 912 2532 953 ex

433 1005 658 1070 matre,
713 1017 784 1058 ac
833 997 1094 1060 induerit
1139 998 1482 1058 Humanum
1538 1015 1615 1057 ex
1647 999 1863 1068 Patre,
1918 997 2081 1074 quod
2134 1003 2229 1054 est
2273 996 2530 1054 Divinum
2629 1025 2630 1028 =

433 1099 809 1172 Humanum,
911 1099 1184 1158 videatur
1263 1101 1324 1156 in
1396 1098 1719 1157 Daca-unu
1794 1097 2009 1156 Novnn
2074 1097 2531 1156 Hmnosommn

433 1217 508 1259 n:
549 1201 712 1260 293.
765 1203 926 1260 294.
971 1200 1134 1259 295.
1173 1201 1313 1260 298
1354 1198 1433 1256 ad
1473 1199 1643 1273 3103
1710 1197 1849 1257 inde
1884 1203 2005 1272 est,
2048 1197 2218 1274 quod
2252 1211 2369 1254 non
2398 1195 2531 1253 filius

431 1299 688 1360 Davidis
725 1307 920 1374 esset,
959 1301 1116 1360 sicut
1149 1316 1262 1358 nec
1295 1299 1457 1358 filius
1483 1299 1743 1370 Mariae,
1780 1315 1957 1374 quam
1996 1299 2137 1358 ideo
2176 1314 2295 1354 non
2320 1289 2532 1354 vocavit
2629 1309 2630 1378 ξ

431 1399 596 1460 illam
633 1407 881 1461 matrem
917 1417 1088 1460 suam
1125 1400 1233 1458 sed
1268 1399 1599 1474 mulierem,
1652 1399 1877 1458 Matth:
1914 1399 2073 1458 XII:
2120 1400 2237 1457 46.
2288 1399 2395 1455 47.
2434 1396 2527 1452 48.

237 1491 396 1554 [211]
441 1503 555 1560 49.
623 1500 816 1561 Marc:
853 1499 976 1561 III:
1033 1503 1114 1560 31
1163 1500 1241 1559 ad
1275 1499 1386 1560 fin:
1451 1499 1614 1559 Luc:
1655 1498 1838 1559 VIII:
1898 1503 2006 1558 19.
2066 1500 2183 1557 20.
2227 1501 2333 1556 21.
2398 1494 2532 1554 Joh:

430 1601 523 1660 11:
575 1603 640 1660 4.
726 1601 884 1679 Cap:
935 1599 1123 1660 XIX:
1193 1601 1304 1658 25.
1366 1603 1477 1660 26.
1562 1599 1741 1676 Quod
1786 1599 1981 1658 simile
2024 1598 2398 1674 intelligatur
2438 1611 2531 1670 per

431 1700 663 1759 clavem
688 1702 890 1772 Petri,
937 1700 1096 1777 quod
1131 1719 1243 1777 per
1278 1699 1515 1760 clavem
1543 1699 1824 1774 Davidis,
1864 1716 2083 1776 nempe
2116 1697 2279 1776 quod
2305 1697 2529 1756 Domino

433 1801 512 1860 sit
555 1803 746 1860 omnis
792 1808 1094 1878 potestne,
1165 1807 1227 1860 et
1275 1801 1437 1877 quod
1479 1801 1605 1877 Ipsi
1658 1807 1930 1878 potestas
1976 1803 2056 1858 sit
2109 1817 2225 1876 per
2274 1797 2529 1857 Divinum

433 1916 607 1960 suum
643 1900 900 1977 Verum,
955 1896 1256 1962 videbitur
1289 1902 1348 1958 in
1385 1917 1541 1960 nunc
1578 1902 1855 1977 sequenti
1888 1900 2186 1959 Articulo.

589 2003 752 2060 206.
807 2001 1104 2078 Aperiens
1143 2009 1202 2060 et
1231 2019 1411 2072 ,nemo
1450 2000 1693 2076 claudit,
1734 2007 1797 2059 et
1822 1999 2049 2059 claudit
2090 2008 2154 2059 et
2192 2015 2360 2058 nemo
2394 2009 2525 2070 ape-

433 2104 546 2172 rit,
599 2101 760 2177 quod
795 2101 1088 2179 significet
1125 2101 1556 2160 intromittendi
1590 2103 1651 2158 in
1688 2101 1923 2160 coelum
1960 2117 2173 2160 omnes
2214 2099 2399 2176 quiin
2429 2093 2525 2152 fide

436 2201 740 2262 charitatis
781 2208 952 2278 sunt,
1015 2211 1074 2261 et
1107 2202 1455 2260 removendi
1511 2219 1543 2260 e
1580 2202 1750 2262 coelo
1812 2218 2017 2262 omnes
2064 2203 2171 2278 qui
2220 2216 2337 2258 non
2378 2201 2525 2262 sunt,

435 2307 668 2362 constat
701 2320 775 2364 ex
811 2303 1518 2381 significatione.aperire
1555 2309 1617 2362 et
1648 2320 1823 2362 nemo
1861 2301 2104 2375 claudit,
2148 2319 2284 2359 cum
2320 2299 2389 2357 de
2412 2296 2520 2354 Do-

433 2404 620 2476 mino,
659 2404 822 2479 quod
855 2406 936 2463 sit
969 2405 1364 2462 intromittere
1398 2405 1459 2461 in
1495 2402 1745 2474 coelum,
1788 2402 1862 2462 de
1898 2421 2019 2478 qua
2051 2403 2350 2476 sequitur3
2387 2400 2439 2454 et
2462 2410 2521 2450 ex

433 2503 860 2581 significatione
908 2503 1188 2564 claudere
1245 2511 1304 2562 et
1339 2521 1513 2562 nemo
1564 2505 1794 2578 aperit,
1844 2503 2003 2580 quod
2052 2504 2135 2561 sit
2168 2513 2463 2560 removere
2496 2509 2521 2550 e

434 2605 634 2681 coe103
691 2605 850 2682 quod
897 2603 1046 2663 illud
1097 2607 1175 2663 sit
1215 2606 1607 2662 intromittere
1659 2605 1717 2661 in
1764 2603 2026 2678 coelum,
2084 2611 2147 2680 et
2192 2601 2305 2660 hoc
2340 2599 2413 2656 sit
2439 2611 2517 2653 te-

430 2722 676 2766 movere
713 2723 746 2765 e
775 2705 982 2777 coe10,
1035 2711 1130 2764 est
1183 2705 1324 2781 quia
1369 2704 1535 2763 solus
1571 2703 1865 2763 Dominus
1918 2707 2116 2781 aperit
2166 2700 2393 2761 coelum
2424 2693 2519 2752 illis

433 2806 536 2882 qui
573 2807 1072 2879 intromittuntur,
1125 2805 1334 2878 homo,
1388 2806 1634 2880 spiritus
1680 2787 1741 2863 et
1794 2804 2047 2880 angelus
2090 2821 2167 2863 ex
2224 2818 2292 2860 se
2337 2813 2443 2856 non
2472 2791 2520 2851 id

433 2912 690 2981 possunt
719 2906 950 2965 faceret
997 2905 1292 2982 quomodo
1340 2923 1475 2964 cum
1512 2903 1627 2964 hoc
1664 2921 1731 2964 se
1764 2904 1982 2978 habet,
2033 2905 2252 2980 paucis
2290 2900 2517 2966 dicetur;

433 3005 672 3080 quando
709 3005 884 3063 homo
945 3012 1086 3082 post
1133 3013 1383 3064 mortem
1426 3007 1487 3064 in
1534 3022 1607 3063 eo
1656 3011 1821 3064 statu
1886 3011 1980 3063 est
2031 2997 2327 3080 ut'possit
2356 3001 2515 3056 intro-

432 3106 584 3162 mitti
618 3107 680 3162 in
715 3104 977 3176 coelum,
1029 3111 1180 3164 tunc·
1206 3111 1377 3182 patet
1424 3105 1513 3162 illi
1546 3107 1646 3163 via
1688 3122 1844 3181 quae
1884 3103 2045 3165 ducit
2086 3103 2167 3163 ad
2202 3103 2515 3164 societatem

433 3203 784 3279 coelestem,
827 3207 890 3263 in
926 3222 1044 3281 qua
1079 3206 1210 3276 erit,
1244 3206 1409 3281 prius
1448 3223 1627 3282 quam
1663 3207 1723 3262 in
1760 3222 1831 3264 eo
1870 3211 2033 3264 statu
2070 3209 2183 3275 est,
2230 3219 2346 3261 non
2376 3195 2511 3273 patet

433 3305 624 3364 civia
655 3301 833 3376 illuc,
885 3305 1038 3365 haec
1077 3308 1178 3364 via
1224 3307 1491 3389 aperitur
1544 3308 1601 3364 ei
1656 3324 1693 3363 a
1728 3303 1871 3364 Solo
1916 3305 2211 3380 Domin03
2262 3300 2392 3360 talis
2440 3295 2512 3352 est

435 3407 624 3466 cuivis
661 3406 1022 3466 introductio
1063 3413 1124 3464 et
1161 3408 1525 3464 intromissio
1572 3409 1631 3464 in
1668 3405 1939 3464 eoelum:
1992 3404 2267 3465 similiter
2300 3401 2363 3459 fit
2403 3407 2505 3455 cum

429 3505 668 3567 homine
707 3506 864 3566 malo
897 3513 1040 3584 post
1074 3513 1355 3580 mortem,
1405 3508 1457 3565 is
1496 3506 1731 3582 quando
1784 3509 1846 3564 in
1882 3523 1953 3566 eo
1990 3512 2156 3564 statu
2194 3509 2315 3577 est,
2366 3505 2422 3557 ut
2463 3493 2509 3548 in

433 3607 729 3668 infernum
759 3609 951 3666 iturus
989 3608 1082 3682 sit,
1119 3613 1290 3682 patet
1327 3608 1384 3664 ei
1418 3609 1519 3664 via
1554 3623 1709 3682 quae
1746 3606 1909 3666 ducit
1944 3605 2021 3664 ad
2056 3602 2394 3664 infernalem
2424 3609 2503 3651 so·

435 3709 710 3768 cietatem
745 3699 820 3766 in⁸
853 3724 972 3783 qua
1008 3709 1147 3781 erit,
1199 3707 1367 3782 prius
1404 3704 1582 3782 quam
1634 3711 1693 3764 in
1732 3724 1803 3765 eo
1840 3713 2003 3765 statu
2040 3713 2162 3781 est,
2230 3719 2343 3762 non
2374 3695 2507 3774 patet

435 3809 491 3868 ei
523 3811 625 3868 via
659 3808 833 3884 illuc;
889 3825 1076 3867 causa
1113 3814 1240 3881 est,
1291 3809 1433 3882 quia
1468 3809 1603 3864 viae
1657 3811 1716 3866 in
1754 3805 2049 3884 spirituali
2084 3805 2299 3864 mundo
2340 3809 2499 3874 appa·

431 3915 566 3968 rent
615 3911 806 3969 cuivis
857 3907 1186 3968 secundum
1238 3907 1623 3966 intentionem
1678 3909 2052 3985 cogitationis
2090 3906 2257 3982 ejuS,
2302 3905 2378 3960 ita
2422 3907 2499 3950 se·

438 4007 694 4066 cundum
729 4009 1098 4069 affectionem
1136 4024 1288 4084 quae
1326 4009 1544 4066 amoris
1585 4008 1711 4085 ejus
1723 4051 1739 4082 ,
1797 4012 2165 4083 quapropter
2198 4021 2327 4065 oum
2358 3990 2498 4072 spiri·

438 4111 538 4159 tus
575 4105 854 4165 redactus
906 4114 1002 4166 est
1044 4107 1121 4166 ad
1158 4125 1420 4167 amorem
1458 4125 1632 4166 suum
1666 4114 2043 4186 regnantem,
2094 4108 2339 4183 quisque
2378 4092 2499 4155 essim

441 4198 734 4273 redigitur
785 4203 1093 4280 adinum,
1161 4214 1298 4266 tunc
1335 4213 1545 4285 patent
1598 4211 1727 4268 viae
1778 4207 1853 4266 ad
1888 4208 2236 4286 societatem
2282 4201 2369 4262 ubi
2398 4192 2497 4270 ⁰j⁰³
