2700 4792
395 355 615 414 estur
654 353 996 436 'mimum
1726 355 1937 418 VEB&
1982 367 2071 422 14.
2228 371 2337 428 ³5⁷

263 536 374 578 cum
407 519 580 578 Patre
616 535 754 578 meo
790 518 852 575 in
888 515 1130 578 Throno
1163 515 1387 592 Ipsius,
1420 515 1717 592 significat
1748 521 2150 595 comparative
2184 523 2341 582 sicut

248 619 508 677 Divinum
541 618 780 677 Bonum
825 623 918 676 est
969 617 1200 674 unitum
1251 615 1471 674 Divino
1502 616 1665 675 Vero
1724 619 1784 676 in
1838 617 2053 680 Coelo:
2110 620 2338 682 habeus

245 736 432 780 aurem
493 718 702 776 audiat
765 717 908 794 quid-
958 718 1208 794 spiritus
1256 715 1401 774 dicit
1454 716 1773 793 Ecclesiis,
1836 720 2131 796 significat
2178 722 2338 798 quod

244 821 330 896 qui
360 819 640 895 intelligit
674 817 990 891 auscultet,
1032 815 1174 892 quid
1199 817 1484 874 Divinum
1511 815 1741 876 Verum
1776 819 2109 894 procedens
2146 839 2183 880 a
2206 821 2337 882 Do·-

239 923 380 978 miuo
418 920 598 979 docet
633 925 694 978 et
728 919 868 977 dicit
899 915 1017 976 illis
1055 919 1158 993 qui
1191 916 1268 974 ab
1301 916 1577 976 Ecclesia
1610 917 1809 993 Ipsius
1844 925 2001 977 sunt.

375 1025 544 1080 227.
599 1018 676 1078 Et
703 1017 938 1094 Angelo
971 1017 1280 1076 Ecclesiae
1307 1015 1761 1076 Laodicensium
1800 1019 2013 1090 scribe,
2052 1019 2211 1094 quod
2244 1023 2331 1079 si·-

237 1121 468 1197 gnificet
521 1119 658 1178 illos
713 1121 812 1194 qui
847 1120 909 1178 in
943 1117 1076 1176 sola
1106 1117 1224 1176 fide
1260 1123 1429 1190 sunt,
1484 1119 1569 1175 ita
1609 1120 1711 1192 qui
1746 1119 1805 1175 in
1828 1117 1945 1178 fide
1980 1126 2262 1195 separata
2297 1139 2334 1180 a

235 1221 532 1293 charitate,
555 1223 808 1279 'constat
836 1237 910 1277 ex
940 1234 1124 1276 sensu
1159 1220 1393 1276 interno
1430 1234 1539 1278 seu
1566 1219 1861 1294 spirituali
1888 1221 2147 1278 omnium
2176 1238 2332 1296 quae

232 1322 300 1379 ad
331 1320 635 1397 Angelum
669 1319 849 1396 hujus
885 1318 1194 1377 Ecclesiae
1229 1320 1460 1394 scripta
1494 1325 1665 1396 sunt,
1722 1337 1857 1376 nam
1896 1319 2190 1394 quodnam
2227 1337 2331 1380 es-

234 1421 480 1481 sentiale
522 1420 833 1479 Ecclesiae
871 1418 1224 1494 intelligitur
1265 1421 1324 1476 in
1366 1421 1589 1494 scripto
1636 1419 1713 1476 ad
1746 1415 2073 1494 quamlibet
2115 1419 2327 1482 Eccle-

230 1523 404 1592 siam,
457 1538 578 1580 non
615 1519 854 1578 aliunde
891 1537 1074 1595 quam
1111 1536 1185 1577 ex
1219 1518 1323 1578 illo
1358 1533 1545 1578 sensu
1577 1525 1779 1595 patet,
1817 1528 1955 1578 suut
1992 1523 2145 1580 enim
2175 1520 2327 1580 Pro·
2370 1539 2529 1602 [237]

227 1623 494 1698 phetica,
549 1627 610 1679 et
643 1622 840 1679 omnia
874 1619 1266 1696 Prophetica,
1311 1621 1470 1678 sicut
1521 1622 1717 1678 omnia
1754 1620 1943 1680 Verbi·
1992 1623 2052 1679 in
2089 1639 2333 1698 genere,

226 1725 448 1798 scripta
503 1728 644 1780 sunt
694 1737 803 1796 per
853 1720 1443 1795 correspondentias,
1503 1719 1581 1778 ob
1628 1738 1905 1796 causam,
1970 1729 2035 1780 ut
2080 1741 2191 1799 per
2224 1722 2331 1782 illa

225 1815 560 1900 conjunctio
607 1823 684 1880 sit
729 1819 896 1880 Coeli
945 1837 1080 1878 cum
1127 1820 1430 1895 Ecclesia,
1492 1839 1601 1896 per
1648 1823 2209 1898 correspondentias
2261 1823 2331 1882 fit

223 1924 585 2000 conjunctim
627 1920 874 1980 Coelum
903 1923 1058 1980 enim
1093 1937 1203 1979 seu
1229 1921 1447 1996 Angeli
1480 1921 1563 1978 ibi
1596 1922 1934 1999 intelligunt
1968 1926 2166 1982 omnia
2198 1926 2329 2002 spi-

221 2023 512 2082 ritualiter
547 2039 702 2098 quae
750 2022 926 2080 homo
975 2020 1360 2094 naturaliter,
1418 2029 1479 2082 et
1512 2024 1669 2081 iuter
1712 2023 2011 2082 naturalia
2048 2031 2109 2084 et
2142 2027 2323 2101 spiri-

221 2125 406 2182 tualia
443 2129 538 2182 est
570 2127 867 2200 perpetua
901 2121 1461 2198 corre-spondentia,
1518 2128 1581 2180 et
1614 2141 1725 2198 per
1760 2124 2325 2199 correspondentias

225 2226 356 2284 talis
395 2224 731 2300 conjunctio
770 2221 962 2298 qualis
1002 2228 1095 2280 est
1129 2223 1362 2280 animae
1400 2230 1460 2281 et
1496 2225 1761 2297 corporis
1775 2243 1799 2298 3.
1845 2224 1981 2282 inde
2020 2231 2131 2298 est,
2166 2225 2329 2302 quod

224 2323 489 2384 Verbum
526 2323 634 2382 tali
667 2321 826 2398 stylo
864 2324 1266 2398 conscriptum
1309 2323 1417 2396 sit,
1474 2321 1737 2397 alioquin
1771 2340 1893 2382 non-
1924 2325 2078 2383 foret
2128 2327 2327 2384 anima

221 2425 404 2493 inibi,
436 2423 682 2499 proinde
717 2439 830 2481 nec
866 2421 1129 2496 coelum,
1180 2429 1240 2480 et
1275 2425 1328 2480 si
1362 2439 1481 2480 non
1523 2421 1773 2496 coelum,
1810 2441 1923 2483 nec
1958 2424 2113 2482 foret
2146 2424 2321 2486 Divi-

227 2529 406 2581 n‘um:
457 2523 585 2582 inde
632 2540 786 2582 nunc
835 2523 1126 2598 estquod
1163 2523 1385 2581 dictum
1426 2524 1536 2597 sit,
1591 2523 1749 2598 quod
1812 2539 1885 2581 ex
1920 2523 2151 2582 interno
2212 2541 2325 2584 seu

225 2611 518 2700 spirituali
551 2641 736 2682 sensu
773 2625 1029 2682 omnium
1069 2641 1222 2698 quac
1257 2627 1323 2682 in·
1344 2626 1569 2700 scripto
1621 2623 1699 2681 ad.
1742 2622 2069 2700 quamlibet
2102 2623 2319 2682 Eccle-

222 2727 370 2784 siam
432 2733 600 2798 suut,
649 2730 859 2799 pateat
898 2723 1195 2800 quodnam
1243 2724 1558 2784 Ecclesiae
1605 2724 1980 2800 intelligitur3
2032 2725 2119 2782 ita
2163 2724 2323 2798 quod
2360 2710 2367 2719 ’

217 2828 276 2884 iu
308 2827 404 2884 his
444 2843 598 2900 quae
640 2825 718 2882 ad.
751 2825 1046 2901 Angelum
1083 2824 1264 2901 hujus
1299 2824 1609 2884 Ecclesiae
1647 2827 1870 2900 scripta
1905 2830 2073 2899 sunt,
2110 2830 2323 2901 agatur

216 2925 290 2986 de
325 2926 452 2985 illis
488 2928 590 3001 qui
622 2929 682 2982 in
717 2925 850 2983 sola
883 2924 1000 2983 fide
1040 2931 1204 2994 suut,
1246 2943 1359 2984 seu
1392 2927 1451 2982 in
1476 2925 1595 2985 fide
1619 2933 1903 3002 separata
1937 2942 1974 2984 a
2010 2925 2319 2986 charitate.

214 3026 396 3085 Fides
433 3033 720 3100 separata
755 3043 792 3083 a
827 3025 1120 3084 charitate
1157 3025 1400 3098 dicitur,
1458 3033 1519 3084 et
1550 3043 1662 3102 per
1693 3025 1755 3084 id
1788 3025 2139 3103 intelligitur
2172 3026 2321 3088 fides

213 3134 504 3203 separata
539 3143 575 3182 a
611 3128 755 3194 vita,
786 3143 924 3184 nam
961 3125 1221 3184 charitas
1259 3133 1353 3184 est
1378 3128 1569 3202 vitae,
1608 3144 1792 3208 quare
1830 3107 1961 3186 cum
1998 3127 2147 3188 fides
2184 3128 2321 3187 inde

212 3233 501 3303 separata
553 3233 677 3297 est,
731 3224 835 3284 illa
883 3243 1000 3284 non
1048 3232 1140 3284 est
1186 3227 1248 3283 in
1281 3225 1558 3297 homine,
1610 3227 1721 3286 sed
1770 3235 1863 3287 est
1910 3235 2081 3288 extra
2124 3229 2320 3304 illu1n5

213 3327 378 3403 quod
427 3329 586 3385 enim
631 3327 856 3384 residet
901 3326 1095 3384 solum
1145 3328 1208 3383 in
1243 3330 1553 3402 memoria,
1620 3335 1679 3386 et
1722 3329 1859 3387 inde
1896 3328 2226 3388 desumitur
2260 3332 2322 3387 in

213 3429 678 3504 cogitationem,
737 3444 808 3484 ac
857 3443 974 3484 non
1025 3429 1205 3484 intrat
1253 3427 1621 3487 voluntatem
1670 3428 1923 3486 hominis
1972 3435 2033 3487 et
2075 3427 2213 3486 inde
2258 3430 2323 3487 in

210 3534 446 3597 actum,
493 3525 608 3586 hoc
655 3544 774 3585 non
837 3533 930 3585 est
975 3530 1131 3586 intra
1171 3527 1341 3585 illum
1395 3527 1505 3587 sed
1557 3534 1727 3586 extra
1774 3527 1974 3601 illum3
2036 3528 2323 3584 memoria

207 3629 369 3688 enim
406 3633 469 3686 et
501 3626 640 3686 inde
673 3629 950 3703 cogitatio
989 3633 1082 3686 est
1116 3627 1290 3686 modo
1325 3631 1482 3688 sicut
1516 3629 1756 3702 atrium,
1794 3643 1904 3702 per
1940 3625 2097 3702 quod
2128 3627 2319 3686 intra·-

205 3734 306 3786 tur
343 3729 404 3785 in
440 3726 708 3801 domum,
749 3726 960 3786 domus
1003 3731 1098 3786 est
1132 3726 1447 3786 voluntas:
1496 3725 1631 3784 talis
1682 3733 1775 3784 est
1809 3725 1939 3784 sola
1972 3725 2150 3799 fide8‚
2208 3741 2321 3784 seu

208 3828 363 3888 fides
405 3835 692 3903 separata
727 3844 765 3885 a
799 3827 1106 3886 charitate.
1156 3828 1483 3887 Praeterea
1518 3824 1710 3901 qualis
1747 3824 1853 3884 illa
1885 3824 2033 3884 fides
2072 3832 2182 3899 est,
2221 3826 2315 3881 vi·

205 3928 428 3988 deatur
471 3929 532 3984 in
567 3927 892 3986 Deci-uma
925 3927 1143 3989 NovAE
1177 3927 1671 3986 Hmuosomzmau
1725 3944 1795 3984 n:
1842 3927 1977 3984 108
2018 3924 2097 3982 ad
2138 3927 2315 3984 122:

203 4035 340 4087 tum
393 4030 458 4086 in
511 4024 818 4104 Opusculo
869 4027 942 4087 de
991 4027 1235 4088 Una-nno
1271 4027 1519 4088 Jumcro
1579 4045 1649 4084 n:
1694 4005 1917 4086 33'ad
1966 4027 2088 4085 39:
2144 4042 2214 4085 ac
2256 4028 2321 4086 in

205 4125 414 4206 Opere
453 4127 526 4188 de
567 4127 768 4188 CoELo
797 4143 874 4188 Εἰ·
903 4127 1182 4188 INFERNO
1222 4145 1290 4186 n:
1334 4130 1497 4186 270.
1540 4129 1704 4187 271.
1750 4129 1911 4186 364.
1953 4129 2119 4188 482.
2158 4129 2315 4189 526:

203 4235 275 4289 ut
311 4235 374 4288 et
409 4245 598 4306 supra
631 4230 693 4288 in
727 4228 1138 4307 Explicatione
1175 4239 1361 4306 super
1386 4218 1798 4308 Apocalypsin
1830 4247 1903 4288 n:
1946 4232 2107 4288 204.
2153 4231 2233 4288 21
2258 4232 2325 4288 1.
