2700 4792
375 331 406 378 5
837 311 1331 372 APOCALYPSLS
1374 311 1810 386 EXPLICATA.
1876 313 1927 380 5.
1964 321 2019 372 8.
2052 335 2059 340 -

378 473 467 532 illi
501 489 621 531 non
655 470 998 548 intelligunt
1033 473 1150 530 cito
1188 471 1296 530 sed
1339 475 1596 544 certum3
1652 485 1839 528 causa
1884 470 2046 546 quod
2078 488 2189 547 pro
2236 473 2357 530 cito
2397 475 2517 530 in-

377 572 656 650 telligant
691 578 951 646 certum,
1011 576 1106 631 est
1150 573 1292 647 quia
1339 573 1456 630 cito
1502 570 1753 628 involvit
1802 572 2071 647 tempuS,
2130 579 2189 630 et
2241 580 2513 650 tempus

377 680 474 734 cst
507 674 819 750 proprium
855 678 1138 742 naturae,
1173 674 1258 730 ita
1293 672 1411 728 cito
1448 677 1543 728 est
1576 688 1697 729 vox
1732 671 2020 730 naturalis
2052 678 2113 730 et
2148 689 2266 732 non
2301 675 2511 750 spiri-

265 773 269 776 ’
375 773 591 848 malis,
657 779 717 832 et
771 789 974 832 omnes
1010 787 1192 830 voces
1227 770 1539 829 naturales
1580 773 1640 829 in
1674 771 1879 831 Verbo
1915 772 2250 848 significant
2296 775 2506 849 spiri-

374 873 566 932 tualia
603 890 758 950 quae
794 872 911 930 illis
947 871 1447 948 correspondent3
1504 888 1642 929 nam
1676 871 1944 931 Verbum
1981 872 2041 929 in
2076 875 2211 932 sinu
2246 890 2357 932 suo
2394 879 2507 932 est

377 974 723 1050 spirituale,
778 975 840 1030 in
891 972 1068 1031 litera
1121 977 1322 1030 autem
1384 972 1699 1046 naturale3
1752 972 1889 1030 inde
1956 978 2079 1046 est,
2148 973 2309 1049 quod
2364 975 2505 1032 cito

376 1072 670 1150 significet
697 1080 942 1132 certum.
1013 1071 1188 1146 Quod
1228 1071 1496 1147 Tempus
1526 1073 1605 1130 sit
1636 1074 1946 1148 proprium
1981 1080 2265 1143 naturae,
2312 1089 2389 1132 ac
2430 1077 2503 1132 in

376 1174 674 1250 spirituali
737 1173 960 1232 Mundo
1029 1172 1497 1248 correspondeat
1556 1174 1741 1230 statui
1803 1175 1996 1245 vitae,
2088 1174 2368 1233 videatur
2426 1177 2500 1232 in

377 1274 576 1352 Opere
639 1274 715 1332 de
765 1273 970 1333 Coeno
1019 1287 1098 1330 ΕΤ
1145 1271 1456 1341 ΙΝΕΕΒΝΟ,
1508 1275 1569 1330 in
1622 1273 1897 1332 Articulo
1947 1272 2021 1330 de
2071 1273 2375 1350 Tempore
2424 1276 2499 1332 in

377 1373 588 1450 Coele,
626 1393 686 1433 n:
731 1377 866 1432 162
903 1373 979 1431 ad
1012 1375 1171 1432 169.

535 1478 596 1533 8.
668 1475 745 1532 Et
789 1473 1144 1549 significavit
1179 1474 1419 1531 mittens
1460 1489 1571 1548 per
1604 1475 1901 1550 Angelum
1940 1489 2114 1532 suum
2152 1491 2329 1533 servo
2368 1491 2495 1532 suo

374 1575 674 1646 Johanni‚
727 1573 886 1650 quod
921 1573 1215 1649 significet
1263 1590 1418 1648 quae
1470 1574 1740 1632 revelata
1798 1592 1829 1633 e
1870 1573 2039 1632 coelo
2088 1574 2207 1633 illis
2262 1577 2368 1651 qui
2424 1577 2494 1632 in

373 1677 532 1734 bono
570 1677 788 1733 amoris
823 1681 993 1748 sunt,
1043 1680 1275 1732 constat
1312 1691 1386 1732 cx
1413 1675 1843 1750 significatione
1882 1673 2265 1750 significavit,
2319 1675 2495 1750 quod

379 1778 499 1834 sint
537 1774 642 1834 illa
669 1793 823 1852 quae
858 1777 920 1833 in
955 1791 1138 1833 sensu
1173 1774 1385 1834 literae
1423 1777 1784 1834 continentia
1822 1777 1909 1834 ita
1945 1775 2340 1852 significantia
2376 1776 2491 1833 illa

381 1894 538 1954 quae
582 1879 642 1935 in
681 1892 867 1934 sensu
902 1877 1170 1946 interno,
1222 1875 1439 1934 dicitur
1482 1879 1665 1951 enim,
1720 1872 2017 1934 revelatio
2064 1893 2255 1954 quam
2300 1874 2490 1935 dedit

376 1975 569 2038 Deus
603 1975 918 2048 indicare,
965 1981 1025 2034 et
1059 1975 1485 2056 siqnificavit,
1546 1983 1607 2035 et
1653 1993 1765 2052 per
1801 1994 1955 2053 quae
1992 1977 2351 2052 significavit
2384 1979 2483 2034 in-

349 2077 730 2153 .tclliguntur
777 2076 884 2135 illa
927 2093 1084 2153 quae
1131 2079 1192 2134 in
1243 2068 1428 2135 sensu
1478 2076 1690 2136 literae
1729 2083 1893 2152 sunt,
1953 2078 2232 2153 quoniam
2282 2080 2485 2136 omnia

376 2177 484 2236 illa
521 2177 885 2254 significant,
927 2183 986 2236 et
1016 2193 1172 2252 quae
1207 2176 1619 2254 significantur
1653 2183 1793 2236 sunt
1820 2195 1974 2253 quae
2012 2179 2387 2236 continentur
2420 2180 2481 2235 in

378 2295 562 2338 sensu
596 2281 858 2352 intern03
913 2284 1052 2337 sunt
1087 2279 1244 2336 enim
1285 2280 1483 2336 omnia
1530 2277 1719 2337 Verbi
1753 2278 2149 2353 significativa
2188 2280 2477 2354 spiritua-

375 2378 554 2448 lium,
609 2393 766 2456 quae
809 2381 871 2436 in
917 2394 1100 2437 sensu
1147 2379 1410 2437 interno:
1468 2397 1545 2437 ex
1590 2378 2019 2454 significatione
2072 2380 2312 2437 mittens
2352 2391 2478 2454 ‘per

375 2479 678 2557 Angelum
721 2497 926 2552 suum,
985 2478 1144 2555 quod
1193 2480 1312 2537 siut
1364 2497 1519 2554 quae
1571 2477 1841 2540 revelata
1898 2496 1929 2538 e
1986 2479 2187 2552 coelo,
2242 2481 2477 2537 mittere

377 2582 532 2640 enim
576 2587 669 2640 est
702 2580 1008 2651 revelare,
1065 2585 1124 2639 et
1161 2589 1290 2656 perv
1321 2580 1622 2655 Angelum
1660 2587 1753 2639 est
1798 2598 1831 2638 e
1874 2579 2041 2638 coelo
2056 2599 2073 2654 3
2130 2580 2293 2655 quod
2340 2580 2474 2636 mit-

378 2687 506 2741 tere
536 2683 614 2738 sit
646 2681 920 2741 revelare
964 2688 1055 2740 est
1093 2682 1236 2756 quia
1271 2697 1445 2738 omne
1483 2681 1642 2756 quod
1678 2699 1711 2738 e
1746 2656 1917 2738 coest)
1954 2682 2204 2738 mittitur
2246 2689 2339 2738 est
2372 2697 2476 2737 re-

379 2781 628 2855 velatio,
683 2781 990 2839 rcvclatur
1027 2784 1181 2837 enim
1224 2780 1284 2836 id
1321 2780 1480 2857 quod
1523 2781 1606 2838 ibi
1644 2787 1767 2850 est,
1823 2781 1980 2856 quod
2032 2787 2121 2838 est
2166 2779 2475 2856 spirituale

379 2897 744 2940 concernens
778 2880 1116 2940 Ecclesiam
1153 2887 1212 2939 et
1239 2881 1371 2956 ejus
1400 2886 1655 2955 statum,
1714 2880 1822 2940 sed
1847 2880 1960 2940 hoc
1987 2881 2148 2956 apud
2181 2881 2473 2942 hominem

255 2995 338 3058 [7]
379 2983 631 3039 vertitur
665 2982 726 3037 in
759 2980 1056 3050 naturale,
1100 2980 1276 3056 quale
1315 2989 1409 3040 cst
1440 2984 1502 3039 in
1540 2997 1722 3040 sensu
1756 2981 1967 3040 literae
2010 2985 2072 3040 in
2108 2981 2472 3059 Apocalypsi

382 3086 442 3140 et
476 3079 620 3140 alibi
652 3083 714 3138 in
749 3080 984 3156 Verb03
1041 3082 1200 3158 quod
1229 3099 1261 3142 e
1292 3083 1461 3142 coelo
1489 3086 1682 3157 venit,
1736 3101 1855 3142 non
1893 3084 2067 3142 aliter
2102 3085 2236 3142 sisti
2276 3087 2473 3158 potest

383 3181 547 3256 apud
571 3176 900 3256 hominem,
958 3183 1115 3241 cadit
1151 3185 1307 3242 enim
1343 3185 1657 3259 spirituale
1698 3187 1759 3242 in
1790 3201 1965 3242 suum
2004 3181 2469 3258 correspondens

380 3281 684 3356 naturale,
741 3282 880 3340 dum
934 3301 968 3341 e
1018 3284 1318 3360 spirituali
1370 3285 1589 3342 mundo
1650 3263 1714 3341 in¹
1756 3285 2122 3356 naturalem3
2192 3281 2329 3340 inde
2382 3288 2469 3340 est

383 3381 543 3458 quod
580 3382 849 3441 Verbum
883 3384 1303 3460 propheticum
1346 3385 1467 3442 tale
1502 3387 1580 3442 sit
1614 3386 1676 3441 in
1712 3399 1896 3440 sensu
1932 3383 2178 3456 literae,
2233 3387 2293 3439 et
2340 3383 2469 3456 quia

381 3482 502 3540 tale
541 3490 649 3558 est,
691 3484 850 3560 quod
884 3485 945 3542 in
981 3488 1116 3544 sinu
1145 3502 1254 3544 suo
1285 3487 1365 3564 sit
1394 3482 1726 3559 spirituale,
1767 3489 1827 3540 et
1864 3481 2023 3558 quod
2059 3483 2137 3538 sit
2162 3481 2465 3540 Divinum:

383 3582 543 3659 quod
575 3601 688 3660 per
714 3585 1013 3662 Angelum
1051 3585 1419 3661 intelligatur
1457 3601 1489 3642 e
1528 3582 1744 3650 Coe10,
1781 3587 1874 3640 est
1903 3583 2043 3657 quia
2076 3581 2138 3639 id
2166 3582 2325 3657 quod
2348 3584 2469 3667 An-

379 3685 550 3760 gelus
585 3667 878 3761 loquitur,
919 3704 951 3744 e
990 3686 1156 3744 coelo
1197 3691 1320 3757 est,
1372 3667 1643 3759 Angelus
1682 3683 1836 3740 enim
1880 3699 2015 3740 cum
2054 3682 2319 3757 loquitur
2344 3701 2465 3741 cum

377 3783 614 3844 homine
652 3786 798 3846 talia
824 3803 979 3864 quae
1019 3785 1189 3846 Coeli
1217 3791 1275 3842 et
1312 3784 1623 3842 Ecclesiae
1660 3789 1816 3856 sunt,
1866 3799 1983 3864 non
2021 3782 2286 3858 loquitur
2324 3787 2463 3842 sicut

379 3884 735 3944 homocum
772 3888 1011 3946 homine
1049 3888 1151 3962 qui
1184 3884 1414 3960 profert
1454 3901 1529 3942 cx
1567 3885 1853 3942 memoria
1887 3883 2171 3942 mandata
2208 3884 2460 3958 alteriue,

379 3986 490 4044 sed
521 3987 683 4062 apud
718 3987 1016 4064 Angelum
1041 3987 1243 4044 influit
1284 3986 1564 4043 continue
1605 3983 1667 4042 id
1711 3985 1869 4061 quod
1916 3983 2209 4061 loquitur,
2270 3992 2329 4043 et
2360 4002 2463 4042 non

379 4087 442 4144 in
477 4090 820 4146 memoriam
873 4088 1040 4164 eJUS,
1106 4085 1214 4146 sed
1260 4085 1601 4144 immediate
1640 4084 1701 4143 in
1736 4085 2105 4146 intellectum
2143 4093 2203 4146 et
2244 4085 2375 4144 inde
2408 4087 2461 4142 in

383 4204 594 4264 voce53
649 4188 784 4246 inde
815 4194 934 4263 est,
991 4187 1155 4265 quod
1192 4188 1389 4246 omnia
1428 4204 1580 4264 quae
1617 4186 1833 4264 Angeli
1862 4188 2137 4247 dixerunt
2165 4185 2462 4264 Prophetis
