2700 4792
353 348 592 406 CAPUT
631 349 930 408 PRIMUM.
1745 350 1925 405 VERS
1944 373 1956 406 z
2002 362 2055 414 6.
2233 364 2301 416 37

174 511 469 570 videatur
501 511 566 569 in
599 507 911 587 opusculo
939 510 1016 570 de
1050 509 1108 570 N
1111 529 1229 570 on
1257 509 1715 571 innuosomm
1741 526 1819 570 Er
1854 529 1997 573 Esus
2020 511 2301 574 Dec-riu-

175 631 296 687 NA,
355 629 412 670 n:
459 613 532 687 63
589 616 649 670 et
683 611 846 693 quod
880 610 1260 669 Vestimenta
1293 609 1629 687 significent
1663 629 1810 670 vera
1842 612 2149 672 induentia
2182 613 2297 674 bo-

175 731 360 787 num,
417 718 480 770 et
516 713 840 771 servientia
873 711 989 783 illi,
1040 713 1101 768 in
1154 711 1429 770 Ancnms
1480 710 1931 785 COELEsr1nus,
1982 732 2041 772 n:
2089 716 2221 772 107
2237 715 2297 773 3.

183 814 408 873 2576.
457 813 667 870 5248.
717 813 924 872 5319.
973 811 1181 871 5954.
1241 813 1454 870 9212.
1502 813 1713 871 9215.
1758 813 1969 874 9952.
2025 815 2299 890 10536;

181 920 250 972 et
283 915 350 972 in
385 911 588 989 Opere
617 912 691 972 de
731 911 943 972 Coeno
977 930 1058 971 ιτ
1092 911 1405 981 Ina-nuno,
1456 930 1514 970 n:
1554 914 1581 968 1
1604 916 1635 970 7
1654 917 1685 970 7
1722 912 1799 970 ad
1836 915 1993 972 182.
2078 913 2169 972 Ex
2204 914 2299 973 his

177 1031 348 1073 nunc
393 1019 592 1089 patet,
651 1012 793 1089 quid
827 1029 939 1088 per
971 1012 1202 1088 Regem
1240 1019 1300 1070 et
1332 1029 1445 1088 per
1494 1011 1695 1088 Reges
1723 1014 1787 1070 in
1825 1012 2031 1072 Verbo
2066 1013 2295 1090 signifi-

181 1121 392 1188 catur,
443 1115 531 1171 ita
567 1130 807 1188 quoque
847 1112 989 1188 quid
1021 1129 1134 1189 per
1159 1111 1461 1186 Uno-rum,
1501 1112 1815 1184 Mnssmr,
1862 1120 1921 1171 et
1957 1112 2296 1188 Canis-rum,

179 1233 328 1272 nam
363 1213 632 1282 Unctus,
679 1213 938 1272 Messias
977 1219 1038 1272 et
1075 1212 1378 1288 Christus,
1435 1213 1707 1272 similiter
1742 1229 1813 1271 ac
1847 1213 2013 1281 Rex,
2068 1214 2296 1290 signifi·-

181 1321 328 1374 cant
361 1313 684 1377 Dominum
741 1313 940 1390 quoad
975 1313 1264 1372 Divinum
1299 1312 1529 1372 Verum
1578 1313 1911 1388 procedens
1958 1331 2031 1372 ex
2078 1313 2297 1374 Divino

179 1415 364 1473 Bono
397 1413 628 1490 Ipsius,
683 1414 816 1472 Rex
869 1415 1026 1472 enim
1075 1414 1292 1473 dicitur
1337 1412 1569 1473 Unctus
1581 1457 1599 1488 ‚
1662 1420 1721 1472 et
1766 1413 1993 1474 Unctus
2040 1422 2291 1474 vocatur
2330 1431 2451 1491 [23]

183 1514 452 1573 Messias
486 1516 546 1572 in
579 1514 816 1591 Lingua
846 1513 1163 1585 Hebraea,
1226 1531 1297 1572 ac
1347 1512 1625 1572 Christus
1660 1516 1721 1572 in
1754 1513 1989 1590 Lingua
2026 1515 2291 1575 Graeca:

185 1613 316 1674 Sed
369 1615 526 1690 quod
575 1615 872 1673 Dominus
923 1615 1122 1691 quoad
1171 1615 1458 1674 Divinum
1502 1614 1847 1674 Humanum
1894 1614 2075 1674 Solus
2118 1616 2299 1676 fuerit

182 1715 443 1777 Unctus
497 1714 820 1790 JnnovAn,
878 1717 1020 1791 quia
1070 1717 1133 1773 in
1177 1714 1290 1774 mo
1348 1713 1497 1777 Solo
1547 1720 1679 1773 erat
1730 1715 2014 1774 Divinum
2063 1716 2292 1776 Bonum

179 1815 394 1876 Divini
438 1815 678 1875 Amoris
729 1835 768 1874 a
815 1818 1236 1892 conceptione,
1295 1822 1623 1891 conceptus
1664 1817 1818 1874 enim
1866 1822 1995 1874 erat
2028 1835 2065 1874 a
2100 1817 2293 1877 Jeho-

182 1915 306 1974 vah
322 1935 340 1992 3
395 1922 458 1974 at
507 1915 670 1992 quod
715 1932 924 1976 omnes
971 1915 1152 1977 Uncti
1197 1915 1373 1975 modo
1420 1919 2007 1992 repraesentaverint
2062 1915 2289 1993 Ipsum,

181 2015 458 2074 videatur
503 2034 562 2074 n:
607 2017 816 2075 9954.
875 2001 1134 2076 10011.
1193 2017 1454 2075 10268.
1547 2015 1722 2092 Quod
1759 2022 1959 2075 autem
1997 2015 2296 2076 Sacerdo-

181 2123 278 2176 tes
313 2115 647 2192 significent
685 2116 908 2175 bonum
949 2115 1128 2193 quale
1171 2124 1265 2176 est
1309 2119 1373 2174 in
1425 2115 1633 2192 Regno
1672 2116 1963 2192 Coelesti,
2022 2116 2297 2176 videatur

181 2219 244 2275 in
281 2216 557 2278 Attonitis
601 2215 1043 2292 contusa-mus,
1084 2235 1300 2293 nempe
1339 2216 1499 2294 quod
1534 2216 1895 2276 Sacerdotes
1930 2235 2291 2294 repraesen-

182 2319 449 2376 taverint
481 2317 804 2376 Dominum
845 2318 1044 2394 quoad
1077 2317 1363 2398 Divinum
1402 2317 1667 2388 Bonum,
1720 2336 1777 2377 n:
1822 2320 2035 2378 2015.
2081 2321 2292 2379 6148.

185 2417 365 2494 Quod
388 2416 802 2476 Sacerdotium
838 2425 1004 2478 esset
1037 2421 1621 2495 repraesentativum
1646 2418 1889 2478 Domini
1916 2418 2112 2495 quoad
2141 2435 2293 2495 opus

183 2517 556 2588 salvationiS,
593 2519 738 2592 quia
770 2516 884 2576 hoc
922 2526 1052 2577 erat
1087 2536 1162 2577 ex
1198 2518 1417 2577 Divino
1453 2519 1623 2577 Bono
1657 2517 1859 2576 Divini
1894 2519 2131 2577 Amoris
2182 2518 2291 2594 Ip-

184 2619 348 2688 sius,
399 2635 456 2676 n:
504 2618 715 2676 9809.
807 2616 981 2692 Quod
1016 2618 1427 2678 Sacerdotium
1466 2619 1794 2692 Aharonis,
1846 2617 2101 2676 filiorum
2138 2618 2293 2695 ejus,

165 2723 246 2784 ,et
292 2717 668 2792 Levitarum,
737 2717 917 2776 suerit
960 2722 1540 2794 repraesentativum
1590 2720 1789 2794 operis
1838 2716 2189 2778 salvationis
2236 2719 2295 2774 in

179 2821 530 2879 successivo
565 2817 799 2893 ordine,
867 2837 922 2876 n:
972 2821 1232 2879 10017.
1326 2818 1503 2895 Quod
1548 2817 1685 2877 inde
1736 2835 1847 2894 per
1884 2816 2294 2876 Sacerdotium

181 2925 244 2978 et
275 2936 386 2995 per
438 2917 796 2979 Sacerdotia
843 2922 906 2978 in
943 2920 1148 2980 Verbo
1195 2919 1563 2998 significetur
1608 2919 1831 2978 bonum
1878 2920 2097 2978 amoris
2134 2918 2295 2996 quod

178 3037 218 3080 a
253 3019 540 3094 Domine,
609 3039 667 3080 n:
714 3022 926 3080 9806.
973 3022 1187 3081 9809.
1281 3019 1459 3096 Quod
1503 3037 1615 3098 per
1663 3021 1781 3080 duo
1816 3020 2071 3080 Nomina
2105 3019 2291 3080 Jesus

181 3125 246 3178 et
283 3116 552 3178 Christus
597 3122 965 3198 significetur
999 3128 1120 3179 tam
1162 3120 1549 3181 Sacerdotale
1588 3139 1765 3199 quam
1789 3121 2044 3197 Regium
2070 3119 2287 3198 Ipsius,

184 3234 406 3294 nempe
436 3237 548 3294 per
572 3220 614 3280 J
619 3237 786 3280 esum
816 3220 1102 3280 Divinum
1137 3222 1400 3296 Bonum,
1450 3230 1510 3280 et
1535 3240 1645 3298 per
1674 3221 1974 3280 Christum
2009 3221 2291 3280 Divinum

177 3319 440 3393 Verum,
503 3337 560 3378 n:
609 3322 822 3380 3004.
872 3323 1084 3380 3005.
1132 3323 1343 3382 3009.
1430 3321 1607 3398 Quod
1642 3320 2001 3381 Sacerdotes
2039 3325 2291 3397 quinon

179 3425 516 3496 agnoscunt
548 3420 906 3490 Dominum,
963 3422 1300 3498 significent
1335 3424 1725 3497 contrarium,
1764 3421 2037 3482 similiter
2070 3421 2289 3497 Reges,

175 3537 392 3597 nempe
433 3521 658 3579 malum
694 3529 756 3581 et
791 3521 1011 3580 falsum
1048 3540 1124 3580 ex
1150 3521 1337 3596 ma10‚
1376 3540 1435 3580 n:
1483 3523 1693 3582 3670.

339 3622 449 3680 32.
503 3620 637 3681 Deo
677 3627 738 3680 et
770 3622 938 3680 Patri
971 3638 1113 3696 suo,
1169 3622 1330 3699 quod
1366 3622 1661 3699 significet
1698 3640 1810 3699 per
1850 3622 2131 3680 Divinum
2157 3618 2285 3678 Ve-

176 3738 311 3780 rum
337 3725 400 3779 et
435 3719 724 3782 Divinum
759 3721 1021 3796 Bonum,
1075 3728 1350 3782 constare
1387 3728 1591 3799 potest
1630 3740 1705 3782 ex
1744 3740 1851 3792 eo,
1912 3719 2070 3798 quod
2112 3719 2287 3779 Deus

175 3823 255 3880 sit
291 3820 577 3880 Divinum
620 3821 882 3893 Verum,
949 3829 1010 3882 et
1063 3822 1342 3882 Jehovah
1382 3823 1667 3882 Divinum
1700 3823 1963 3898 Bonum,
2026 3827 2085 3880 et
2132 3821 2293 3898 quod

172 3921 312 3981 ideo
348 3921 410 3978 in
446 3921 654 3981 Verbo
687 3921 986 3982 Dominus
1039 3923 1273 3982 dicatur
1317 3922 1522 3998 Deus,
1580 3923 1680 3982 ubi
1721 3926 1917 4000 agitur
1953 3923 2026 3982 de
2069 3922 2289 3982 Divino

173 4021 368 4096 Vero,
427 4037 498 4080 ac
545 4021 832 4082 Jehovah
879 4022 984 4081 ubi
1027 4022 1102 4082 de
1154 4023 1375 4084 Divino
1427 4023 1625 4098 Bono,
1686 4042 1758 4081 n:
1808 4024 2020 4084 2586.
2074 4025 2289 4082 2769.

179 4123 395 4182 2807.
459 4123 674 4182 2822.
724 4125 937 4182 3921.
976 4125 1190 4182 4287.
1229 4127 1444 4184 4402.
1492 4125 1703 4183 7010.
1763 4124 1985 4182 9167:
2042 4122 2151 4182 sed
2195 4122 2293 4181 hic

169 4239 280 4300 pro
308 4221 587 4281 Jehovah
629 4224 844 4283 dicitur
867 4223 1078 4300 Pater,
1133 4225 1274 4300 quia
1314 4225 1499 4283 Pater
1540 4222 1781 4282 Domini
1820 4228 1953 4283 erat
1990 4223 2031 4284 J
2036 4221 2291 4294 chovah‚
