2700 4792
47 7 116 441 Ι
317 357 614 418 CAPUT
655 356 1022 427 QUARTUM.
1748 359 1963 414 viius:
2008 370 2061 426 4.
2218 371 2329 426 453

171 521 392 580 cidaris
433 520 638 598 regni
669 519 733 576 in
765 534 950 576 manu
985 517 1136 594 Dei;
1191 533 1411 577 corona
1446 515 1679 576 decoris
1714 523 1811 578 est
1842 521 2141 604 sapientia
2174 537 2329 598 quae

167 621 338 696 boni,
405 637 496 679 ac
533 620 764 680 cidaris
799 619 970 694 regni
1005 623 1100 678 est
1131 617 1533 694 intelligentia
1566 634 1719 692 quae
1752 620 1875 678 veri
1892 638 1909 694 3
1950 625 2010 678 et
2047 623 2187 696 quia
2218 639 2330 699 per

165 737 474 780 coronam
521 719 905 797 significatur
939 719 1236 794 sapientia
1271 735 1427 794 quae
1454 716 1613 788 boni,
1650 717 1785 776 ideo
1814 717 2029 777 dicitur
2062 723 2123 778 in
2151 740 2331 784 manu

164 820 470 881 Jehovae
493 865 518 893 ,
581 827 642 879 et
693 821 834 896 quia
883 834 995 894 per
1031 817 1276 877 cidarim
1310 816 1680 894 significatur
1713 817 2131 894 intellligentia
2174 839 2329 897 quae

164 923 332 994 veri,
398 921 568 980 ideo
607 919 822 979 dicitur
855 920 916 976 in
951 935 1132 976 manu
1163 917 1318 988 Dei,
1370 935 1505 976 nam
1556 917 1657 977 ubi
1697 919 1893 994 agitur
1928 918 2003 977 de
2039 918 2195 979 bono
2232 921 2325 980 di·-

169 1022 330 1080 citur
357 1019 695 1094 Jehovah,
735 1025 796 1080 et
829 1017 932 1077 ubi
967 1018 1041 1077 de
1077 1035 1220 1078 vero
1257 1017 1472 1077 dicitur
1495 1019 1683 1092 Deus,
1721 1018 1992 1077 videatur
2020 1037 2076 1077 n:
2112 1023 2325 1082 2586.

174 1122 406 1180 2769.
465 1121 690 1180 6905.
747 1117 926 1194 Apud
953 1118 1278 1178 Jeremiam
1319 1117 1507 1193 „Dio
1530 1117 1707 1198 Reyz·
1745 1123 1804 1178 et
1830 1117 2173 1197 Dominae,
2212 1118 2322 1186 de-

165 1219 428 1280 mittite
498 1237 642 1295 vos,
709 1217 916 1279 sedete
931 1263 948 1290 ,
1011 1219 1168 1298 quia
1219 1216 1541 1278 desomdit
1598 1224 2037 1281 ornamentwm
2088 1220 2325 1302 capitia

171 1320 424 1394 veebm’,
479 1337 716 1382 corona
753 1313 997 1380 decada
1019 1317 1261 1379 vestr-ff
1298 1318 1483 1378 XIII:
1530 1322 1557 1378 1
1578 1322 1647 1394 83
1700 1335 1919 1378 corona
1954 1320 2185 1381 decoris
2212 1339 2323 1398 pro

171 1422 513 1496 sapientia
574 1437 730 1497 quae
789 1419 960 1491 boni,
1033 1419 1218 1479 decus
1261 1425 1355 1479 est
1401 1419 1686 1478 Divinum
1720 1419 1948 1478 Verum
1982 1421 2317 1497 Ecclesiae,

175 1535 246 1578 n:
297 1523 452 1580 981
480 1522 542 1581 5.
596 1521 779 1596 Apud
809 1520 1082 1580 Eundem
1119 1517 1459 1594 „Genava
1493 1517 1813 1599 gaudium
1842 1517 2056 1578 cordis
2091 1520 2317 1596 nostri,

175 1635 506 1680 conversa
544 1625 638 1680 est
675 1620 746 1680 in
785 1617 1027 1680 luctum
1071 1618 1290 1682 chorea
1324 1623 1546 1682 nostra
1564 1639 1593 1690 ;
1641 1617 1867 1678 cecidit
1907 1615 2149 1678 Corona
2192 1617 2319 1680 Oa-

174 1716 354 1796 pitis
391 1720 659 1781 nostri“
710 1720 943 1780 Thren:
973 1719 1048 1780 V:
1085 1721 1194 1780 15.
1233 1724 1260 1778 1
1282 1724 1353 1796 63
1408 1737 1630 1780 corona
1664 1720 1878 1796 capitis
1915 1737 2071 1795 quae
2106 1721 2322 1780 cecidit

183 1833 300 1892 pro
341 1822 656 1896 sapientia
693 1837 846 1899 quae
881 1820 1000 1880 illis
1049 1822 1150 1896 qui
1185 1820 1261 1878 ab
1295 1821 1570 1882 Ecclesia
1603 1839 1714 1898 per
1748 1821 2035 1880 Divinum
2070 1819 2317 1898 Verum,

193 1934 356 1993 quae
397 1922 666 1980 cessavit
698 1938 820 1980 una
853 1937 987 1980 cum
1023 1920 1391 1980 beatitudine
1426 1924 1676 1982 interna.
1731 1920 1915 1998 Apud
1939 1921 2319 1982 Ezechielem
2358 1929 2517 1995 [299]

198 2015 447 2089 „Dedi
490 2018 722 2082 monile
759 2039 950 2100 super
985 2039 1218 2082 meum
1258 2026 1475 2091 tuum,
1516 2026 1577 2081 et
1616 2022 1876 2082 inaures
1916 2039 2106 2101 super
2130 2041 2319 2084 aures

198 2120 399 2194 tim-s,
454 2126 513 2182 et
555 2139 850 2182 coronam
895 2126 1162 2182 ornatus
1207 2139 1398 2200 super
1432 2126 1621 2198 eaput
1662 2127 1843 2182 tuam
1862 2123 1899 2154 “
1962 2121 2225 2181 XV121
2244 2126 2319 2193 2;

203 2219 410 2292 agitur
441 2222 520 2281 ibi
556 2222 632 2281 de
656 2221 1076 2299 Hierosolyma
1111 2238 1266 2298 quae
1303 2226 1397 2278 est
1420 2220 1711 2294 Ecclesia,
1749 2221 1831 2280 ibi
1866 2221 1941 2281 de
1971 2222 2101 2298 ejus
2127 2224 2323 2300 prIma

209 2316 670 2397 instauratione3
723 2339 832 2399 per
867 2322 1083 2382 monile
1128 2337 1312 2397 super
1345 2336 1557 2378 nasum
1605 2319 1975 2396 significatur
2007 2325 2319 2400 perceptio

220 2410 396 2489 boni3
443 2439 544 2495 per
587 2424 830 2482 inaures
867 2439 1055 2498 super
1105 2437 1282 2481 aures
1319 2417 1685 2496 significatur
1745 2424 2055 2497 perceptio
2094 2424 2221 2482 veri
2258 2429 2321 2482 et

223 2510 582 2598 obedientia3
634 2540 746 2599 per
791 2539 1072 2582 coronam
1134 2538 1318 2598 super
1378 2526 1560 2597 caput
1606 2517 1974 2596 significatur
2019 2523 2320 2595 sapientia

211 2613 380 2675 inde.
432 2620 604 2697 Apud
637 2623 898 2682 Hiobum
938 2619 1286 2696 „Gloriam
1329 2639 1373 2680 a
1408 2639 1505 2682 me
1542 2618 1899 2691 abstraoeit,
1950 2623 2011 2676 et
2053 2619 2319 2680 removit

213 2731 504 2780 coronam
543 2723 779 2802 capitia
819 2722 943 2784 mei
963 2725 1001 2755 “
1051 2722 1229 2784 XIX:
1273 2725 1350 2797 93
1404 2721 1597 2799 gloria
1642 2739 1751 2798 pro
1793 2717 2187 2794 intelligentia
2242 2737 2319 2780 ex

211 2815 430 2880 Divino
466 2823 657 2899 Ver03
713 2841 938 2882 corona
989 2825 1202 2899 capitis
1255 2840 1363 2898 pro
1409 2822 1707 2899 sapientia
1738 2821 1892 2881 inde.
1964 2817 2034 2876 In
2070 2818 2319 2895 Apoca-

208 2912 366 2996 lypsi
412 2966 450 2998 „
475 2921 661 2992 Vidi,
713 2941 856 2985 cum
893 2942 1023 2984 ecce
1061 2921 1292 3002 Equus
1327 2920 1539 2993 albus,
1590 2927 1651 2982 et
1688 2921 1927 2984 Sedens
1971 2937 2160 3000 super
2200 2915 2315 2980 illo

208 3013 438 3082 habens
475 3041 720 3098 arcum,
777 3025 885 3086 cui
917 3023 1078 3084 dat'a
1119 3028 1213 3083 est
1252 3021 1498 3084 Corona
1512 3041 1541 3096 ;
1593 3023 1697 3084 hic
1729 3021 1933 3085 exivit
1972 3020 2221 3082 vincens
2258 3025 2318 3081 et

205 3123 276 3179 ut
323 3121 642 3184 vincet-eff
709 3125 828 3184 VI:
873 3129 942 3201 23
996 3125 1203 3201 Equus
1240 3123 1415 3184 albus
1455 3131 1515 3184 et
1550 3123 1781 3186 Sedens
1818 3142 2002 3202 super
2036 3123 2170 3195 illc,
2224 3130 2318 3184 est

205 3216 500 3284 Dominus
550 3225 748 3301 quoad
781 3225 1088 3299 Verbum3
1144 3241 1319 3284 arcus
1374 3232 1466 3284 est
1516 3224 1784 3285 doctrina
1816 3228 1947 3286 veri
1994 3243 2105 3302 per
2142 3242 2321 3302 quam

203 3332 541 3400 pugnatun
608 3325 748 3384 inde
807 3332 1008 3402 patet,
1063 3324 1222 3401 quod
1251 3324 1529 3424 Corona,
1586 3329 1729 3402 quia
1789 3327 1863 3386 de
1898 3327 2183 3401 Domin0,
2240 3329 2321 3386 sit

205 3417 492 3484 Divinum
517 3425 767 3499 Bonum,
807 3425 967 3502 quod
991 3425 1184 3484 induit
1209 3427 1388 3484 etiam
1416 3426 1612 3503 quoad
1637 3427 2000 3500 Humanum,
2030 3431 2099 3482 ut
2122 3429 2314 3484 victo-

201 3522 330 3584 riae
356 3527 712 3602 praemium.
752 3526 832 3584 Et
868 3526 1010 3584 alibi
1037 3523 1327 3599 „Postea
1351 3525 1507 3599 vidi,
1547 3544 1689 3585 cam
1717 3543 1847 3584 ecee
1870 3524 2060 3584 nubes
2090 3519 2317 3600 [alba],

203 3628 260 3684 et
295 3643 492 3705 super
539 3625 696 3686 nube
733 3623 955 3686 sedens
993 3622 1235 3686 similis
1272 3622 1452 3684 Filio
1500 3623 1804 3698 hominis,
1859 3621 2091 3682 habens
2129 3638 2319 3700 saper

203 3725 414 3805 capite
439 3743 556 3786 suo
584 3742 876 3788 coronam
901 3743 1180 3799 auream,
1207 3728 1266 3782 et
1292 3723 1364 3783 in
1388 3741 1583 3783 manu
1608 3740 1731 3783 sua
1744 3718 1987 3801 falcem
2012 3723 2315 3782 acutam“

203 3820 378 3886 XIV:
426 3829 547 3903 145
603 3827 794 3887 nubes
859 3826 998 3885 alba
1055 3841 1164 3900 pro
1199 3822 1390 3882 Verbi
1450 3839 1634 3881 sensu
1676 3821 1925 3890 literali,
1986 3840 2054 3880 n:
2097 3824 2313 3880 4060.

209 3927 421 3987 4391.
471 3928 683 3987 5922.
727 3928 938 3986 6343.
981 3925 1192 3984 6752.
1239 3925 1464 4000 87813
1518 3922 1703 3982 Filius
1737 3922 1991 3981 hominis
2040 3936 2149 3997 pro
2183 3919 2316 3980 Do-

203 4028 361 4086 mino
401 4027 604 4105 quoad
635 4027 919 4086 Divinum
952 4026 1211 4101 Verum3
1261 4023 1497 4085 Corona
1532 4041 1718 4083 aurea
1752 4039 1861 4100 pro
1888 4021 2108 4082 Divino
2144 4019 2315 4081 Bono

209 4143 282 4185 ex
317 4145 436 4205 quo
485 4127 770 4186 Divinum
806 4128 1063 4204 Verum3
1117 4126 1242 4187 salx
1275 4131 1454 4186 acuta
1499 4142 1607 4204 pro
1640 4124 2031 4202 dissipatione
2082 4123 2223 4183 mali
2259 4127 2320 4183 ct

206 4225 358 4288 falsi.
396 4226 573 4305 Quod
587 4227 822 4290 Corona
849 4231 928 4290 sit
951 4228 1235 4290 Divinum
1261 4227 1495 4289 Bonum
1526 4245 1599 4290 ex
1626 4215 1743 4306 quo
1767 4226 2051 4289 Divinum
2071 4225 2317 4300 Verum,
