2700 4792
391 447 402 464 .
457 403 566 464 m
759 387 1253 448 nPOCALYPSIS
1297 387 1731 446 EXPLICATA.
1812 389 1858 458 §-
1904 394 2220 451 iio-148.

447 550 638 628 Quod
665 549 959 627 placenta
991 547 1286 626 significet
1331 547 1553 607 bonum
1600 550 1819 607 amoris
1857 549 2168 623 coelesti8‚
2216 566 2280 607 n:
2328 551 2499 607 7978.

463 653 679 711 9992.
743 651 968 710 9993:
1023 649 1182 727 quod
1229 647 1431 709 oleum
1476 647 1771 726 significet
1812 651 2015 726 ipsum
2058 649 2221 708 illum
2268 665 2502 722 amorem,

456 772 525 814 n:
570 752 729 810 886.
777 752 988 810 3728.
1025 751 1235 812 9780.
1283 751 1495 809 9954.
1546 752 1806 808 10261.
1849 751 2130 825 10269;
2166 749 2505 809 indesuccus

455 853 637 929 hujus
689 849 984 928 significat
1019 850 1351 928 jucundum
1388 851 1553 928 ejus,
1620 851 1763 927 quia
1803 849 1943 910 inde
1992 867 2206 927 sapor,
2270 856 2325 908 et
2363 865 2509 925 sapor

457 959 549 1012 est
583 952 915 1029 jucundum
961 959 1024 1010 et
1068 969 1415 1026 amoenum,
1471 968 1538 1010 n:
1583 951 1793 1014 3502.
1834 955 2023 1011 4791
2064 951 2141 1010 ad
2172 951 2378 1010 4805:
2424 949 2510 1008 sed

457 1053 635 1132 plura
683 1051 757 1111 de
816 1052 910 1110 his
973 1053 1290 1111 videantur
1332 1054 1395 1109 in
1446 1051 1857 1128 Explicatione
1908 1069 2099 1129 super
2152 1051 2307 1128 Cap:
2358 1031 2509 1110 XVI:

457 1153 650 1214 Exodi
711 1155 772 1211 in
823 1152 1100 1212 Alienus
1171 1151 1609 1212 Cononem-inus,
1710 1151 1887 1228 Quod
1938 1152 2275 1230 jucundum
2332 1151 2509 1209 amoris

457 1253 738 1314 coelestis
787 1254 1152 1330 significetur
1197 1271 1308 1329 per
1358 1253 1537 1312 edere
1584 1271 1658 1312 ex
1702 1271 1921 1311 manna
1968 1254 2348 1325 abscondito,
2404 1266 2510 1309 cum

459 1363 658 1414 tamen
706 1371 816 1430 per
863 1371 1138 1412 mannam
1175 1353 1591 1412 absconditum
1627 1353 1996 1430 significatur
2030 1355 2319 1413 Dominus
2354 1349 2512 1430 quoad

454 1455 740 1514 Divinum
780 1454 1148 1528 Humanum,
1205 1460 1298 1513 est
1333 1457 1476 1530 quia
1514 1453 1673 1513 idem
1712 1460 1837 1528 est,
1896 1457 2027 1515 sive
2066 1455 2233 1514 dicas
2268 1455 2508 1512 Divinum

457 1557 797 1615 Humanum
832 1555 1101 1628 Domini,
1153 1557 1283 1614 sive
1314 1555 1481 1614 dicas
1510 1554 1797 1614 Divinum
1824 1557 2143 1630 Amorem,
2182 1573 2314 1614 nam
2336 1553 2509 1612 Domi-

452 1673 566 1716 nus
615 1663 708 1714 est
756 1657 898 1733 Ipse
947 1656 1204 1715 Divinus
1240 1655 1457 1730 Amor,
1516 1662 1575 1714 et
1624 1656 1785 1733 quod
1820 1657 1897 1716 ab
1946 1657 2099 1734 Ipso
2148 1653 2404 1734 procedit
2443 1655 2511 1710 est

453 1732 738 1816 Divinum
774 1756 1004 1816 Bonum
1042 1758 1273 1815 unitum
1307 1756 1531 1815 Divino
1566 1755 1729 1816 Vero
1742 1802 1759 1832 ‚
1806 1763 2133 1836 utrumque
2172 1763 2265 1816 est
2297 1752 2507 1822 Amoris,

459 1864 520 1916 et
555 1873 795 1933 quoque
845 1864 938 1916 est
987 1854 1279 1916 Dominus
1331 1859 1392 1916 in
1446 1854 1662 1932 Coelo,
1718 1858 1855 1917 inde
1904 1858 2090 1918 edere
2144 1858 2219 1917 ab
2264 1857 2395 1932 Ipso
2438 1855 2507 1910 est

457 1957 736 2034 conjungi
769 1957 924 2034 Ipsi,
965 1965 1026 2017 et
1054 1957 1169 2017 hoc
1197 1975 1308 2034 per
1335 1975 1597 2018 amorem
1634 1957 1713 2016 ab
1748 1958 1911 2035 Ipso.
1980 1959 2108 2020 Sed
2157 1958 2304 2016 haec
2336 1951 2506 2012 melius

453 2057 702 2134 intelligi
737 2065 999 2133 possunt
1035 2075 1109 2116 ex
1145 2058 1261 2117 illis
1301 2075 1457 2134 quae
1490 2060 1551 2117 in
1588 2058 1790 2135 Opere
1818 2059 1893 2118 de
1930 2059 2143 2121 Coeno
2168 2077 2245 2118 13¹1·
2278 2057 2503 2115 Intraum

455 2175 522 2217 n:
583 2148 668 2216 13
715 2158 790 2215 ad
835 2159 944 2217 19.
1027 2161 1158 2218 116
1204 2161 1280 2218 ad
1327 2160 1487 2218 125.
1558 2162 1693 2219 126
1738 2160 1815 2218 ad
1862 2163 2032 2236 1403
2100 2167 2162 2220 et
2210 2170 2423 2236 quoque
2459 2151 2504 2207 in

454 2258 776 2317 DochNA
805 2259 1018 2318 Nona
1053 2260 1499 2319 Iliensommnn
1546 2279 1618 2319 n:
1661 2262 1801 2319 210
1844 2261 1921 2319 ad
1952 2265 2122 2320 222.
2182 2261 2334 2332 307,
2382 2253 2505 2312 dicta

455 2365 517 2419 et
551 2366 794 2418 ostensa
825 2367 990 2435 sunt,
1044 2379 1199 2436 quae
1234 2361 1567 2421 videantur.

619 2463 776 2519 147.
841 2462 918 2520 Et
964 2462 1120 2522 dabo
1166 2461 1255 2520 illi
1295 2460 1591 2521 calculum
1628 2463 1859 2536 album,
1916 2464 2079 2538 quod
2116 2458 2395 2539 significet
2422 2469 2498 2511 sa-

454 2559 738 2638 pientiam
789 2569 850 2621 ei:
887 2563 1371 2639 intelligentiam,
1428 2570 1665 2622 constat
1710 2579 1784 2623 ex
1832 2563 2267 2640 significatione
2320 2549 2505 2617 Calculi

453 2663 604 2737 albi,
663 2680 795 2722 cum
833 2681 870 2722 a
908 2663 1194 2737 Domin0,
1249 2664 1408 2739 quod
1446 2665 1525 2723 sit
1558 2667 1823 2742 receptio
1862 2665 1937 2724 ab
1980 2663 2127 2742 Ipso
2168 2670 2228 2723 et
2270 2659 2501 2724 influxus,

455 2771 515 2821 et
543 2766 685 2841 qnia
714 2771 806 2823 est
841 2767 1108 2842 receptio
1145 2771 1205 2822 et
1241 2765 1497 2823 influxus
1528 2782 1567 2823 a
1592 2765 1865 2839 Domino,
1907 2772 2000 2824 est
2028 2781 2269 2842 quoque
2303 2757 2504 2835 sapien-

451 2865 540 2923 tia
577 2870 636 2923 et
679 2864 1074 2941 intelligentia
1109 2864 1185 2923 ab
1220 2865 1397 2942 Ipso,
1442 2883 1578 2924 nam
1616 2869 1718 2942 qui
1752 2867 2049 2942 recipiunt
2086 2886 2127 2926 a
2166 2863 2431 2927 Domino,
2460 2856 2505 2910 et

453 2963 617 3040 apud
663 2979 814 3038 quos
863 2966 1154 3024 Dominus
1203 2966 1421 3040 influit,
1486 2965 1573 3024 illi
1619 2967 1681 3024 in
1728 2967 2025 3042 sapientia
2064 2974 2126 3027 et
2159 2955 2507 3038 intelligentia

453 3069 612 3121 sunt.
691 3061 867 3137 Quod
915 3067 1057 3127 dare
1110 3066 1408 3126 calculum
1457 3066 1660 3125 album
1702 3067 1811 3126 illa
1856 3069 2219 3144 significent,
2276 3068 2361 3122 est
2392 3054 2504 3134 quia
2622 3071 2624 3088 =

452 3165 513 3222 in
553 3162 798 3240 judiciis
861 3167 1293 3242 colligebantur
1343 3168 1631 3245 suffragia
1690 3186 1803 3245 per
1862 3169 2164 3240 calculos,
2216 3157 2503 3224 sententiae

449 3262 840 3322 affirmativae
889 3283 1000 3343 per
1055 3267 1320 3326 calculos
1376 3268 1578 3340 albae,
1646 3276 1707 3327 et
1754 3271 2073 3346 negativae
2116 3287 2229 3348 per
2278 3255 2500 3324 calculos

443 3364 675 3444 nigros,
716 3365 853 3423 inde
890 3383 1000 3442 per
1035 3367 1328 3426 calculum
1364 3369 1566 3429 album
1598 3369 1965 3446 significatur
1990 3372 2261 3448 receptio
2290 3362 2497 3439 sapien·

443 3467 563 3526 tiae
601 3474 662 3526 et
695 3466 1141 3543 intelligentiae.

604 3571 764 3627 148.
820 3567 896 3625 Et
928 3569 988 3626 in
1039 3567 1282 3629 Calculo
1319 3589 1535 3632 nomen
1578 3590 1801 3654 novum
1850 3573 2141 3650 scriptum
2176 3565 2329 3649 quod
2359 3567 2498 3620 nemo

442 3672 609 3728 novit
651 3669 766 3726 nisi
797 3670 903 3744 qui
937 3671 1180 3746 accipit,
1240 3672 1399 3747 quod
1435 3673 1728 3749 significet
1771 3680 1996 3733 statum
2044 3675 2207 3734 vitae
2238 3656 2493 3730 interioris

437 3771 706 3848 ignotum
757 3770 1032 3829 omnibus
1083 3777 1326 3847 praeter
1376 3772 1495 3831 illis
1554 3776 1655 3850 qui
1708 3776 1769 3834 in
1822 3791 1893 3832 eo
1946 3780 2114 3848 sunt,
2182 3768 2399 3832 constat
2438 3769 2493 3814 01

439 3868 871 3946 significatione
923 3874 1202 3947 nominis,
1259 3872 1433 3949 quod·
1481 3876 1558 3933 sit
1622 3875 1799 3952 quale
1854 3881 2075 3950 status,
2151 3875 2223 3934 de
2280 3881 2385 3946 qua
2433 3871 2487 3914 ¹¹²

451 3969 661 4029 1754.
710 3972 918 4030 1896.
965 3975 1176 4032 2009.
1210 3973 1422 4032 3237.
1468 3976 1679 4050 3421,
1744 3975 1842 4035 hic
1900 3975 2074 4051 quale
2131 3980 2318 4034 status
2361 3963 2489 4020 vitae

435 4071 764 4142 interioriS,
821 4060 962 4150 quia
1003 4075 1218 4134 dieitur
1267 4091 1485 4133 nomen
1522 4092 1745 4134 novum
1780 4075 1941 4154 quod
1990 4093 2166 4136 nemo
2210 4071 2359 4134 novit
2396 4052 2489 4118 nisi

437 4172 540 4247 qui
586 4174 828 4250 accipit,
892 4194 1027 4234 nam
1065 4173 1240 4250 quale
1277 4181 1472 4233 status
1530 4177 1687 4236 vitae
1735 4178 2034 4236 interioris
2072 4188 2312 4254 prorsus
2340 4169 2481 4241 igno-

435 4277 559 4330 tum
606 4279 700 4334 est
739 4273 857 4333 illis
895 4277 996 4352 qui
1031 4291 1148 4332 non
1181 4275 1242 4330 in
1291 4276 1415 4331 vita
1450 4275 1728 4334 interiore
1765 4283 1938 4352 sunt3
1995 4279 2053 4336 in
2090 4280 2215 4336 vita
2246 4265 2483 4334 interiore
