2700 4792
389 1949 471 2010 [4]

517 386 549 436 2
1017 385 1022 390 ·
1076 363 1565 431 APOCALtPsls
1608 375 2041 434 EXPLIOATA.

517 528 765 608 socius
817 527 892 596 in
947 525 1391 613 afflictione,
1449 542 1522 596 et
1562 526 1638 596 in
1688 551 1959 621 regno,
2016 541 2091 594 et
2131 526 2474 621 patiente
2534 554 2631 596 ex

517 628 972 725 spectatione
1029 628 1205 698 JESU
1261 627 1606 696 Cmusru
1690 651 1888 696 eram
1939 626 2016 694 in
2064 625 2310 696 Insula
2368 647 2631 698 vocate

515 732 841 812 Patmos,
924 745 1227 826 propter
1291 726 1616 798 Verbum
1666 729 1814 796 Dm
1886 743 1961 796 et
2023 743 2331 823 propter
2389 731 2624 798 Testi

515 828 840 898 monium
892 829 1068 899 Jnsu
1125 828 1459 898 Cmusri.

674 944 786 1007 10.
841 933 1103 1000 Factus
1160 954 1318 999 sum
1374 928 1450 997 in
1484 927 1745 1024 spiritu
1790 926 1863 996 in
1907 926 2297 997 Dominica
2347 925 2506 1013 die,
2572 951 2630 996 ez

518 1027 759 1099 audivi
804 1047 977 1126 post
1011 1054 1124 1100 me
1175 1053 1431 1100 vocem
1484 1052 1816 1123 magnam
1852 1044 2207 1124 tanquam
2260 1025 2493 1096 tubae
2507 1054 2535 1117 3

670 1145 787 1207 11.
885 1131 1219 1200 Dicentis
1245 1156 1267 1220 3
1372 1132 1528 1225 Ego
1611 1153 1767 1198 sum
1846 1127 2090 1224 Alpha
2166 1144 2239 1197 et
2317 1128 2631 1223 Omega,

513 1230 792 1300 Primus
860 1247 934 1300 et
983 1229 1299 1300 Ultimus
1314 1255 1338 1320 3
1423 1227 1623 1326 quod
1690 1227 1893 1297 vides
1964 1226 2201 1297 scribe
2268 1228 2345 1297 in
2402 1227 2631 1317 libro,

515 1347 588 1399 et
652 1330 858 1400 mitte
931 1329 1322 1415 Ecclesiis,
1409 1329 1554 1399 illis
1626 1329 1701 1400 in
1770 1328 1981 1418 Asia3
2058 1327 2471 1425 Ephesum,
2561 1347 2631 1401 et

517 1431 936 1526 Smyrnam,
995 1446 1069 1499 et
1118 1434 1578 1526 Pergamum,
1634 1446 1707 1499 et
1752 1428 2144 1525 Thyatira,
2201 1445 2276 1498 et
2322 1428 2631 1514 Sardes,

515 1547 588 1600 et
637 1527 1248 1626 Philadelphiam,
1311 1546 1385 1599 et
1436 1529 1896 1600 Laodiceam.

671 1641 786 1705 12.
850 1631 944 1698 Et
997 1654 1393 1700 conversus
1432 1629 1677 1700 videre
1723 1653 1980 1701 vocem
2022 1653 2209 1724 quae
2263 1627 2631 1725 loqueba-

514 1747 632 1798 tur
681 1753 1004 1819 mecum,
1059 1746 1132 1800 et
1185 1753 1580 1803 conversus
1635 1731 1784 1801 vidi
1839 1746 2120 1826 septem
2163 1728 2630 1801 Candelabra

514 1852 748 1898 aurea.

668 1946 785 2009 13.
855 1933 946 2000 Et
999 1931 1074 2000 in
1125 1931 1371 2002 medio
1423 1948 1702 2029 septem
1747 1928 2367 2002 Candelabrorum
2420 1933 2621 2002 simi-

515 2029 654 2099 lem
708 2029 894 2102 Filio
935 2031 1286 2118 hominis,
1345 2031 1677 2103 indutum
1704 2032 1948 2119 talari,
2005 2047 2078 2100 et
2104 2034 2616 2128 praecinctum

511 2130 606 2202 ad
655 2131 1006 2202 mamillas
1061 2159 1246 2203 zona
1291 2157 1527 2203 aurea.
1640 2217 1652 2224 .

669 2241 782 2316 14.
862 2235 954 2302 Et
1009 2231 1244 2330 Caput
1306 2234 1545 2331 Ipsius
1610 2250 1684 2303 et
1747 2231 2010 2332 Capilli
2085 2231 2381 2302 candidi
2449 2250 2611 2304 tan-

514 2357 733 2428 quam
787 2331 953 2402 lana
989 2333 1336 2419 candida,
1394 2350 1740 2430 tanquam
1779 2336 1942 2426 nix,
1998 2349 2073 2402 et
2124 2331 2322 2404 oculi
2370 2336 2606 2431 Ipsius

509 2449 855 2530 tanquam
907 2431 1189 2503 flamma
1243 2434 1453 2529 igniS.

664 2551 782 2613 15..
857 2536 949 2605 Et
990 2534 1221 2604 Pedes
1256 2535 1496 2631 Ipsius
1538 2534 1809 2605 similes
1854 2531 2389 2621 chalcolibano,
2442 2553 2597 2605 tan-

505 2661 723 2730 quam
762 2637 858 2705 in.
877 2634 1167 2707 camino
1219 2636 1465 2732 igniti,
1519 2653 1593 2706 et
1629 2663 1767 2708 vox
1803 2635 2041 2733 Ipsius
2083 2651 2427 2731 tanquam
2466 2662 2600 2706 vox

505 2760 853 2830 aquarum
907 2734 1308 2805 multarum.

661 2851 774 2913 16.
865 2837 960 2903 Et
1021 2835 1297 2906 habens
1366 2836 1443 2906 in
1517 2835 1766 2906 dextra
1850 2860 1981 2904 sua
2048 2861 2267 2905 manu
2336 2834 2593 2906 Stellas

507 2952 828 3030 septem3
885 2950 957 3003 et
1011 2959 1095 3003 ex
1150 2960 1274 3006 ore
1327 2936 1563 3032 Ipsius
1617 2935 2011 3033 romphaea
2063 2961 2334 3036 anceps
2386 2953 2594 3006 acuta

503 3035 746 3105 exiens
761 3063 785 3126 3
843 3052 916 3104 et
957 3033 1188 3106 facies
1231 3037 1467 3132 Ipsius
1523 3053 1869 3134 tanquam
1923 3035 2054 3108 Sol
2106 3037 2305 3110 lucet
2343 3037 2415 3108 in
2457 3062 2589 3134 po-

502 3134 730 3205 tentia
772 3161 920 3206 sua.

658 3251 769 3316 17.
826 3234 927 3306 Et
964 3260 1128 3304 cum
1157 3235 1303 3305 vidi
1340 3239 1619 3333 Ipsum,
1678 3237 1920 3309 cecidi
1965 3237 2059 3308 ad
2095 3237 2321 3334 pedes
2360 3237 2587 3333 Ipsius

501 3352 841 3431 tanquam
894 3352 1260 3427 mortuus,
1317 3354 1390 3408 et
1441 3337 1791 3436 imposuit
1836 3339 2159 3410 dextram
2210 3361 2405 3406 suam
2444 3361 2585 3404 ma-

496 3461 670 3505 num
727 3462 946 3536 super
996 3461 1144 3524 me,
1213 3436 1467 3510 dicens
1520 3438 1732 3523 mihi,
1805 3463 1902 3508 ne
1952 3439 2163 3525 time,
2230 3439 2382 3534 Ego
2432 3462 2584 3508 sum

492 3537 772 3608 Primus
828 3554 900 3608 et
952 3536 1289 3609 Ultimus.

653 3652 763 3717 18.
821 3641 916 3708 Et
969 3638 1110 3735 Qui
1153 3639 1465 3724 Vivens,
1522 3655 1596 3708 et
1630 3638 1871 3708 factus
1918 3664 2077 3708 sum
2117 3655 2455 3721 mortuus,
2506 3654 2579 3707 et

493 3761 668 3808 ecce
718 3740 964 3810 vivens
1022 3764 1179 3809 sum
1219 3740 1292 3808 in
1339 3736 1633 3808 saecula
1674 3737 2169 3822 saeculorum,
2224 3761 2453 3806 amen:
2505 3754 2577 3807 et

492 3835 729 3908 habeo
784 3838 1023 3910 claves
1076 3839 1345 3909 inferni
1400 3854 1471 3907 et
1523 3838 1800 3908 mortiS.

649 3955 766 4018 19.
827 3939 1120 4026 Scribe,
1163 3961 1349 4036 quae
1387 3936 1668 4025 vidisti,
1710 3954 1785 4007 et
1820 3961 2006 4033 quae
2046 3953 2255 4023 sunt,
2297 3953 2363 4006 et
2398 3959 2569 4033 quae

487 4034 732 4108 futura
773 4058 942 4111 sunt
980 4039 1312 4138 posthac.

641 4153 757 4219 20.
822 4139 1250 4238 Mysterium
1302 4154 1582 4234 septem
1626 4136 2054 4224 Stellarum,
2114 4164 2294 4235 quas
2338 4137 2562 4234 vidisti

485 4239 561 4308 in
613 4240 864 4312 dextra
915 4266 1110 4334 mea,
1165 4257 1237 4310 et
1282 4257 1563 4336 septem
1612 4237 2059 4311 candelabra
2100 4265 2347 4310 aurea:
2412 4265 2554 4337 sep-
