2700 4792
283 349 529 407 CAPUT
572 349 975 406 SECUNDUM.
1644 353 1861 410 VERS:
1919 364 2009 418 12.
2172 367 2281 421 173

31 482 58 519 ³
167 513 308 571 falsi
335 518 560 570 ‘contra
593 527 836 587 verum,
894 527 966 570 ac
999 509 1138 570 inde
1173 510 1608 588 dispersionem
1646 513 1963 588 salsorum,
2029 522 2089 574 et
2123 533 2279 592 quo-

169 629 286 690 quc
329 613 728 671 tentationem
763 610 1168 687 spiritualem,
1209 619 1489 672 constare
1524 619 1725 689 potest
1750 632 1787 672 a
1820 615 2095 692 plurimis
2128 615 2279 678 locis

164 713 266 788 ibi,
309 729 577 789 quorum
605 711 812 788 aliqua
843 711 940 770 hic
969 711 1429 772 confirmationis
1462 729 1645 772 causa
1678 715 1738 772 in
1773 715 2031 776 medium
2066 716 2278 777 afferre

163 814 306 872 volo
323 858 340 888 ‚
410 819 476 870 ut
535 812 698 888 apud
744 811 1112 871 Matthaeum
1175 810 1417 886 „Jews
1468 811 1677 888 dixit,
1753 833 1819 874 se
1866 832 1991 875 non
2033 815 2281 878 venisse

167 913 428 974 mittere
462 931 690 992 pacem
741 931 930 990 supcr-
969 918 1237 981 terram,
1289 911 1403 972 scd
1454 909 1803 992 yladium“
1849 915 1943 974 X:
1986 917 2113 991 343
2168 933 2280 992 per

171 1013 444 1092 gladium
489 1012 574 1072 ibi
623 1011 974 1088 intelligitur
1026 1014 1373 1072 tentationis
1415 1031 1649 1089 pugna3
1705 1031 1921 1088 causa,
1988 1015 2147 1090 quod
2194 1019 2281 1076 ita

165 1115 402 1174 dictum
438 1115 548 1184 sit,
605 1120 762 1187 erat,
823 1115 967 1188 quia
1014 1112 1284 1174 homines
1324 1130 1395 1173 co
1445 1120 1715 1191 tempore
1768 1117 1830 1174 in
1876 1114 2045 1173 falsis
2088 1122 2274 1192 erant,

173 1223 232 1275 et
265 1215 570 1274 Dominus
609 1213 836 1272 detexit
872 1231 1018 1272 vera
1051 1215 1364 1287 interiora,
1408 1221 1467 1273 et
1492 1213 1648 1272 falsa
1672 1233 1791 1274 non
1818 1217 1935 1274 nisi
1960 1231 2140 1291 quam
2164 1233 2279 1294 per

169 1331 416 1393 pugnas
456 1332 530 1372 cx
564 1314 658 1372 his
692 1315 854 1372 veris
889 1319 1146 1390 possunt
1177 1314 1328 1390 ejici.
1410 1313 1592 1389 Apud
1626 1314 1851 1382 Lucam
1891 1313 2133 1390 „Jews
2168 1315 2275 1377 di-

173 1415 272 1476 mit
317 1411 702 1493 discipulis,
757 1432 922 1474 nunc
954 1415 1065 1492 qui
1103 1411 1284 1473 habet
1321 1431 1683 1475 crumenam
1716 1412 1929 1490 tollat,
1973 1412 2279 1478 similiter

163 1533 392 1596 peram
403 1559 424 1589 ‚
488 1512 599 1592 qai
644 1531 784 1572 vero
833 1532 959 1573 non
1003 1513 1184 1574 habet
1199 1560 1214 1588 ‚
1281 1513 1513 1574 vendat
1572 1515 1943 1576 sentimenta
2002 1534 2151 1591 sua,
2214 1522 2277 1576 et

169 1621 336 1676 emat
370 1611 726 1694 yladium“
761 1614 990 1674 XXII:
1033 1615 1120 1674 35
1155 1615 1232 1673 ad
1265 1617 1385 1690 383
1438 1633 1550 1691 per
1591 1633 1931 1676 crumenam
1968 1622 2029 1675 et
2064 1633 2274 1693 peram

177 1715 585 1793 significantur
619 1716 986 1790 cognitiones
1023 1715 1401 1791 spiritualcS,
1436 1717 1520 1773 ita
1556 1733 1731 1791 vera,
1770 1733 1881 1793 per
1917 1717 2275 1778 vestimenta
2312 1711 2473 1776 [120]
2526 1717 2531 1724 ’

176 1816 586 1894 significantur
633 1815 913 1891 propria,
983 1822 1043 1874 et
1089 1831 1201 1892 per
1251 1815 1517 1891 gladium
1563 1833 1785 1892 pugna.
1864 1815 2043 1892 Apud
2088 1816 2269 1877 Jere-

171 1919 346 1975 miam
390 1911 680 1991 „Gladio
712 1919 934 1980 contra
978 1912 1334 1976 Chaldaeos
1368 1920 1429 1974 et
1464 1921 1681 1976 contra
1706 1915 2092 1977 habitatores
2126 1916 2274 1978 Ba·-

171 2013 350 2093 belis,
417 2021 480 2076 et
525 2019 748 2076 contra
784 2013 1114 2094 principes
1159 2013 1296 2096 effus
1341 2021 1402 2076 et
1461 2021 1681 2078 cambra
1728 2014 2045 2099 sapientes
2090 2017 2229 2100 ejus
2242 2037 2271 2090 ;

171 2114 412 2177 Gladie
461 2121 684 2176 contra
741 2113 1070 2175 mendaces
1118 2119 1192 2176 ut
1249 2113 1627 2180 stultescant
1645 2135 1671 2188 ;
1752 2114 1991 2178 Gladie
2050 2123 2271 2179 contra

156 2217 366 2296 fortes
399 2216 537 2300 ejus
570 2220 642 2278 ut
677 2220 1182 2288 maumam
1233 2213 1471 2276 Gladio
1506 2222 1725 2277 contra
1772 2235 1961 2296 equos
1996 2215 2152 2300 ejus,
2202 2224 2270 2279 eb

174 2323 390 2377 contra
425 2335 649 2378 currus
685 2315 861 2399 eju-93
917 2313 1157 2376 Gladie
1199 2321 1418 2377 contra·
1452 2315 1783 2377 thesauros
1818 2316 1955 2398 ejus
1988 2321 2061 2379 ut
2096 2316 2267 2379 diri-

161 2416 472 2498 piantur-5
525 2416 788 2477 siccitas
817 2435 1008 2502 super
1047 2435 1252 2496 aquas
1284 2415 1423 2498 ejus
1458 2422 1533 2478 ut
1570 2419 1989 2478 emarescant“
2028 2417 2109 2476 L:
2152 2419 2189 2477 3
2206 2419 2267 2478 5.

181 2519 302 2575 36.
341 2519 449 2575 37.
486 2518 605 2574 38:
655 2535 763 2593 per
792 2517 1070 2577 Gladium
1107 2518 1190 2577 ibi
1223 2516 1595 2594 significatur
1631 2518 1927 2594 dispersio
1964 2523 2034 2591 et¹
2060 2523 2267 2578 vasta-

187 2618 274 2674 tio
311 2618 435 2674 veri
446 2636 464 2691 3
499 2633 606 2692 per
641 2617 900 2694 singulos
927 2617 1064 2678 illos
1102 2617 1263 2694 apud
1300 2615 1451 2694 quos
1489 2620 1627 2692 erit,
1666 2625 1733 2676 ut
1766 2633 1876 2694 per
1912 2596 2269 2689 Chaldaeos,

171 2716 544 2776 habitatores
575 2716 848 2792 BabeliS,
903 2720 1206 2795 principes
1245 2725 1305 2778 et
1351 2719 1657 2795 sapientes
1698 2719 1862 2796 ejus,
1926 2715 2265 2792 mendaces,

169 2815 372 2890 fortes,
415 2834 620 2896 equo&
657 2834 890 2894 cui-rm,
929 2817 1270 2890 thesauros,
1306 2819 1713 2894 significantur
1736 2817 1825 2878 illi
1856 2824 1959 2876 aut
1980 2817 2086 2876 flla
2111 2818 2267 2894 quae

173 2917 601 2989 vastabuntur,
657 2925 723 2976 ut
757 2935 870 2996 per
906 2935 1094 2994 equos
1131 2918 1597 2994 intellectualia,
1652 2937 1765 2996 per
1798 2933 2006 2978 currus
2044 2917 2269 2978 doctri·-

175 3017 355 3092 nalia,
399 3025 462 3077 et
498 3035 609 3094 per
645 3019 966 3078 thesauros
1003 3021 1402 3096 cognitiones3
1455 3018 1595 3079 inde
1634 3019 1847 3078 dicitur
1882 3019 2123 3078 siccitas
2156 3035 2265 3080 su·-

173 3133 280 3192 per
311 3135 504 3194 aquas
533 3119 664 3196 ejus
691 3125 760 3177 ut
795 3127 1165 3192 exarescant,
1203 3137 1395 3196 aquae
1424 3121 1579 3178 enim
1618 3127 1757 3180 sunt
1782 3135 1929 3178 vcra
1953 3118 2267 3180 Ecclesiae

173 3223 230 3274 et
257 3220 502 3277 siccitas
537 3225 606 3276 ut
641 3225 996 3278 exarescant
1023 3226 1115 3278 est
1139 3221 1430 3295 vastati03
1468 3220 1629 3296 quod
1658 3221 1895 3280 siccitas
1926 3226 1986 3280 et
2016 3235 2263 3280 exares-

175 3319 370 3375 centia
399 3321 479 3378 sit
515 3319 620 3376 ubi
669 3337 788 3377 non
823 3337 1069 3390 verum,
1127 3320 1405 3379 videatur
1450 3337 1525 3378 n:
1593 3321 1819 3380 8185:
1874 3318 2036 3396 quod
2070 3336 2265 3395 aquae

171 3415 286 3474 sint
319 3433 466 3477 vera
512 3418 842 3493 Ecclesiae,
883 3434 1070 3496 supra
1103 3439 1176 3478 n:
1223 3425 1254 3479 7
1277 3425 1301 3478 1
1328 3440 1342 3478 :
1400 3419 1560 3496 quod
1594 3420 1865 3480 thesauri
1900 3420 2021 3477 sint
2055 3418 2264 3494 cogni·-

169 3517 392 3589 tiones,
427 3535 498 3576 n:
546 3521 753 3578 1694.
787 3521 999 3578 4508.
1047 3523 1280 3579 10227
1301 3542 1316 3579 ε
1358 3521 1517 3596 quod
1554 3523 1693 3597 equi
1728 3523 1845 3579 sint
1878 3515 2263 3576 intellectua-

167 3613 271 3687 lia,
325 3625 390 3676 et
435 3635 646 3678 currus
685 3619 1075 3694 doctrinalia,
1131 3623 1192 3678 in
1229 3620 1540 3697 Opusculo
1581 3620 1655 3678 de
1690 3621 1861 3686 Equo
1898 3617 2071 3674 Anno
2106 3632 2178 3674 n:
2222 3619 2259 3674 2

167 3715 238 3772 ad
281 3719 338 3776 5.
435 3718 618 3795 Apud
654 3721 898 3797 Esajam
949 3718 1282 3794 „Jekovah
1327 3717 1738 3802 disceptabit,
1792 3721 1853 3776 et
1896 3715 1968 3774 in
2020 3711 2267 3774 Gladio

165 3834 272 3876 suo
321 3837 470 3878 cum
513 3819 687 3880 omni
731 3838 917 3880 σαι-ηε
928 3863 944 3894 ,
1003 3825 1062 3880 et
1107 3817 1705 3900 multiplicabuntur
1746 3813 2027 3894 confossi
2069 3812 2265 3875 Jeho-

167 3920 316 3976 vae“
371 3918 610 3978 LXVI:
658 3924 686 3979 l
707 3923 767 3978 6.
847 3921 1028 3996 Apud
1064 3920 1392 3982 Jeremiam
1433 3916 1685 3996 „Super
1722 3933 1932 3976 omnes
1973 3910 2162 3975 colles
2196 3913 2267 3978 in

168 4015 402 4078 deserto
439 4025 736 4080 venenant
785 4019 1154 4082 Vastatores
1164 4065 1182 4096 ,
1237 4015 1391 4099 quia
1430 4015 1716 4079 Gladius
1752 4014 2027 4076 Jehovae
2075 4014 2267 4076 devo-

163 4135 310 4177 rans
345 4137 390 4178 a
413 4120 548 4200 fine
583 4124 788 4182 tem-ae
820 4139 1018 4200 usq-ae
1049 4120 1139 4181 ad
1162 4122 1361 4202 finem
1394 4119 1647 4180 terrast
1696 4117 1822 4178 XII
1839 4139 1854 4176 z
1908 4121 1937 4175 1
1958 4121 2019 4176 2.
2084 4115 2272 4194 Apud

165 4213 536 4280 Ezechielem
574 4217 946 4300 „Propheta
979 4225 1039 4280 et
1072 4220 1180 4281 dic
1191 4241 1220 4292 ,·
1269 4216 1563 4280 Gladius
1588 4222 1923 4287 exacutus,
1956 4215 2270 4296 etiamque
