2700 4792
455 405 564 457 223
873 391 1364 448 APoeALYPsrs
1406 393 1841 452 EXPLICATA.
1918 395 1969 464 ς.
2011 405 2132 456 167-

454 555 672 612 amoris
717 555 776 610 in
824 552 1027 627 fidem,
1111 526 1180 610 ef
1219 553 1379 628 quod
1428 551 1653 610 similes
1702 553 2256 611 communicationes
2300 557 2353 610 et
2386 569 2503 612 con-

444 655 788 731 junctiones
841 655 984 725 sint,
1054 645 1122 712 1'1:
1181 653 1396 711 3884.
1450 653 1635 711 3887
1692 651 1768 710 ad
1826 653 2033 712 3889.
2090 653 2289 710 9300.
2330 653 2503 711 9495.

451 754 720 814 Influxus
774 752 941 812 Cocli
991 755 1050 810 in
1097 751 1216 811 Cor
1265 759 1324 810 et
1370 755 1432 810 iu
1486 751 1839 810 Pulmonem
1888 753 1963 811 ab
2016 753 2393 828 experientia,
2448 769 2504 811 u:

459 856 666 914 3884.
741 852 916 929 Quod
957 869 1031 911 ex
1073 852 1178 911 illa
1227 851 1755 928 correspondentia
1798 855 1859 910 iu
1895 851 2101 911 Verbo
2152 869 2224 910 ex
2266 851 2421 910 corde
2462 858 2509 910 et

451 971 528 1013 ex
565 955 761 1012 anima
789 953 1086 1029 significet
1114 971 1188 1012 ex
1219 969 1421 1012 amore
1459 958 1520 1010 et
1552 951 1695 1023 fide,
1740 971 1808 1012 n:
1852 955 2067 1012 2930.
2102 953 2304 1011 9050.
2372 950 2511 1026 Quod

451 1055 786 1132 conjunctio
839 1056 1084 1130 spiritus
1130 1052 1384 1111 hominis
1430 1070 1562 1111 cum
1606 1069 1856 1128 corpore
1906 1054 2039 1130 ejus
2092 1055 2169 1111 sit
2210 1069 2313 1128 per
2350 1053 2509 1127 respi-

450 1157 738 1214 rationem
787 1153 1089 1230 pulmonis
1141 1159 1201 1212 et
1247 1170 1360 1229 per
1395 1152 1639 1230 pulsum
1676 1152 1903 1227 cordis,
1954 1160 2015 1212 et
2052 1152 2210 1230 quod
2253 1151 2377 1210 ideo
2420 1151 2510 1209 illis

450 1253 828 1316 cessantibus
875 1253 1052 1312 homo
1101 1256 1389 1311 moriatur
1434 1253 1632 1330 quoad
1682 1269 1937 1329 corpus,
1988 1254 2101 1312 sed
2146 1253 2306 1314 vivat
2352 1249 2513 1327 quoad

451 1357 754 1433 spiritum,
807 1357 866 1412 in
904 1352 1103 1429 Opere
1153 1353 1226 1411 de
1267 1351 1470 1412 Coeno
1518 1373 1596 1412 rer
1642 1353 1948 1412 Ins-nnuc:
2006 1360 2068 1413 et
2117 1352 2273 1430 quod
2314 1350 2511 1428 quando

449 1456 661 1534 pulsus
714 1454 908 1514 cordis
953 1460 1185 1524 cessat,
1237 1455 1482 1530 spiritus
1530 1459 1874 1530 separetur,
1928 1471 2004 1513 ex
2048 1469 2237 1514 causa
2276 1453 2401 1529 quia
2436 1465 2515 1508 cor

452 1554 880 1633 correspondet
916 1555 1130 1632 amori,
1172 1556 1273 1630 qui
1309 1561 1403 1613 est
1438 1554 1603 1612 calor
1635 1553 1865 1623 vitalis,
1906 1573 1972 1612 n:
2013 1557 2110 1612 44
2126 1559 2183 1629 7,
2221 1554 2330 1611 ibi:
2374 1551 2514 1628 plura

452 1658 524 1716 de
573 1655 679 1714 illa
729 1654 1276 1730 Correspondentia
1321 1654 1640 1713 videantur
1684 1653 1767 1712 ibi
1818 1672 1885 1714 n:
1944 1655 2057 1713 95.
2142 1652 2311 1729 Quod
2354 1651 2512 1710 Renes

449 1755 788 1833 significent
819 1773 964 1813 vera
998 1755 1137 1814 fidei
1175 1760 1234 1812 et
1266 1754 1743 1830 purificationem
1770 1769 1976 1812 eorum
2014 1771 2054 1812 a
2082 1754 2269 1823 falsiS‚
2298 1759 2381 1811 est
2404 1750 2512 1827 quia

451 1853 788 1934 purificatio
827 1857 1132 1931 sanguinis
1169 1856 1228 1912 in
1263 1854 1531 1913 Renibus
1565 1857 1903 1930 peragitur,
1954 1861 2014 1913 et
2061 1873 2174 1932 per
2216 1853 2513 1930 sanguinem

449 1959 508 2014 in
535 1954 736 2014 Verbo
763 1955 1131 2031 significatur
1165 1973 1395 2026 verum,
1426 1955 1703 2014 videatur
1738 1973 1807 2013 n:
1850 1959 1937 2014 47
1954 1956 2063 2014 35.
2102 1957 2320 2028 91273
2361 1947 2511 2010 simile

452 2059 630 2114 etiam
666 2073 778 2131 per
813 2053 1116 2131 Organum
1157 2055 1316 2132 quod
1349 2055 1656 2131 purificat,
1708 2055 2108 2131 significatur:
2156 2055 2339 2115 omnis
2372 2053 2511 2111 etiam

450 2156 781 2234 purificatio
820 2173 856 2213 a
891 2155 1057 2214 salsis
1097 2155 1162 2214 fit
1199 2173 1310 2232 per
1347 2173 1525 2215 vera:
1582 2155 1721 2214 inde
1766 2161 1936 2231 patet
1984 2157 2127 2231 quid
2178 2153 2443 2232 significat
2467 2150 2513 2205 in

449 2256 673 2330 Verb0,
705 2256 864 2331 quod
891 2256 1169 2315 Jehovah
1207 2272 1314 2316 scu
1345 2257 1638 2315 Dominus
1678 2263 1979 2316 scrutetur
2016 2255 2218 2316 Corda
2254 2261 2310 2314 et
2332 2253 2509 2321 Reum,

453 2357 610 2436 quod
661 2373 876 2433 nempe
929 2356 1200 2433 exploret
1239 2374 1385 2418 vera
1422 2356 1563 2416 fidei
1608 2364 1670 2416 et
1705 2357 1865 2417 bona
1911 2360 2164 2433 amoris,
2218 2364 2276 2415 et
2314 2354 2513 2429 separet

447 2459 552 2517 illa
589 2477 624 2516 a
659 2458 826 2517 salsis
865 2465 924 2517 et
961 2458 1151 2516 malis·
1217 2459 1348 2516 Hoc
1392 2457 1758 2534 significatur
1803 2475 1912 2534 per
1947 2457 2151 2517 Renes
2202 2459 2260 2514 in
2294 2468 2509 2530 sequen-

447 2560 607 2618 tibus
661 2559 838 2635 locis3
903 2559 1064 2636 apud
1113 2558 1440 2617 Jcremiam
1501 2557 1829 2634 „Jehovah
1876 2557 2165 2619 Zebaoth
2195 2554 2394 2641 judex
2421 2549 2510 2632 ju·

448 2661 668 2720 str‘tiae
714 2659 997 2739 probans
1047 2658 1257 2736 Renes
1316 2664 1377 2718 et
1438 2656 1607 2720 Coo-‘⁶‘
1670 2659 1795 2718 XI:
1854 2662 1964 2718 20.
2058 2659 2240 2737 Apud
2290 2652 2513 2716 Eundem

449 2759 835 2836 „Planta-sti
859 2779 980 2835 eos,
1019 2755 1214 2818 etiam
1239 2759 1526 2820 radicati
1558 2765 1725 2835 sunt,
1755 2765 2051 2840 peryunt,
2091 2760 2285 2844 etiam
2297 2751 2513 2836 faciunt

434 2862 730 2942 fructum
742 2881 770 2932 ;
822 2859 1226 2940 propinquus
1279 2859 1381 2920 Tu
1430 2861 1500 2920 in
1546 2879 1650 2946 ore
1690 2877 1935 2930 eoram,
1978 2866 2037 2919 et
2086 2859 2447 2938 lonqinquus
2482 2865 2512 2906 α

447 2961 736 3022 Renibus
796 2981 1008 3022 eorum
1020 2982 1047 3034 ‚·
1117 2959 1402 3022 Jehovah
1462 2959 1705 3022 videbi-s
1764 2979 1892 3035 me,
1964 2966 2025 3020 et
2082 2956 2377 3040 probahis
2422 2949 2515 3012 Gor

447 3061 702 3120 nwum“
759 3061 910 3121 XII:
954 3066 1014 3121 2.
1049 3065 1122 3138 3,-
1171 3065 1547 3140 propinquus
1586 3063 1647 3118 in
1688 3078 1791 3120 ore
1830 3069 1891 3120 et
1923 3062 2281 3138 longinquus
2324 3075 2358 3115 a
2386 3052 2511 3113 reni-

447 3161 579 3233 bus,
630 3167 724 3218 est
750 3179 956 3222 verum
992 3163 1168 3222 modo
1205 3165 1263 3220 in
1298 3165 1587 3222 memoria
1616 3169 1675 3220 et
1703 3162 1841 3221 inde
1869 3164 1930 3220 in
1968 3161 2174 3239 aliqua
2201 3157 2512 3236 cogitatione

450 3277 585 3320 cum
621 3261 796 3320 homo
830 3260 1119 3342 loquitur,
1173 3281 1291 3322 non
1327 3270 1527 3323 autem
1563 3265 1626 3322 in
1660 3262 1968 3322 voluntate
2014 3269 2073 3322 et
2107 3262 2244 3322 inde
2277 3263 2335 3319 in
2372 3260 2507 3322 actu3

445 3379 652 3420 verum
686 3364 744 3419 in
780 3363 1090 3421 voluntate
1121 3371 1178 3422 et
1212 3364 1444 3423 inde'in
1483 3369 1621 3422 actu
1665 3369 1757 3422 est
1794 3363 1952 3440 quod
1988 3369 2234 3440 separat
2273 3366 2329 3420 ct
2364 3353 2509 3416 dissi·

443 3470 552 3540 pat
591 3464 773 3538 falsa,
839 3479 1048 3520 verum
1099 3465 1158 3522 in
1210 3465 1515 3524 voluntate
1570 3471 1630 3522 et
1672 3464 1808 3523 inde
1856 3467 1917 3522 in
1965 3471 2105 3523 actu
2150 3471 2241 3522 est
2285 3457 2425 3520 velle
2464 3453 2507 3508 et

443 3565 641 3622 facere
680 3561 842 3640 quod
880 3561 1054 3622 homo
1091 3567 1204 3624 scit
1241 3571 1301 3624 et
1336 3566 1560 3641 cogitat
1595 3582 1804 3623 verum
1844 3557 2011 3641 eSse3
2064 3563 2177 3622 hoc
2217 3575 2407 3621 verum
2438 3552 2508 3610 est

447 3662 607 3740 quod
651 3666 712 3721 in
748 3665 952 3739 specie
982 3663 1335 3742 intelligitur
1370 3683 1482 3742 per
1516 3681 1711 3725 renes.
1784 3665 1964 3742 Apud
2014 3664 2282 3723 Eundem
2350 3651 2505 3733 „E90

443 3759 727 3823 Jehovah
779 3769 1076 3824 scrutans
1126 3762 1249 3824 Cor
1289 3769 1350 3824 et
1384 3765 1668 3844 probans
1712 3765 1924 3826 Renes
1938 3809 1955 3840 ,
2023 3769 2083 3824 et
2130 3763 2219 3824 ad
2266 3753 2507 3821 dandum

443 3861 648 3922 cuivis
688 3863 895 3947 juoeta
941 3865 1084 3925 vias
1132 3864 1296 3948 qiu-s,
1374 3869 1434 3925 et
1462 3863 1671 3948 juoeta
1706 3866 2005 3946 fructum
2054 3881 2303 3944 operum
2356 3848 2501 3938 ejy‘uff‘

443 3961 657 4022 XVII:
703 3968 819 4042 103
879 3967 1133 4024 scrutari
1171 3983 1272 4024 cor
1315 3972 1408 4024 est
1444 3965 1761 4041 purificare
1788 3965 2008 4025 bonum
2046 3960 2370 4041 separando
2400 3967 2502 4010 ma·

441 4063 597 4139 lum3
646 4065 901 4142 probare
947 4083 1122 4126 renes
1172 4071 1264 4126 est
1308 4066 1629 4142 purificare
1666 4085 1875 4126 verum
1921 4064 2255 4145 separando
2296 4058 2499 4119 salsum3

441 4163 576 4223 ideo
614 4165 830 4225 dicitur
867 4167 942 4224 ad
979 4167 1234 4224 dandum
1276 4169 1466 4224 cuivis
1496 4167 1674 4242 juxta
1712 4169 1841 4227 vias
1880 4169 2043 4244 ejus,
2088 4171 2147 4223 et
2176 4166 2341 4242 juxta
2370 4155 2499 4213 fruc·

443 4270 568 4321 tum
597 4281 845 4342 operum
887 4265 1049 4342 ejuS,
1098 4269 1232 4324 viae
1270 4271 1410 4323 sunt
1443 4282 1590 4323 vera
1627 4283 1780 4342 quae
1820 4265 1988 4341 fidei,
2032 4273 2091 4325 et
2128 4266 2340 4324 fructus
2374 4266 2497 4328 ope·

2610 451 2637 554 2
