2700 4792
308 363 535 421 CAPUT
586 362 926 424 TERTIUM.
1668 361 1847 418 VERS
1865 387 1879 418 z
1922 375 1975 425 7.
2152 377 2261 430 313

47 509 62 640 f
177 545 326 588 moue
358 524 590 588 Dam‘d
621 523 772 590 Rex
821 543 1012 606 super
1041 541 1174 599 eos,
1232 529 1306 585 ut
1337 522 1582 586 Pastor
1630 543 1799 585 unus
1851 524 1941 585 eit
1974 525 2263 586 omnibus

177 625 296 688 illis
311 647 332 687 .·
383 625 756 686 habitabunt
802 643 992 704 super
1037 628 1211 686 terra
1261 621 1371 684 illi
1426 629 1487 684 et
1522 621 1665 706 filii
1710 621 1971 686 illorum
2030 629 2091 684 et
2124 623 2267 706 filii

48 769 50 802 Ξ
168 724 434 808 filiorum
469 723 734 787 illorum
757 743 955 804 usque
993 725 1064 786 in
1097 729 1419 786 aeter-num
1432 745 1460 796 ,·
1498 729 1559 784 et
1580 723 1818 786 David
1842 745 2065 787 servus
2090 745 2265 787 meus

169 826 438 907 prinecps
486 824 631 887 illis
675 826 748 886 in
779 827 1160 887 aetemum“
1211 824 1553 886 XXXVII:
1596 827 1707 885 23.
1752 830 1862 885 24.
1902 829 2031 887 25:
2095 827 2259 904 apud
2300 831 2463 894 [209]

176 927 486 988 Hoseheam
539 926 1006 1002 „Revertantur
1027 921 1172 1007 filii
1200 921 1503 994 Israelis,
1540 930 1601 985 et
1633 931 1926 1004 quaerent
1958 924 2261 986 Jehovam

176 1025 370 1088 Deum
414 1045 630 1100 suum,
698 1031 760 1086 et
804 1023 1138 1086 Davidem
1181 1025 1429 1104 Reyem
1482 1045 1701 1100 suum,
1746 1030 1807 1085 et
1848 1043 1989 1086 eum
2040 1024 2267 1086 timore

175 1126 390 1187 vmient
444 1126 536 1187 acl
579 1125 888 1188 Jehovam
933 1130 992 1186 et
1051 1125 1142 1186 ad
1189 1126 1416 1187 bonum
1458 1124 1685 1205 Ipsius
1736 1125 1809 1186 in
1866 1125 2267 1186 extremitate

177 1225 446 1287 dierum“
478 1227 602 1286 111:
645 1229 718 1301 53
765 1233 1056 1304 quaerent
1089 1225 1390 1286 Jehovam
1424 1226 1624 1286 Deum
1658 1241 1833 1285 suum
1871 1233 1933 1284 et
1963 1225 2261 1286 Davidem

174 1326 374 1402 Regem
409 1343 614 1402 suum,
653 1327 886 1402 dicitur,
923 1329 1066 1404 quia
1098 1344 1210 1403 per
1243 1326 1542 1386 Jehovam
1576 1330 1636 1384 in
1670 1326 1875 1386 Verbo
1912 1326 2265 1404 intelligitur

173 1427 440 1486 Dominus
476 1427 674 1504 quoad
708 1427 992 1507 Divinum
1025 1427 1294 1500 Bonum,
1332 1427 1495 1504 quod
1530 1434 1623 1488 est
1657 1426 1939 1486 Divinum
1977 1427 2162 1497 Esse,
2204 1436 2264 1485 et

173 1543 270 1603 per
296 1527 590 1587 Davidem
633 1527 864 1604 Regem
898 1528 1190 1586 Dominus
1242 1527 1444 1604 quoad
1475 1528 1759 1588 Divinum
1794 1527 2048 1600 Verum,
2102 1527 2265 1604 quod

174 1633 256 1686 est
273 1627 552 1686 Divinum
577 1628 888 1703 Existere;
935 1628 1098 1705 quod
1130 1645 1242 1705 per
1267 1627 1308 1687 J
1313 1628 1563 1687 ohovam
1592 1627 1868 1687 inVerbo
1894 1619 2261 1704 intelligatur

171 1725 440 1787 Dominus
495 1728 696 1806 quoad
727 1727 1014 1788 Divinum
1049 1728 1314 1799 Bonum,
1358 1728 1635 1788 videatur
1666 1730 1727 1786 in
1773 1728 2050 1788 Ancams
2100 1727 2261 1787 Gon-

169 1845 434 1890 utsrmus
479 1849 548 1888 n:
595 1829 753 1888 732.
787 1831 1004 1889 2586.
1041 1831 1253 1888 2807.
1287 1831 1500 1888 2822.
1534 1831 1743 1888 3921.
1788 1830 2000 1888 4287.
2040 1831 2257 1887 4402.

178 1929 361 1987 7010.
409 1931 622 1989 9167.
667 1929 796 1988 931
820 1930 878 1989 5.
949 1929 1136 2007 Apud
1183 1927 1531 1988 Saehariam
1597 1927 1945 2005 „Servabit
1978 1925 2265 1988 Jehoval·

169 2029 420 2122 tentoria
451 2027 744 2091 Jehudae
779 2029 996 2110 fm'mo
1013 2075 1031 2105 ,
1081 2033 1157 2089 ut
1206 2047 1332 2089 mm
1365 2025 1635 2090 extollat
1688 2049 1755 2089 se
1785 2027 2001 2110 yloria
2037 2027 2265 2088 domus

165 2124 442 2190 Davidis
468 2133 530 2189 et
551 2125 767 2210 qloria
789 2128 1172 2190 habitatoris
1197 2127 1689 2212 ,Hierosolymae
1714 2148 1903 2209 super
1917 2126 2263 2190 Jehudam:

167 2227 228 2288 in
255 2228 354 2290 die
385 2227 506 2290 illo
525 2235 816 2310 proteyet
849 2229 1134 2292 Jehovah
1167 2229 1589 2291 habitatorem
1620 2226 2115 2310 H'ieroeolymae
2133 2275 2151 2303 ‚
2202 2233 2265 2288 et

165 2325 378 2392 domus
399 2328 702 2392 Davidis
729 2331 898 2394 sieut
921 2331 1114 2394 Deus
1147 2336 1209 2391 et
1241 2330 1411 2392 sieut
1434 2328 1725 2410 Anqelue
1752 2329 2027 2392 Jehovae
2050 2348 2265 2390 coram

158 2423 320 2506 illie,
375 2436 434 2492 et
466 2429 794 2510 effundam
829 2450 1020 2512 super
1054 2431 1312 2494 domum
1343 2429 1643 2492 Davidis
1686 2436 1747 2490 et
1780 2449 1973 2510 super
2008 2429 2261 2490 habita-

160 2536 349 2590 torem
379 2528 866 2614 Hieroeobymae
897 2531 1203 2611 spiritum
1233 2531 1493 2612 qratiae
1510 2552 1532 2592 .·
1568 2531 1639 2592 in
1672 2529 1779 2592 die
1810 2527 1927 2590 illo
1960 2527 2083 2590 erit
2102 2529 2265 2610 som

161 2633 414 2711 apertus
466 2629 685 2694 domui
723 2630 1022 2694 Davidie
1087 2637 1148 2693 et
1205 2631 1669 2694 habitatoribus
1714 2626 2207 2710 Hierosolymae
2224 2632 2261 2664 “

162 2730 308 2790 XII:
354 2735 410 2790 7.
441 2733 503 2792 8.
537 2736 646 2792 10.
683 2733 845 2812 Cap:
881 2731 1071 2793 XIII:
1116 2738 1176 2810 13
1228 2735 1427 2810 agitur
1459 2733 1555 2793 hle
1592 2733 1665 2792 de
1703 2733 1963 2792 adventu
1997 2729 2257 2803 Domini,

163 2840 214 2891 et
245 2837 381 2892 tune
443 2833 519 2892 de
555 2833 904 2897 Salvatione
954 2833 1192 2894 illorum
1237 2834 1342 2910 qui
1394 2851 1427 2894 e
1463 2833 1676 2912 Regno
1733 2830 2029 2910 spirituali
2060 2830 2265 2908 Ipsius

158 2940 314 3008 sunt3
363 2949 480 3010 per
513 2937 768 2994 tentoria
799 2930 1078 2994 Jehudae
1126 2933 1489 3011 intelligitur
1531 2933 1807 3012 Regnum
1842 2931 2107 2994 eoeleste
2124 2975 2141 3006 ,
2201 2939 2263 2990 ot

157 3049 256 3107 per
301 3033 540 3092 domum
586 3034 841 3094 Davidis
895 3041 957 3094 et
1013 3035 1414 3094 habitatorem
1472 3033 1929 3110 Hierosolymae
1987 3032 2262 3109 Regnum

161 3133 488 3211 spirituale3
529 3135 805 3212 Regnum
840 3135 1152 3210 spirituale
1191 3137 1574 3195 constituitur
1612 3135 1687 3194 ab
1724 3134 1842 3194 illis
1876 3137 1937 3194 in
1976 3133 2161 3194 Coelo
2200 3141 2262 3192 et
2380 3169 2391 3179 -

159 3232 212 3290 in
246 3233 431 3294 Terra
487 3237 592 3312 qui
636 3238 700 3298 in
744 3235 965 3294 Divino
1001 3235 1164 3295 Vero
1211 3241 1385 3310 sunt,
1438 3241 1497 3294 et
1540 3235 1815 3312 Regnum
1870 3235 2135 3295 eoeleste
2186 3233 2263 3292 ab

161 3331 268 3392 illis
301 3337 400 3410 qui
432 3336 494 3393 in
527 3335 750 3396 Divino
786 3335 976 3411 Bono,
1011 3336 1288 3397 videatur
1321 3351 1457 3394 mox
1494 3353 1680 3412 supra
1714 3355 1784 3395 nt
1828 3337 1967 3396 204
1985 3355 2003 3411 ;
2070 3352 2142 3394 ex
2170 3333 2263 3392 his

161 3439 418 3493 constare
452 3442 689 3512 potest,
745 3436 890 3513 quid
922 3453 1035 3513 per
1068 3436 1174 3496 illa
1207 3435 1397 3495 verba
1430 3436 1807 3513 intelligitur,
1851 3435 2012 3512 quod
2044 3451 2263 3509 nempe

160 3530 266 3593 duo
298 3533 402 3592 illa
433 3535 648 3612 Regna
683 3554 866 3596 unum
902 3543 1100 3612 agent,
1137 3553 1250 3596 nee
1279 3537 1527 3596 extollet
1564 3555 1633 3596 se
1668 3553 1852 3595 unum
1880 3551 2065 3610 supra
2098 3532 2257 3591 alte-

155 3648 302 3709 rum3
355 3634 430 3694 de
484 3635 640 3696 binis
686 3636 806 3696 illis
840 3635 1064 3713 Regnis
1113 3637 1391 3697 videatur
1444 3639 1501 3696 in
1558 3636 1758 3714 Opere
1810 3635 1883 3694 de
1934 3632 2141 3694 Coeno
2182 3649 2259 3690 m·

154 3729 416 3794 ΙΝηιιΝο
479 3754 546 3795 n:
592 3738 680 3795 20
721 3736 799 3795 ad
838 3739 950 3797 28.
1032 3735 1206 3813 Quod
1240 3755 1351 3814 per
1386 3735 1686 3796 Jehudam
1723 3733 2087 3811 significetur
2120 3731 2253 3794 Do-

153 3834 334 3894 minus
387 3835 588 3911 quoad
631 3836 916 3896 Amorem
951 3835 1320 3907 coelestem,
1374 3842 1435 3896 et
1466 3834 1741 3913 Regnum
1794 3831 2071 3893 coeleste
2124 3831 2257 3890 Do-

155 3935 315 4007 mini,
366 3935 642 3996 videatur
689 3953 876 4016 supra
935 3956 1007 3999 n:
1054 3940 1082 3996 1
1104 3941 1135 3997 1
1155 3939 1225 4013 93
1295 3944 1356 3996 et
1416 3935 1576 4014 quod
1619 3949 1729 4012 per
1775 3931 2253 4008 Hierosolymam

156 4027 414 4109 Regnum
449 4037 764 4112 spirituale
800 4037 1070 4113 Domini,
1107 4040 1171 4097 in
1200 4037 1478 4098 Anamis
1521 4034 1941 4096 Connnsrinus
1976 4052 2046 4094 n:
2088 4035 2253 4093 402.

165 4131 359 4194 3654.
411 4139 633 4214 9166;
669 4137 828 4200 idem
879 4142 1084 4217 itaque
1130 4155 1240 4216 per
1275 4137 1513 4197 domum
1549 4135 1835 4212 Davidi83
1892 4143 2259 4214 quapropter

158 4228 228 4289 ibi
261 4234 500 4309 dieitur,
553 4239 764 4300 domus
801 4239 1054 4299 Davidis
1105 4240 1258 4300 sicut
1307 4237 1477 4298 Deus
1534 4244 1591 4299 et
1646 4239 1802 4297 sieut
1838 4237 2105 4314 Angelus
2144 4237 2257 4296 Jo-
