2700 4792
356 339 464 393 504
619 327 1106 385 APOCALYPSIS
1149 326 1579 384 EXPLch'rA.
1638 327 1682 394 §.
1728 329 1855 389 288.
1900 337 2028 390 289.
2072 339 2206 390 290.

350 491 519 551 Nova
551 487 826 550 Ecclesia
873 489 934 547 in
973 486 1177 550 Coelis
1223 495 1286 549 et
1328 489 1389 547 in
1444 489 1647 556 terris;
1713 505 1826 566 per
1862 486 2091 550 Gentes
2136 489 2223 548 ibi
2283 490 2475 566 signi-

349 592 600 650 ficantur
636 604 844 650 omnes
889 590 990 667 qui
1033 589 1094 648 ln
1143 587 1302 649 bono
1335 595 1507 663 sunt3
1562 595 1625 648 et
1656 604 1768 665 per
1799 604 1977 666 reges
2024 596 2228 650 terrae
2262 606 2471 651 omnes

349 693 454 770 qni
487 693 548 750 in
581 689 742 750 veris
779 705 854 749 ex
887 687 1081 764 bono;
1137 688 1210 751 de
1246 691 1517 766 utrisque
1566 687 1782 748 dicitur
1828 686 1990 766 quod
2024 689 2295 750 adferent
2325 689 2463 768 glo·

343 795 490 853 riam
529 797 590 851 et
621 790 910 850 honorem
942 790 1002 848 in
1037 789 1228 862 illam,
1267 796 1328 850 et
1362 806 1469 867 per
1493 786 1555 849 id
1587 787 1938 867 intelligItur
1964 789 2160 850 cultus
2195 808 2267 849 ex
2303 788 2463 849 bono

349 894 568 954 amoris
603 893 664 949 in
689 889 1042 965 Dominum,
1084 899 1144 950 et
1180 907 1253 951 ex
1289 892 1450 950 veris
1485 889 1626 950 fidei
1662 905 1817 967 quae
1854 906 1929 948 ex
1963 889 2123 950 bono
2156 888 2463 950 charitatis

343 1009 488 1071 erga
519 993 875 1070 proximum.

506 1093 669 1152 289.
727 1089 975 1151 Sedenti
1007 1107 1194 1170 super
1231 1089 1509 1164 Thi-ono,
1558 1100 1621 1150 et
1653 1089 1897 1150 Viventi
1946 1092 2004 1150 in
2040 1089 2291 1150 saecula
2325 1107 2468 1150 sae-

347 1193 643 1265 culorum,
699 1190 862 1268 quod
894 1190 1194 1268 significet
1229 1207 1265 1248 a
1302 1190 1439 1268 Quo
1476 1193 1675 1252 omnia
1710 1190 1879 1251 Coeli
1926 1197 1987 1251 et
2020 1190 2371 1261 Ecclesiae,
2410 1197 2473 1250 et

341 1293 488 1353 Vita
539 1298 815 1365 aeterna,
870 1297 1104 1352 constat
1147 1309 1222 1352 ex
1255 1292 1686 1370 significatione
1724 1291 1978 1364 Throni,
2031 1308 2168 1352 eum
2214 1291 2291 1350 de
2324 1291 2465 1351 Do-

343 1396 536 1468 mino,
593 1392 752 1470 quod
797 1393 860 1450 in
907 1409 1129 1470 genere
1181 1395 1259 1454 sit
1307 1399 1498 1452 totum
1534 1389 1813 1464 coelum,
1868 1395 1927 1452 in
1960 1393 2171 1469 ‘specie
2208 1389 2463 1452 Coelum

343 1491 678 1573 spirituale,
719 1501 781 1550 et
805 1491 1104 1553 abstracte
1131 1493 1414 1554 Divinum
1441 1493 1670 1553 Verum
1706 1491 2059 1569 procedens,
2099 1497 2161 1551 et
2188 1492 2331 1569 quia
2354 1506 2474 1569 per

343 1593 459 1656 hoc
497 1593 668 1653 Coeli
700 1597 997 1669 existunt,
1034 1593 1170 1652 ideo
1205 1611 1315 1671 per
1351 1593 1659 1654 Thronum
1694 1593 1791 1652 hic
1826 1591 2235 1670 significantur
2268 1595 2474 1652 onmia

347 1692 515 1756 Coeli
552 1699 614 1752 et
637 1693 968 1768 Ecclesiae,
1007 1693 1081 1753 de
1111 1711 1231 1770 qua
1265 1709 1452 1772 supra
1484 1712 1553 1752 n:
1598 1695 1733 1753 253
1758 1713 1775 1768 3
1832 1691 1992 1770 qnod
2020 1691 2250 1754 Sedens
2285 1709 2477 1770 super

347 1790 590 1853 Thi-ono
625 1794 705 1852 sit
736 1792 1064 1864 Dominus,
1099 1792 1382 1853 videatur
1417 1796 1593 1854 etiam
1632 1811 1818 1871 supra
1855 1813 1925 1854 n:
1970 1797 2129 1853 267.
2174 1793 2349 1869 2683
2406 1801 2475 1851 et

345 1911 419 1952 ex
447 1891 876 1970 significatione
903 1892 1180 1953 Viventis
1216 1895 1277 1952 in
1304 1893 1553 1955 saecula
1576 1893 1973 1967 saeculorum,
2014 1893 2172 1970 quod
2200 1893 2281 1952 sit
2307 1893 2474 1968 quod

345 1995 469 2053 vita
503 1999 749 2052 aeterna
783 1993 864 2054 sit
897 1993 974 2052 ab
1008 1991 1180 2071 Ipso,
1235 1994 1310 2054 de
1349 2011 1471 2071 qua
1503 2011 1689 2073 supra
1722 2014 1796 2054 n:
1838 1998 1961 2070 843
2002 2009 2110 2071 per
2142 1992 2469 2054 viventem

353 2095 508 2154 enim
543 2092 918 2172 significatur
951 2094 1112 2172 quod
1147 2093 1328 2156 Solus
1365 2096 1533 2172 Vita,
1590 2103 1651 2155 et
1693 2094 1832 2156 inde
1882 2093 2041 2172 quod
2074 2111 2247 2154 omne
2284 2097 2471 2167 vitae,

349 2193 511 2272 quod
558 2194 722 2272 apud
769 2193 1037 2272 Angelos
1090 2201 1152 2256 et
1198 2195 1362 2274 apud
1407 2195 1707 2267 homines,
1760 2197 1837 2255 sit
1886 2194 1962 2254 ab
2008 2193 2188 2272 Ipso,
2242 2203 2304 2254 et
2352 2211 2473 2271 per

348 2294 599 2356 saecula
631 2293 1014 2355 saeculorum
1049 2295 1418 2374 significatur
1452 2304 1792 2357 aeternum:
1848 2294 2009 2373 quod
2042 2293 2290 2356 saecula
2322 2310 2469 2355 sae·-

349 2395 620 2456 culorum
663 2393 998 2474 significent
1046 2403 1383 2473 aeternum,
1440 2404 1537 2456 est
1585 2399 1727 2475 quia
1770 2395 1875 2456 illa
1922 2398 1984 2454 in
2016 2394 2239 2455 Mundo
2275 2396 2471 2474 signi-

341 2495 524 2556 {icant
573 2504 842 2574 tempora
900 2496 1100 2575 quoad
1151 2513 1387 2557 omnem
1438 2514 1644 2557 eorum
1699 2497 2103 2573 durationem,
2162 2498 2225 2555 in
2279 2494 2473 2558 Coelo

344 2603 575 2674 autem,
631 2597 732 2658 ubi
767 2603 1040 2675 tempora
1077 2597 1280 2674 qualia
1327 2599 1389 2657 in
1424 2598 1643 2658 mundo
1678 2614 1798 2658 non
1833 2597 2075 2673 dantur,
2130 2596 2474 2674 significant

349 2703 700 2775 aeternum3
753 2715 970 2758 sensus
1009 2698 1164 2758 enim
1198 2697 1427 2757 literae·
1447 2698 1637 2758 Verbi
1686 2703 1779 2758 est
1828 2715 1903 2758 ex
1939 2697 2159 2758 talibus
2212 2713 2364 2774 quae
2401 2697 2471 2756 in

343 2797 566 2858 Mundo
604 2807 771 2871 sunt,
818 2814 1032 2859 sensus
1073 2805 1270 2858 autem
1307 2799 1636 2876 spiritualis
1675 2800 1808 2878 ejus
1846 2815 1920 2858 ex
1956 2797 2175 2858 talibus
2211 2813 2363 2874 quae
2400 2796 2467 2854 in

343 2897 529 2958 Coelo
563 2904 724 2970 sunt,
761 2908 820 2959 et
853 2897 967 2959 hoc
1003 2898 1079 2957 ob
1107 2915 1348 2958 causam
1386 2906 1454 2958 ut
1476 2900 1763 2959 Divinum
1798 2897 2035 2959 desinat
2068 2900 2130 2958 in
2162 2894 2469 2957 naturalia

343 3014 500 3074 quae
535 2998 739 3058 mundi
771 3009 912 3059 sunt
949 3008 1013 3058 ut
1043 3001 1105 3058 in
1129 3017 1244 3060 sua
1272 3000 1498 3070 ultima,
1532 3016 1606 3060 ac
1636 3001 1700 3060 in
1722 2999 1843 3060 illis
1880 3000 2151 3077 quiescat
2186 3004 2249 3057 et
2274 3015 2465 3078 super

339 3095 458 3156 ilus
493 3096 814 3173 subsistat,
869 3099 1006 3158 inde
1043 3106 1135 3158 est
1171 3101 1331 3178 quod
1364 3099 1611 3161 saecula
1644 3099 2023 3161 saeculorum
2060 3099 2361 3174 dicantur,
2403 3107 2471 3159 et

342 3213 460 3257 non
496 3196 728 3256 dicatur
763 3205 1091 3258 aeternum.
1710 3197 1715 3202 ’

503 3297 665 3358 290.
719 3297 1123 3358 Procidebant
1158 3301 1369 3376 viginti
1404 3308 1464 3360 et
1501 3309 1755 3379 quatuor
1790 3301 2073 3364 Seniores
2109 3319 2311 3362 coram
2350 3299 2471 3360 Se·-

344 3395 523 3460 dente
569 3414 755 3476 super
801 3397 1042 3460 Throno
1061 3445 1077 3473 ,
1105 3391 1116 3404 '
1149 3401 1306 3478 quod
1357 3401 1651 3478 significet
1699 3402 2167 3463 humiliationem
2216 3411 2278 3463 et
2325 3408 2469 3460 tunc

345 3501 704 3580 agnitionem
743 3501 817 3560 ab
852 3499 972 3561 illis
1011 3502 1112 3578 qui
1147 3503 1210 3560 in
1244 3518 1503 3592 vero⁴ex
1536 3502 1693 3562 bono
1730 3509 1903 3580 sunt,
1942 3503 2105 3580 quod
2137 3521 2176 3562 a
2207 3502 2465 3563 Domino

341 3605 541 3662 omnia
577 3600 745 3663 Coeli
783 3615 844 3662 et
876 3598 1218 3674 Ecclesiae,
1271 3610 1508 3661 constat
1558 3619 1629 3662 ex
1665 3602 2097 3681 significatione
2130 3601 2459 3684 procidere,

344 3701 506 3778 quod
539 3703 620 3762 sit
650 3701 984 3764 humiliatIo
1022 3709 1084 3764 et
1121 3709 1258 3763 tunc
1285 3705 1509 3780 agnitio
1538 3703 1717 3764 corde
1727 3725 1745 3780 3
1790 3722 1865 3765 ex
1898 3703 2333 3782 significatione
2365 3702 2465 3762 vi-

345 3802 494 3879 ginti
557 3808 618 3861 et
677 3810 933 3882 quatuor
969 3801 1311 3878 seniorum,
1396 3803 1579 3880 quod·
1602 3805 1722 3864 sint
1770 3805 1873 3882 qui
1920 3806 1981 3864 in
2016 3821 2162 3864 vero
2198 3822 2277 3865 ex
2306 3802 2468 3863 bono

341 3910 510 3976 sunt,
569 3903 642 3964 de
704 3922 826 3982 qua
873 3921 1060 3982 supra
1108 3923 1178 3964 n:
1223 3904 1400 3981 2703
1456 3911 1517 3965 et
1578 3923 1654 3966 ex
1701 3903 2138 3982 significatione
2190 3902 2473 3966 Sedentis

342 4015 528 4073 super
563 4001 835 4080 Thmoo,
894 4003 1055 4082 quod
1097 4006 1177 4065 sit
1206 4004 1500 4066 Dominus
1554 4023 1590 4066 a
1627 4003 1763 4084 Quo
1801 4007 1999 4067 omnia
2034 4003 2204 4067 Coeli
2250 4011 2313 4066 et
2347 4003 2469 4064 Ec-

345 4092 598 4168 clesiae,
657 4097 729 4156 de
766 4119 890 4176 qua
921 4119 1061 4163 mox
1096 4121 1282 4181 supra
1315 4124 1389 4165 n:
1432 4107 1595 4167 289.
1674 4105 1749 4166 In
1780 4107 1895 4169 hoc
1932 4105 2133 4168 Versu
2170 4112 2233 4166 et
2264 4108 2327 4165 in
2363 4122 2467 4164 so·

341 4189 661 4274 fluentibus
712 4193 892 4272 hujus
944 4199 1172 4277 Capitis
1222 4207 1417 4280 agitur
1458 4204 1531 4266 de
1578 4210 1923 4284 receptione
1975 4207 2181 4268 Divini
2214 4205 2363 4266 Veri
2414 4213 2475 4266 et
