<?xml version="1.0" encoding="UTF-8"?>
<!DOCTYPE html PUBLIC "-//W3C//DTD XHTML 1.0 Transitional//EN"
    "http://www.w3.org/TR/xhtml1/DTD/xhtml1-transitional.dtd">
<html xmlns="http://www.w3.org/1999/xhtml" xml:lang="en" lang="en">
 <head>
  <title>
</title>
<meta http-equiv="Content-Type" content="text/html;charset=utf-8" />
  <meta name='ocr-system' content='tesseract 3.04.00' />
  <meta name='ocr-capabilities' content='ocr_page ocr_carea ocr_par ocr_line ocrx_word'/>
</head>
<body>
  <div class='ocr_page' id='page_1' title='image "./apocalypsisexpl01unkngoog_0383.png"; bbox 0 0 2700 4792; ppageno 0'>
   <div class='ocr_carea' id='block_1_1' title="bbox 31 7 2364 452">
    <p class='ocr_par' dir='ltr' id='par_1_1' title="bbox 31 7 2364 452">
     <span class='ocr_line' id='line_1_1' title="bbox 31 7 2364 452; baseline 0.006 -31"><span class='ocrx_word' id='word_1_1' title='bbox 31 7 76 452; x_wconf 66' lang='grc' dir='ltr'>Ι</span> <span class='ocrx_word' id='word_1_2' title='bbox 403 365 638 423; x_wconf 69' lang='lat' dir='ltr'><strong>cAPu‘r</strong></span> <span class='ocrx_word' id='word_1_3' title='bbox 673 365 1018 426; x_wconf 73' lang='grc'><strong>1111111011.</strong></span> <span class='ocrx_word' id='word_1_4' title='bbox 1748 367 1959 424; x_wconf 56' lang='grc'><strong>1111118,</strong></span> <span class='ocrx_word' id='word_1_5' title='bbox 2006 377 2097 430; x_wconf 79' lang='lat'><strong>1⁷.</strong></span> <span class='ocrx_word' id='word_1_6' title='bbox 2256 381 2364 434; x_wconf 78' lang='lat'><strong>379</strong></span> 
     </span>
    </p>
   </div>
   <div class='ocr_carea' id='block_1_2' title="bbox 231 626 2370 2113">
    <p class='ocr_par' dir='ltr' id='par_1_2' title="bbox 231 626 2370 2113">
     <span class='ocr_line' id='line_1_2' title="bbox 235 626 2363 698; baseline 0.001 -10"><span class='ocrx_word' id='word_1_7' title='bbox 235 629 648 688; x_wconf 80' lang='lat' dir='ltr'><strong>scortationes</strong></span> <span class='ocrx_word' id='word_1_8' title='bbox 686 626 1200 690; x_wconf 85' lang='lat' dir='ltr'><strong>falsificationibus</strong></span> <span class='ocrx_word' id='word_1_9' title='bbox 1235 631 1401 698; x_wconf 84' lang='lat' dir='ltr'><strong>veri,</strong></span> <span class='ocrx_word' id='word_1_10' title='bbox 1452 627 1731 688; x_wconf 83' lang='lat' dir='ltr'><strong>videatur</strong></span> <span class='ocrx_word' id='word_1_11' title='bbox 1782 648 1853 688; x_wconf 88' lang='lat' dir='ltr'><strong>n:</strong></span> <span class='ocrx_word' id='word_1_12' title='bbox 1894 633 2106 690; x_wconf 83' lang='lat'><strong>2466.</strong></span> <span class='ocrx_word' id='word_1_13' title='bbox 2152 635 2363 692; x_wconf 79' lang='lat'><strong>2729.</strong></span> 
     </span>
     <span class='ocr_line' id='line_1_3' title="bbox 241 727 2367 808; baseline 0 -18"><span class='ocrx_word' id='word_1_14' title='bbox 241 729 475 790; x_wconf 82' lang='lat'><strong>3399.</strong></span> <span class='ocrx_word' id='word_1_15' title='bbox 518 729 732 788; x_wconf 82' lang='lat'>4865.</span> <span class='ocrx_word' id='word_1_16' title='bbox 779 730 990 788; x_wconf 85' lang='lat'><strong>6348.</strong></span> <span class='ocrx_word' id='word_1_17' title='bbox 1037 731 1246 788; x_wconf 82' lang='lat'>8904.</span> <span class='ocrx_word' id='word_1_18' title='bbox 1292 732 1554 789; x_wconf 82' lang='lat'><strong>10648.</strong></span> <span class='ocrx_word' id='word_1_19' title='bbox 1636 727 1843 790; x_wconf 79' lang='lat' dir='ltr'><strong>Simile</strong></span> <span class='ocrx_word' id='word_1_20' title='bbox 1876 731 2225 808; x_wconf 73' lang='lat' dir='ltr'><strong>intelligitur</strong></span> <span class='ocrx_word' id='word_1_21' title='bbox 2255 749 2367 808; x_wconf 80' lang='lat' dir='ltr'><strong>per</strong></span> 
     </span>
     <span class='ocr_line' id='line_1_4' title="bbox 231 828 2370 907; baseline 0 -17"><span class='ocrx_word' id='word_1_22' title='bbox 231 829 560 890; x_wconf 86' lang='lat' dir='ltr'><strong>Rubcnem</strong></span> <span class='ocrx_word' id='word_1_23' title='bbox 595 829 752 904; x_wconf 86' lang='lat' dir='ltr'><strong>quod</strong></span> <span class='ocrx_word' id='word_1_24' title='bbox 787 828 1062 887; x_wconf 78' lang='lat' dir='ltr'>cubuerit</span> <span class='ocrx_word' id='word_1_25' title='bbox 1093 844 1230 886; x_wconf 88' lang='lat' dir='ltr'><strong>cum</strong></span> <span class='ocrx_word' id='word_1_26' title='bbox 1263 829 1471 902; x_wconf 88' lang='lat' dir='ltr'><strong>Bilha,</strong></span> <span class='ocrx_word' id='word_1_27' title='bbox 1524 847 1600 890; x_wconf 82' lang='lat' dir='ltr'><strong>ex</strong></span> <span class='ocrx_word' id='word_1_28' title='bbox 1636 847 1757 904; x_wconf 86' lang='lat' dir='ltr'><strong>qua</strong></span> <span class='ocrx_word' id='word_1_29' title='bbox 1788 837 1965 907; x_wconf 84' lang='lat' dir='ltr'><strong>pater</strong></span> <span class='ocrx_word' id='word_1_30' title='bbox 1998 831 2127 907; x_wconf 85' lang='lat' dir='ltr'><strong>ejus</strong></span> <span class='ocrx_word' id='word_1_31' title='bbox 2164 835 2370 907; x_wconf 81' lang='lat' dir='ltr'><strong>genuit</strong></span> 
     </span>
     <span class='ocr_line' id='line_1_5' title="bbox 231 927 2368 1007; baseline 0 -17"><span class='ocrx_word' id='word_1_32' title='bbox 231 931 484 990; x_wconf 83' lang='lat' dir='ltr'><strong>Danem</strong></span> <span class='ocrx_word' id='word_1_33' title='bbox 525 935 586 988; x_wconf 94' lang='grc'><strong>01</strong></span> <span class='ocrx_word' id='word_1_34' title='bbox 617 928 980 1006; x_wconf 85' lang='lat' dir='ltr'><strong>Naphtalin,</strong></span> <span class='ocrx_word' id='word_1_35' title='bbox 1037 927 1270 989; x_wconf 87' lang='lat' dir='ltr'><strong>Genes:</strong></span> <span class='ocrx_word' id='word_1_36' title='bbox 1306 929 1575 990; x_wconf 86' lang='lat' dir='ltr'>XXXV:</span> <span class='ocrx_word' id='word_1_37' title='bbox 1620 933 1729 1004; x_wconf 92' lang='lat'><strong>22,</strong></span> <span class='ocrx_word' id='word_1_38' title='bbox 1786 938 2151 1007; x_wconf 87' lang='lat' dir='ltr'><strong>quapropter</strong></span> <span class='ocrx_word' id='word_1_39' title='bbox 2188 933 2368 990; x_wconf 89' lang='lat' dir='ltr'><strong>etiam</strong></span> 
     </span>
     <span class='ocr_line' id='line_1_6' title="bbox 235 1028 2364 1107; baseline 0 -18"><span class='ocrx_word' id='word_1_40' title='bbox 235 1030 566 1089; x_wconf 82' lang='lat' dir='ltr'><strong>damnatus</strong></span> <span class='ocrx_word' id='word_1_41' title='bbox 607 1035 725 1103; x_wconf 88' lang='lat' dir='ltr'><strong>est,</strong></span> <span class='ocrx_word' id='word_1_42' title='bbox 783 1029 1020 1089; x_wconf 82' lang='lat' dir='ltr'><strong>Genes:</strong></span> <span class='ocrx_word' id='word_1_43' title='bbox 1057 1028 1284 1090; x_wconf 90' lang='lat' dir='ltr'>XLIX:</span> <span class='ocrx_word' id='word_1_44' title='bbox 1321 1034 1397 1106; x_wconf 86' lang='lat'><strong>43</strong></span> <span class='ocrx_word' id='word_1_45' title='bbox 1438 1036 1497 1090; x_wconf 89' lang='lat' dir='ltr'><strong>et</strong></span> <span class='ocrx_word' id='word_1_46' title='bbox 1534 1031 1673 1106; x_wconf 88' lang='lat' dir='ltr'><strong>quia</strong></span> <span class='ocrx_word' id='word_1_47' title='bbox 1706 1029 1925 1107; x_wconf 90' lang='lat' dir='ltr'><strong>polluit</strong></span> <span class='ocrx_word' id='word_1_48' title='bbox 1950 1036 2141 1088; x_wconf 85' lang='lat' dir='ltr'><strong>strata</strong></span> <span class='ocrx_word' id='word_1_49' title='bbox 2174 1035 2364 1107; x_wconf 85' lang='lat' dir='ltr'><strong>patris</strong></span> 
     </span>
     <span class='ocr_line' id='line_1_7' title="bbox 235 1128 2358 1214; baseline 0 -25"><span class='ocrx_word' id='word_1_50' title='bbox 235 1133 376 1204; x_wconf 85' lang='lat' dir='ltr'><strong>sui,</strong></span> <span class='ocrx_word' id='word_1_51' title='bbox 413 1128 696 1206; x_wconf 84' lang='lat' dir='ltr'><strong>adempta</strong></span> <span class='ocrx_word' id='word_1_52' title='bbox 723 1138 816 1189; x_wconf 86' lang='lat' dir='ltr'><strong>est</strong></span> <span class='ocrx_word' id='word_1_53' title='bbox 843 1132 914 1214; x_wconf 40' lang='lat' dir='ltr'><strong>ei·</strong></span> <span class='ocrx_word' id='word_1_54' title='bbox 937 1132 1433 1206; x_wconf 74' lang='lat' dir='ltr'><strong>primogenitura,</strong></span> <span class='ocrx_word' id='word_1_55' title='bbox 1474 1137 1535 1189; x_wconf 89' lang='grc'><strong>01</strong></span> <span class='ocrx_word' id='word_1_56' title='bbox 1570 1129 1711 1190; x_wconf 86' lang='lat' dir='ltr'><strong>data</strong></span> <span class='ocrx_word' id='word_1_57' title='bbox 1738 1129 2029 1206; x_wconf 82' lang='lat' dir='ltr'><strong>Joseph0,</strong></span> <span class='ocrx_word' id='word_1_58' title='bbox 2068 1130 2102 1189; x_wconf 93' lang='grc' dir='ltr'>Ι</span> <span class='ocrx_word' id='word_1_59' title='bbox 2126 1129 2358 1190; x_wconf 87' lang='lat' dir='ltr'><strong>Chron:</strong></span> 
     </span>
     <span class='ocr_line' id='line_1_8' title="bbox 235 1229 2365 1307; baseline 0 -17"><span class='ocrx_word' id='word_1_60' title='bbox 235 1231 322 1290; x_wconf 90' lang='lat' dir='ltr'><strong>V:</strong></span> <span class='ocrx_word' id='word_1_61' title='bbox 361 1230 426 1306; x_wconf 79' lang='lat'><strong>15</strong></span> <span class='ocrx_word' id='word_1_62' title='bbox 481 1248 592 1306; x_wconf 88' lang='lat' dir='ltr'><strong>per</strong></span> <span class='ocrx_word' id='word_1_63' title='bbox 623 1230 937 1290; x_wconf 87' lang='lat' dir='ltr'><strong>Rubenem</strong></span> <span class='ocrx_word' id='word_1_64' title='bbox 987 1232 1145 1290; x_wconf 87' lang='lat' dir='ltr'><strong>enim</strong></span> <span class='ocrx_word' id='word_1_65' title='bbox 1187 1231 1250 1290; x_wconf 92' lang='lat' dir='ltr'><strong>in</strong></span> <span class='ocrx_word' id='word_1_66' title='bbox 1283 1230 1491 1291; x_wconf 87' lang='lat' dir='ltr'><strong>Verbo</strong></span> <span class='ocrx_word' id='word_1_67' title='bbox 1536 1229 1885 1307; x_wconf 81' lang='lat' dir='ltr'><strong>intelligitur</strong></span> <span class='ocrx_word' id='word_1_68' title='bbox 1931 1230 2081 1289; x_wconf 85' lang='lat' dir='ltr'><strong>fides</strong></span> <span class='ocrx_word' id='word_1_69' title='bbox 2098 1274 2116 1305; x_wconf 90' lang='lat'><strong>,</strong></span> <span class='ocrx_word' id='word_1_70' title='bbox 2174 1237 2257 1290; x_wconf 90' lang='lat' dir='ltr'><strong>et·</strong></span> <span class='ocrx_word' id='word_1_71' title='bbox 2280 1232 2365 1290; x_wconf 91' lang='lat' dir='ltr'><strong>ibi</strong></span> 
     </span>
     <span class='ocr_line' id='line_1_9' title="bbox 240 1330 2361 1404; baseline 0 -14"><span class='ocrx_word' id='word_1_72' title='bbox 240 1331 380 1390; x_wconf 85' lang='lat' dir='ltr'><strong>sola</strong></span> <span class='ocrx_word' id='word_1_73' title='bbox 431 1330 612 1404; x_wconf 87' lang='lat' dir='ltr'><strong>fides,</strong></span> <span class='ocrx_word' id='word_1_74' title='bbox 675 1347 746 1389; x_wconf 90' lang='lat' dir='ltr'><strong>n:</strong></span> <span class='ocrx_word' id='word_1_75' title='bbox 802 1331 1015 1390; x_wconf 87' lang='lat'><strong>3325.</strong></span> <span class='ocrx_word' id='word_1_76' title='bbox 1073 1333 1283 1391; x_wconf 84' lang='lat'><strong>3861.</strong></span> <span class='ocrx_word' id='word_1_77' title='bbox 1343 1333 1560 1390; x_wconf 87' lang='grc'><strong>3866.</strong></span> <span class='ocrx_word' id='word_1_78' title='bbox 1615 1333 1826 1390; x_wconf 88' lang='grc'><strong>3870.</strong></span> <span class='ocrx_word' id='word_1_79' title='bbox 1880 1333 2093 1391; x_wconf 93' lang='grc'><strong>4601.</strong></span> <span class='ocrx_word' id='word_1_80' title='bbox 2146 1333 2361 1391; x_wconf 85' lang='grc'><strong>4605.</strong></span> 
     </span>
     <span class='ocr_line' id='line_1_10' title="bbox 243 1430 2364 1507; baseline -0.001 -15"><span class='ocrx_word' id='word_1_81' title='bbox 243 1433 467 1492; x_wconf 83' lang='grc'><strong>4731.</strong></span> <span class='ocrx_word' id='word_1_82' title='bbox 503 1433 719 1490; x_wconf 88' lang='grc'><strong>4734.</strong></span> <span class='ocrx_word' id='word_1_83' title='bbox 764 1433 976 1490; x_wconf 89' lang='grc'><strong>4761.</strong></span> <span class='ocrx_word' id='word_1_84' title='bbox 1021 1433 1228 1490; x_wconf 85' lang='grc'><strong>6342.</strong></span> <span class='ocrx_word' id='word_1_85' title='bbox 1272 1434 1483 1492; x_wconf 86' lang='grc'><strong>6350.</strong></span> <span class='ocrx_word' id='word_1_86' title='bbox 1545 1436 1606 1490; x_wconf 89' lang='grc'><strong>01</strong></span> <span class='ocrx_word' id='word_1_87' title='bbox 1640 1449 1751 1507; x_wconf 88' lang='lat' dir='ltr'><strong>per</strong></span> <span class='ocrx_word' id='word_1_88' title='bbox 1774 1430 2107 1507; x_wconf 78' lang='lat' dir='ltr'><strong>Josephum</strong></span> <span class='ocrx_word' id='word_1_89' title='bbox 2143 1431 2364 1490; x_wconf 86' lang='lat' dir='ltr'><strong>bonum</strong></span> 
     </span>
     <span class='ocr_line' id='line_1_11' title="bbox 233 1531 2358 1606; baseline 0 -15"><span class='ocrx_word' id='word_1_90' title='bbox 233 1531 398 1606; x_wconf 84' lang='lat' dir='ltr'><strong>fidei,</strong></span> <span class='ocrx_word' id='word_1_91' title='bbox 435 1542 516 1588; x_wconf 81' lang='lat' dir='ltr'><strong>n:</strong></span> <span class='ocrx_word' id='word_1_92' title='bbox 549 1532 762 1590; x_wconf 89' lang='grc'><strong>3969.</strong></span> <span class='ocrx_word' id='word_1_93' title='bbox 808 1533 1019 1591; x_wconf 85' lang='grc'><strong>3971.</strong></span> <span class='ocrx_word' id='word_1_94' title='bbox 1062 1534 1277 1592; x_wconf 87' lang='grc'><strong>4669.</strong></span> <span class='ocrx_word' id='word_1_95' title='bbox 1323 1535 1535 1592; x_wconf 90' lang='grc'><strong>6417.</strong></span> <span class='ocrx_word' id='word_1_96' title='bbox 1596 1531 1771 1606; x_wconf 86' lang='lat' dir='ltr'><strong>Quod</strong></span> <span class='ocrx_word' id='word_1_97' title='bbox 1806 1534 1869 1588; x_wconf 89' lang='lat' dir='ltr'><strong>in</strong></span> <span class='ocrx_word' id='word_1_98' title='bbox 1902 1531 2019 1590; x_wconf 88' lang='lat' dir='ltr'><strong>fine</strong></span> <span class='ocrx_word' id='word_1_99' title='bbox 2048 1532 2358 1591; x_wconf 78' lang='lat' dir='ltr'><strong>Ecclesiae</strong></span> 
     </span>
     <span class='ocr_line' id='line_1_12' title="bbox 235 1623 2359 1708; baseline 0 -18"><span class='ocrx_word' id='word_1_100' title='bbox 235 1632 393 1690; x_wconf 86' lang='lat' dir='ltr'><strong>talia</strong></span> <span class='ocrx_word' id='word_1_101' title='bbox 429 1633 722 1690; x_wconf 82' lang='lat' dir='ltr'><strong>exstitura</strong></span> <span class='ocrx_word' id='word_1_102' title='bbox 753 1623 902 1705; x_wconf 73' lang='lat' dir='ltr'><strong>sint,</strong></span> <span class='ocrx_word' id='word_1_103' title='bbox 934 1631 1304 1707; x_wconf 87' lang='lat' dir='ltr'><strong>praedicitur</strong></span> <span class='ocrx_word' id='word_1_104' title='bbox 1335 1629 1497 1708; x_wconf 89' lang='lat' dir='ltr'><strong>apud</strong></span> <span class='ocrx_word' id='word_1_105' title='bbox 1530 1631 1879 1702; x_wconf 83' lang='lat' dir='ltr'><strong>Danielem,</strong></span> <span class='ocrx_word' id='word_1_106' title='bbox 1914 1632 2021 1692; x_wconf 92' lang='lat' dir='ltr'><strong>ubi</strong></span> <span class='ocrx_word' id='word_1_107' title='bbox 2054 1635 2249 1708; x_wconf 86' lang='lat' dir='ltr'><strong>agitur</strong></span> <span class='ocrx_word' id='word_1_108' title='bbox 2286 1631 2359 1691; x_wconf 88' lang='lat' dir='ltr'><strong>de</strong></span> 
     </span>
     <span class='ocr_line' id='line_1_13' title="bbox 235 1729 2357 1807; baseline 0 -17"><span class='ocrx_word' id='word_1_109' title='bbox 235 1739 441 1790; x_wconf 86' lang='lat' dir='ltr'><strong>statua</strong></span> <span class='ocrx_word' id='word_1_110' title='bbox 474 1750 514 1789; x_wconf 89' lang='lat' dir='ltr'><strong>a</strong></span> <span class='ocrx_word' id='word_1_111' title='bbox 543 1731 1094 1792; x_wconf 85' lang='lat' dir='ltr'><strong>Nebuchadnezare</strong></span> <span class='ocrx_word' id='word_1_112' title='bbox 1130 1735 1192 1791; x_wconf 89' lang='lat' dir='ltr'><strong>in</strong></span> <span class='ocrx_word' id='word_1_113' title='bbox 1229 1734 1459 1792; x_wconf 88' lang='lat' dir='ltr'><strong>somnio</strong></span> <span class='ocrx_word' id='word_1_114' title='bbox 1494 1734 1657 1805; x_wconf 86' lang='lat' dir='ltr'><strong>visa,</strong></span> <span class='ocrx_word' id='word_1_115' title='bbox 1712 1732 1805 1791; x_wconf 88' lang='lat' dir='ltr'><strong>his</strong></span> <span class='ocrx_word' id='word_1_116' title='bbox 1842 1733 2041 1792; x_wconf 81' lang='lat' dir='ltr'><strong>verbis</strong></span> <span class='ocrx_word' id='word_1_117' title='bbox 2099 1777 2135 1806; x_wconf 91' lang='lat'><em>„</em></span> <span class='ocrx_word' id='word_1_118' title='bbox 2164 1729 2357 1807; x_wconf 76' lang='lat' dir='ltr'><strong>Quod</strong></span> 
     </span>
     <span class='ocr_line' id='line_1_14' title="bbox 236 1813 2362 1912; baseline -0.001 -19"><span class='ocrx_word' id='word_1_119' title='bbox 236 1831 475 1893; x_wconf 70' lang='lat' dir='ltr'><strong>vidisti</strong></span> <span class='ocrx_word' id='word_1_120' title='bbox 499 1831 758 1912; x_wconf 69' lang='lat' dir='ltr'><strong>fem-um</strong></span> <span class='ocrx_word' id='word_1_121' title='bbox 783 1831 1062 1892; x_wconf 73' lang='lat' dir='ltr'><strong>mixtum</strong></span> <span class='ocrx_word' id='word_1_122' title='bbox 1105 1851 1246 1893; x_wconf 82' lang='lat' dir='ltr'><strong>cum</strong></span> <span class='ocrx_word' id='word_1_123' title='bbox 1285 1813 1535 1911; x_wconf 69' lang='lat' dir='ltr'><strong>wryilla</strong></span> <span class='ocrx_word' id='word_1_124' title='bbox 1574 1829 1702 1892; x_wconf 77' lang='lat' dir='ltr'><strong>luti</strong></span> <span class='ocrx_word' id='word_1_125' title='bbox 1716 1877 1731 1906; x_wconf 91' lang='lat'><strong>,</strong></span> <span class='ocrx_word' id='word_1_126' title='bbox 1779 1832 2257 1893; x_wconf 67' lang='lat' dir='ltr'><strong>commiscebant</strong></span> <span class='ocrx_word' id='word_1_127' title='bbox 2294 1851 2362 1892; x_wconf 75' lang='lat' dir='ltr'><strong>ae</strong></span> 
     </span>
     <span class='ocr_line' id='line_1_15' title="bbox 233 1930 2360 2011; baseline -0.001 -17"><span class='ocrx_word' id='word_1_128' title='bbox 233 1953 348 2011; x_wconf 78' lang='lat' dir='ltr'><strong>per</strong></span> <span class='ocrx_word' id='word_1_129' title='bbox 381 1951 594 1992; x_wconf 66' lang='lat' dir='ltr'><strong>semen</strong></span> <span class='ocrx_word' id='word_1_130' title='bbox 636 1931 943 2003; x_wconf 72' lang='lat' dir='ltr'><strong>hominis,</strong></span> <span class='ocrx_word' id='word_1_131' title='bbox 997 1931 1110 1992; x_wconf 77' lang='lat' dir='ltr'><strong>sed</strong></span> <span class='ocrx_word' id='word_1_132' title='bbox 1143 1951 1268 1993; x_wconf 79' lang='lat' dir='ltr'><strong>non</strong></span> <span class='ocrx_word' id='word_1_133' title='bbox 1293 1932 1699 1993; x_wconf 75' lang='lat' dir='ltr'><strong>cohaerebunt</strong></span> <span class='ocrx_word' id='word_1_134' title='bbox 1736 1952 1937 1994; x_wconf 80' lang='lat' dir='ltr'><strong>unum</strong></span> <span class='ocrx_word' id='word_1_135' title='bbox 1974 1952 2115 1994; x_wconf 82' lang='lat' dir='ltr'><strong>cum</strong></span> <span class='ocrx_word' id='word_1_136' title='bbox 2142 1930 2360 2008; x_wconf 74' lang='lat' dir='ltr'><strong>altero,</strong></span> 
     </span>
     <span class='ocr_line' id='line_1_16' title="bbox 233 2031 2359 2113; baseline -0.001 -19"><span class='ocrx_word' id='word_1_137' title='bbox 233 2031 770 2112; x_wconf 72' lang='lat' dir='ltr'><strong>quemadmodum</strong></span> <span class='ocrx_word' id='word_1_138' title='bbox 783 2033 1038 2113; x_wconf 72' lang='lat' dir='ltr'><strong>sermm</strong></span> <span class='ocrx_word' id='word_1_139' title='bbox 1060 2052 1182 2094; x_wconf 79' lang='lat' dir='ltr'><strong>non</strong></span> <span class='ocrx_word' id='word_1_140' title='bbox 1211 2033 1647 2112; x_wconf 72' lang='lat' dir='ltr'><strong>commiscetur</strong></span> <span class='ocrx_word' id='word_1_141' title='bbox 1662 2051 1804 2094; x_wconf 81' lang='lat' dir='ltr'><strong>cum</strong></span> <span class='ocrx_word' id='word_1_142' title='bbox 1820 2031 2113 2113; x_wconf 72' lang='lat' dir='ltr'><strong>aryilla“</strong></span> <span class='ocrx_word' id='word_1_143' title='bbox 2142 2033 2223 2092; x_wconf 89' lang='lat' dir='ltr'><strong>H:</strong></span> <span class='ocrx_word' id='word_1_144' title='bbox 2244 2037 2285 2092; x_wconf 90' lang='lat'>4</span> <span class='ocrx_word' id='word_1_145' title='bbox 2298 2035 2359 2107; x_wconf 83' lang='lat'><strong>33</strong></span> 
     </span>
    </p>
   </div>
   <div class='ocr_carea' id='block_1_3' title="bbox 30 477 2369 814">
    <p class='ocr_par' dir='ltr' id='par_1_3' title="bbox 30 477 2369 814">
     <span class='ocr_line' id='line_1_17' title="bbox 30 477 2369 814; baseline -0 -224"><span class='ocrx_word' id='word_1_146' title='bbox 30 477 73 814; x_wconf 39' lang='lat' dir='ltr'><strong>p</strong></span> <span class='ocrx_word' id='word_1_147' title='bbox 235 534 300 590; x_wconf 90' lang='lat' dir='ltr'><strong>et</strong></span> <span class='ocrx_word' id='word_1_148' title='bbox 335 526 564 601; x_wconf 87' lang='lat' dir='ltr'><strong>Verbi,</strong></span> <span class='ocrx_word' id='word_1_149' title='bbox 621 533 684 586; x_wconf 87' lang='lat' dir='ltr'><strong>et</strong></span> <span class='ocrx_word' id='word_1_150' title='bbox 717 525 1014 586; x_wconf 84' lang='lat' dir='ltr'><strong>adulteria</strong></span> <span class='ocrx_word' id='word_1_151' title='bbox 1051 527 1523 604; x_wconf 78' lang='lat' dir='ltr'><strong>correspondent</strong></span> <span class='ocrx_word' id='word_1_152' title='bbox 1556 527 2087 590; x_wconf 69' lang='lat' dir='ltr'><strong>adulterationibus</strong></span> <span class='ocrx_word' id='word_1_153' title='bbox 2130 529 2271 590; x_wconf 89' lang='lat' dir='ltr'><strong>boni</strong></span> <span class='ocrx_word' id='word_1_154' title='bbox 2306 538 2369 590; x_wconf 84' lang='lat' dir='ltr'><strong>et</strong></span> 
     </span>
    </p>
   </div>
   <div class='ocr_carea' id='block_1_4' title="bbox 233 2132 2472 2215">
    <p class='ocr_par' dir='ltr' id='par_1_4' title="bbox 233 2132 2472 2215">
     <span class='ocr_line' id='line_1_18' title="bbox 233 2132 2472 2215; baseline -0.002 -21"><span class='ocrx_word' id='word_1_155' title='bbox 233 2151 348 2211; x_wconf 83' lang='lat' dir='ltr'><strong>per</strong></span> <span class='ocrx_word' id='word_1_156' title='bbox 381 2135 610 2194; x_wconf 80' lang='lat' dir='ltr'><strong>ferrum</strong></span> <span class='ocrx_word' id='word_1_157' title='bbox 661 2133 1008 2209; x_wconf 85' lang='lat' dir='ltr'><strong>intelligitur</strong></span> <span class='ocrx_word' id='word_1_158' title='bbox 1039 2151 1252 2194; x_wconf 83' lang='lat' dir='ltr'><strong>verum</strong></span> <span class='ocrx_word' id='word_1_159' title='bbox 1287 2134 1517 2212; x_wconf 82' lang='lat' dir='ltr'><strong>absque</strong></span> <span class='ocrx_word' id='word_1_160' title='bbox 1553 2132 1747 2209; x_wconf 81' lang='lat' dir='ltr'><strong>bou03</strong></span> <span class='ocrx_word' id='word_1_161' title='bbox 1801 2151 1911 2208; x_wconf 88' lang='lat' dir='ltr'><strong>per</strong></span> <span class='ocrx_word' id='word_1_162' title='bbox 1944 2135 2213 2211; x_wconf 84' lang='lat' dir='ltr'><strong>argillam</strong></span> <span class='ocrx_word' id='word_1_163' title='bbox 2252 2133 2365 2192; x_wconf 88' lang='lat' dir='ltr'><strong>luti</strong></span> <span class='ocrx_word' id='word_1_164' title='bbox 2458 2201 2472 2215; x_wconf 50' lang='lat'><strong>·</strong></span> 
     </span>
    </p>
   </div>
   <div class='ocr_carea' id='block_1_5' title="bbox 221 2234 2363 4319">
    <p class='ocr_par' dir='ltr' id='par_1_5' title="bbox 231 2234 2359 2610">
     <span class='ocr_line' id='line_1_19' title="bbox 231 2234 2359 2310; baseline -0.001 -17"><span class='ocrx_word' id='word_1_165' title='bbox 231 2234 456 2293; x_wconf 74' lang='lat' dir='ltr'><strong>falsum</strong></span> <span class='ocrx_word' id='word_1_166' title='bbox 521 2234 682 2310; x_wconf 87' lang='lat' dir='ltr'><strong>quod</strong></span> <span class='ocrx_word' id='word_1_167' title='bbox 741 2251 818 2293; x_wconf 83' lang='lat' dir='ltr'><strong>ex</strong></span> <span class='ocrx_word' id='word_1_168' title='bbox 876 2237 1122 2310; x_wconf 89' lang='lat' dir='ltr'><strong>propria</strong></span> <span class='ocrx_word' id='word_1_169' title='bbox 1171 2235 1565 2310; x_wconf 83' lang='lat' dir='ltr'><strong>intelligentia</strong></span> <span class='ocrx_word' id='word_1_170' title='bbox 1574 2251 1591 2307; x_wconf 82' lang='lat'><em>3</em></span> <span class='ocrx_word' id='word_1_171' title='bbox 1655 2251 1767 2308; x_wconf 88' lang='lat' dir='ltr'><strong>per</strong></span> <span class='ocrx_word' id='word_1_172' title='bbox 1826 2250 2033 2292; x_wconf 85' lang='lat' dir='ltr'><strong>semen</strong></span> <span class='ocrx_word' id='word_1_173' title='bbox 2102 2235 2359 2294; x_wconf 83' lang='lat' dir='ltr'><strong>hominis</strong></span> 
     </span>
     <span class='ocr_line' id='line_1_20' title="bbox 232 2333 2358 2410; baseline -0.001 -18"><span class='ocrx_word' id='word_1_174' title='bbox 232 2333 512 2394; x_wconf 87' lang='lat' dir='ltr'><strong>Verbum</strong></span> <span class='ocrx_word' id='word_1_175' title='bbox 558 2333 828 2409; x_wconf 87' lang='lat' dir='ltr'><strong>Domini,</strong></span> <span class='ocrx_word' id='word_1_176' title='bbox 883 2335 1106 2394; x_wconf 89' lang='lat' dir='ltr'><strong>Matth:</strong></span> <span class='ocrx_word' id='word_1_177' title='bbox 1158 2335 1341 2395; x_wconf 91' lang='lat' dir='ltr'>XIII:</span> <span class='ocrx_word' id='word_1_178' title='bbox 1398 2337 1507 2392; x_wconf 87' lang='lat'><strong>24.</strong></span> <span class='ocrx_word' id='word_1_179' title='bbox 1554 2333 1637 2391; x_wconf 84' lang='grc'><strong>37</strong></span> <span class='ocrx_word' id='word_1_180' title='bbox 1648 2353 1665 2408; x_wconf 81' lang='grc'><strong>;</strong></span> <span class='ocrx_word' id='word_1_181' title='bbox 1732 2349 1982 2408; x_wconf 89' lang='lat' dir='ltr'><strong>quorum</strong></span> <span class='ocrx_word' id='word_1_182' title='bbox 2030 2333 2191 2410; x_wconf 88' lang='lat' dir='ltr'><strong>quod</strong></span> <span class='ocrx_word' id='word_1_183' title='bbox 2238 2351 2358 2392; x_wconf 87' lang='lat' dir='ltr'><strong>non</strong></span> 
     </span>
     <span class='ocr_line' id='line_1_21' title="bbox 232 2431 2355 2512; baseline -0.001 -19"><span class='ocrx_word' id='word_1_184' title='bbox 232 2433 624 2493; x_wconf 84' lang='lat' dir='ltr'><strong>cohaerentia</strong></span> <span class='ocrx_word' id='word_1_185' title='bbox 683 2437 788 2510; x_wconf 90' lang='lat' dir='ltr'><strong>sit,</strong></span> <span class='ocrx_word' id='word_1_186' title='bbox 861 2436 1212 2512; x_wconf 85' lang='lat' dir='ltr'><strong>intelligitur</strong></span> <span class='ocrx_word' id='word_1_187' title='bbox 1267 2454 1380 2512; x_wconf 86' lang='lat' dir='ltr'><strong>per</strong></span> <span class='ocrx_word' id='word_1_188' title='bbox 1424 2451 1543 2492; x_wconf 88' lang='lat' dir='ltr'><strong>non</strong></span> <span class='ocrx_word' id='word_1_189' title='bbox 1594 2431 2003 2492; x_wconf 86' lang='lat' dir='ltr'><strong>cohaerebunt</strong></span> <span class='ocrx_word' id='word_1_190' title='bbox 2064 2433 2355 2509; x_wconf 82' lang='lat' dir='ltr'><strong>quemad-</strong></span> 
     </span>
     <span class='ocr_line' id='line_1_22' title="bbox 235 2533 1781 2610; baseline 0 -20"><span class='ocrx_word' id='word_1_191' title='bbox 235 2533 490 2591; x_wconf 76' lang='lat' dir='ltr'><strong>modum</strong></span> <span class='ocrx_word' id='word_1_192' title='bbox 519 2535 738 2594; x_wconf 85' lang='lat' dir='ltr'><strong>ferrum</strong></span> <span class='ocrx_word' id='word_1_193' title='bbox 775 2553 893 2596; x_wconf 88' lang='lat' dir='ltr'><strong>non</strong></span> <span class='ocrx_word' id='word_1_194' title='bbox 927 2539 1345 2596; x_wconf 83' lang='lat' dir='ltr'><strong>commiscetur</strong></span> <span class='ocrx_word' id='word_1_195' title='bbox 1380 2553 1515 2596; x_wconf 89' lang='lat' dir='ltr'><strong>cum</strong></span> <span class='ocrx_word' id='word_1_196' title='bbox 1552 2533 1781 2610; x_wconf 87' lang='lat' dir='ltr'><strong>argilla.</strong></span> 
     </span>
    </p>

    <p class='ocr_par' dir='ltr' id='par_1_6' title="bbox 221 2631 2363 4319">
     <span class='ocr_line' id='line_1_23' title="bbox 412 2631 2359 2714; baseline 0.001 -23"><span class='ocrx_word' id='word_1_197' title='bbox 412 2633 564 2692; x_wconf 89' lang='lat'><strong>238.</strong></span> <span class='ocrx_word' id='word_1_198' title='bbox 616 2637 694 2694; x_wconf 85' lang='lat' dir='ltr'><strong>Et</strong></span> <span class='ocrx_word' id='word_1_199' title='bbox 727 2636 1084 2696; x_wconf 86' lang='lat' dir='ltr'><strong>miserabilis</strong></span> <span class='ocrx_word' id='word_1_200' title='bbox 1123 2643 1184 2696; x_wconf 93' lang='lat' dir='ltr'><strong>et</strong></span> <span class='ocrx_word' id='word_1_201' title='bbox 1217 2653 1482 2714; x_wconf 88' lang='lat' dir='ltr'><strong>pauper,</strong></span> <span class='ocrx_word' id='word_1_202' title='bbox 1522 2633 1678 2711; x_wconf 89' lang='lat' dir='ltr'><strong>quod</strong></span> <span class='ocrx_word' id='word_1_203' title='bbox 1716 2631 2015 2710; x_wconf 86' lang='lat' dir='ltr'><strong>significet</strong></span> <span class='ocrx_word' id='word_1_204' title='bbox 2053 2633 2215 2708; x_wconf 89' lang='lat' dir='ltr'><strong>quod</strong></span> <span class='ocrx_word' id='word_1_205' title='bbox 2247 2649 2359 2692; x_wconf 87' lang='lat' dir='ltr'><strong>nec</strong></span> 
     </span>
     <span class='ocr_line' id='line_1_24' title="bbox 229 2733 2362 2813; baseline -0.001 -20"><span class='ocrx_word' id='word_1_206' title='bbox 229 2736 436 2793; x_wconf 87' lang='lat' dir='ltr'><strong>sciant</strong></span> <span class='ocrx_word' id='word_1_207' title='bbox 471 2736 630 2810; x_wconf 87' lang='lat' dir='ltr'><strong>quod</strong></span> <span class='ocrx_word' id='word_1_208' title='bbox 661 2736 780 2796; x_wconf 86' lang='lat' dir='ltr'><strong>illis</strong></span> <span class='ocrx_word' id='word_1_209' title='bbox 815 2753 934 2795; x_wconf 89' lang='lat' dir='ltr'><strong>non</strong></span> <span class='ocrx_word' id='word_1_210' title='bbox 987 2740 1108 2795; x_wconf 88' lang='lat' dir='ltr'><strong>sint</strong></span> <span class='ocrx_word' id='word_1_211' title='bbox 1156 2739 1523 2813; x_wconf 84' lang='lat' dir='ltr'><strong>cognitiones</strong></span> <span class='ocrx_word' id='word_1_212' title='bbox 1572 2736 1733 2809; x_wconf 83' lang='lat' dir='ltr'><strong>veri,</strong></span> <span class='ocrx_word' id='word_1_213' title='bbox 1806 2749 1917 2792; x_wconf 86' lang='lat' dir='ltr'><strong>nec</strong></span> <span class='ocrx_word' id='word_1_214' title='bbox 1991 2733 2362 2808; x_wconf 84' lang='lat' dir='ltr'><strong>cognitiones</strong></span> 
     </span>
     <span class='ocr_line' id='line_1_25' title="bbox 226 2833 2355 2913; baseline -0.001 -20"><span class='ocrx_word' id='word_1_215' title='bbox 226 2835 404 2909; x_wconf 89' lang='lat' dir='ltr'><strong>boni,</strong></span> <span class='ocrx_word' id='word_1_216' title='bbox 477 2843 711 2894; x_wconf 86' lang='lat' dir='ltr'><strong>constat</strong></span> <span class='ocrx_word' id='word_1_217' title='bbox 759 2854 834 2894; x_wconf 79' lang='lat' dir='ltr'><strong>ex</strong></span> <span class='ocrx_word' id='word_1_218' title='bbox 873 2838 1301 2913; x_wconf 86' lang='lat' dir='ltr'><strong>significatione</strong></span> <span class='ocrx_word' id='word_1_219' title='bbox 1349 2835 1556 2894; x_wconf 88' lang='lat' dir='ltr'><strong>miseri</strong></span> <span class='ocrx_word' id='word_1_220' title='bbox 1603 2852 1713 2894; x_wconf 86' lang='grc'><strong>8011</strong></span> <span class='ocrx_word' id='word_1_221' title='bbox 1751 2833 2138 2902; x_wconf 87' lang='lat' dir='ltr'><strong>miserabilis,</strong></span> <span class='ocrx_word' id='word_1_222' title='bbox 2192 2833 2355 2908; x_wconf 88' lang='lat' dir='ltr'><strong>quod</strong></span> 
     </span>
     <span class='ocr_line' id='line_1_26' title="bbox 231 2933 2360 3012; baseline -0 -19"><span class='ocrx_word' id='word_1_223' title='bbox 231 2937 316 2994; x_wconf 82' lang='lat' dir='ltr'><strong>sit</strong></span> <span class='ocrx_word' id='word_1_224' title='bbox 369 2938 476 3011; x_wconf 90' lang='lat' dir='ltr'><strong>qui</strong></span> <span class='ocrx_word' id='word_1_225' title='bbox 521 2938 584 2994; x_wconf 91' lang='lat' dir='ltr'><strong>in</strong></span> <span class='ocrx_word' id='word_1_226' title='bbox 631 2935 812 2996; x_wconf 87' lang='lat' dir='ltr'><strong>nullis</strong></span> <span class='ocrx_word' id='word_1_227' title='bbox 859 2937 1290 3012; x_wconf 81' lang='lat' dir='ltr'><strong>cognitionibus</strong></span> <span class='ocrx_word' id='word_1_228' title='bbox 1337 2937 1470 2995; x_wconf 83' lang='lat' dir='ltr'><strong>veri</strong></span> <span class='ocrx_word' id='word_1_229' title='bbox 1506 2942 1627 3010; x_wconf 85' lang='lat' dir='ltr'><strong>est3</strong></span> <span class='ocrx_word' id='word_1_230' title='bbox 1694 2941 1755 2994; x_wconf 88' lang='lat' dir='ltr'><strong>et</strong></span> <span class='ocrx_word' id='word_1_231' title='bbox 1802 2952 1877 2992; x_wconf 81' lang='lat' dir='ltr'><strong>ex</strong></span> <span class='ocrx_word' id='word_1_232' title='bbox 1924 2933 2360 3011; x_wconf 80' lang='lat' dir='ltr'><strong>significatione</strong></span> 
     </span>
     <span class='ocr_line' id='line_1_27' title="bbox 225 3033 2358 3112; baseline -0 -19"><span class='ocrx_word' id='word_1_233' title='bbox 225 3037 522 3112; x_wconf 84' lang='lat' dir='ltr'><strong>pauperis</strong></span> <span class='ocrx_word' id='word_1_234' title='bbox 541 3080 559 3105; x_wconf 93' lang='lat'><strong>,</strong></span> <span class='ocrx_word' id='word_1_235' title='bbox 613 3037 772 3112; x_wconf 85' lang='lat' dir='ltr'><strong>quod</strong></span> <span class='ocrx_word' id='word_1_236' title='bbox 805 3040 886 3096; x_wconf 87' lang='lat' dir='ltr'><strong>sit</strong></span> <span class='ocrx_word' id='word_1_237' title='bbox 919 3040 1024 3112; x_wconf 87' lang='lat' dir='ltr'><strong>qui</strong></span> <span class='ocrx_word' id='word_1_238' title='bbox 1056 3039 1115 3094; x_wconf 91' lang='lat' dir='ltr'><strong>in</strong></span> <span class='ocrx_word' id='word_1_239' title='bbox 1151 3037 1328 3096; x_wconf 84' lang='lat' dir='ltr'><strong>nullis</strong></span> <span class='ocrx_word' id='word_1_240' title='bbox 1366 3035 1803 3111; x_wconf 87' lang='lat' dir='ltr'><strong>cognitionibus</strong></span> <span class='ocrx_word' id='word_1_241' title='bbox 1836 3035 1979 3096; x_wconf 88' lang='lat' dir='ltr'><strong>boni</strong></span> <span class='ocrx_word' id='word_1_242' title='bbox 2016 3042 2137 3095; x_wconf 91' lang='lat' dir='ltr'><strong>est:</strong></span> <span class='ocrx_word' id='word_1_243' title='bbox 2199 3033 2358 3111; x_wconf 88' lang='lat' dir='ltr'><strong>quod</strong></span> 
     </span>
     <span class='ocr_line' id='line_1_28' title="bbox 225 3135 2363 3213; baseline -0.001 -19"><span class='ocrx_word' id='word_1_244' title='bbox 225 3138 417 3194; x_wconf 83' lang='lat' dir='ltr'><strong>miser</strong></span> <span class='ocrx_word' id='word_1_245' title='bbox 453 3141 514 3194; x_wconf 92' lang='lat' dir='ltr'><strong>et</strong></span> <span class='ocrx_word' id='word_1_246' title='bbox 547 3153 784 3213; x_wconf 83' lang='lat' dir='ltr'><strong>pauper</strong></span> <span class='ocrx_word' id='word_1_247' title='bbox 815 3137 922 3196; x_wconf 89' lang='lat' dir='ltr'><strong>illa</strong></span> <span class='ocrx_word' id='word_1_248' title='bbox 956 3137 1320 3213; x_wconf 85' lang='lat' dir='ltr'><strong>significent,</strong></span> <span class='ocrx_word' id='word_1_249' title='bbox 1381 3141 1615 3195; x_wconf 86' lang='lat' dir='ltr'><strong>constat</strong></span> <span class='ocrx_word' id='word_1_250' title='bbox 1663 3151 1737 3194; x_wconf 80' lang='lat' dir='ltr'><strong>ex</strong></span> <span class='ocrx_word' id='word_1_251' title='bbox 1772 3135 2046 3210; x_wconf 89' lang='lat' dir='ltr'><strong>pluribus</strong></span> <span class='ocrx_word' id='word_1_252' title='bbox 2103 3137 2250 3196; x_wconf 86' lang='lat' dir='ltr'><strong>locis</strong></span> <span class='ocrx_word' id='word_1_253' title='bbox 2302 3137 2363 3192; x_wconf 89' lang='lat' dir='ltr'><strong>in</strong></span> 
     </span>
     <span class='ocr_line' id='line_1_29' title="bbox 229 3234 2356 3314; baseline -0 -19"><span class='ocrx_word' id='word_1_254' title='bbox 229 3234 468 3310; x_wconf 84' lang='lat' dir='ltr'><strong>Verb03</strong></span> <span class='ocrx_word' id='word_1_255' title='bbox 525 3243 590 3296; x_wconf 85' lang='lat' dir='ltr'><strong>et</strong></span> <span class='ocrx_word' id='word_1_256' title='bbox 620 3244 940 3313; x_wconf 85' lang='lat' dir='ltr'><strong>praeterea</strong></span> <span class='ocrx_word' id='word_1_257' title='bbox 977 3255 1052 3296; x_wconf 82' lang='lat' dir='ltr'><strong>ex</strong></span> <span class='ocrx_word' id='word_1_258' title='bbox 1089 3256 1180 3312; x_wconf 93' lang='grc'><strong>00,</strong></span> <span class='ocrx_word' id='word_1_259' title='bbox 1237 3237 1397 3314; x_wconf 88' lang='lat' dir='ltr'><strong>quod</strong></span> <span class='ocrx_word' id='word_1_260' title='bbox 1432 3237 1674 3296; x_wconf 87' lang='lat' dir='ltr'><strong>miseria</strong></span> <span class='ocrx_word' id='word_1_261' title='bbox 1710 3243 1769 3295; x_wconf 88' lang='lat' dir='ltr'><strong>et</strong></span> <span class='ocrx_word' id='word_1_262' title='bbox 1796 3245 2132 3314; x_wconf 83' lang='lat' dir='ltr'><strong>paupertas</strong></span> <span class='ocrx_word' id='word_1_263' title='bbox 2172 3237 2356 3312; x_wconf 82' lang='lat' dir='ltr'><strong>spiri-</strong></span> 
     </span>
     <span class='ocr_line' id='line_1_30' title="bbox 227 3335 2355 3413; baseline -0 -20"><span class='ocrx_word' id='word_1_264' title='bbox 227 3335 416 3394; x_wconf 82' lang='lat' dir='ltr'><strong>tualis</strong></span> <span class='ocrx_word' id='word_1_265' title='bbox 451 3354 573 3396; x_wconf 87' lang='lat' dir='ltr'><strong>non</strong></span> <span class='ocrx_word' id='word_1_266' title='bbox 607 3337 772 3394; x_wconf 86' lang='lat' dir='ltr'><strong>aliud</strong></span> <span class='ocrx_word' id='word_1_267' title='bbox 819 3340 898 3396; x_wconf 89' lang='lat' dir='ltr'><strong>sit</strong></span> <span class='ocrx_word' id='word_1_268' title='bbox 933 3355 1110 3413; x_wconf 87' lang='lat' dir='ltr'><strong>quam</strong></span> <span class='ocrx_word' id='word_1_269' title='bbox 1159 3337 1428 3397; x_wconf 83' lang='lat' dir='ltr'><strong>defectus</strong></span> <span class='ocrx_word' id='word_1_270' title='bbox 1466 3339 1867 3413; x_wconf 84' lang='lat' dir='ltr'><strong>cognitionum</strong></span> <span class='ocrx_word' id='word_1_271' title='bbox 1922 3339 2051 3398; x_wconf 86' lang='lat' dir='ltr'><strong>veri</strong></span> <span class='ocrx_word' id='word_1_272' title='bbox 2102 3345 2166 3396; x_wconf 87' lang='lat' dir='ltr'><strong>et</strong></span> <span class='ocrx_word' id='word_1_273' title='bbox 2196 3337 2355 3408; x_wconf 89' lang='lat' dir='ltr'><strong>boni,</strong></span> 
     </span>
     <span class='ocr_line' id='line_1_31' title="bbox 229 3438 2359 3514; baseline -0 -21"><span class='ocrx_word' id='word_1_274' title='bbox 229 3453 374 3494; x_wconf 86' lang='lat' dir='ltr'><strong>nam</strong></span> <span class='ocrx_word' id='word_1_275' title='bbox 409 3442 554 3496; x_wconf 87' lang='lat' dir='ltr'><strong>tunc</strong></span> <span class='ocrx_word' id='word_1_276' title='bbox 590 3439 835 3513; x_wconf 86' lang='lat' dir='ltr'><strong>spiritus</strong></span> <span class='ocrx_word' id='word_1_277' title='bbox 871 3440 1055 3496; x_wconf 87' lang='lat' dir='ltr'><strong>miser</strong></span> <span class='ocrx_word' id='word_1_278' title='bbox 1093 3444 1152 3497; x_wconf 87' lang='lat' dir='ltr'><strong>et</strong></span> <span class='ocrx_word' id='word_1_279' title='bbox 1175 3454 1409 3514; x_wconf 86' lang='lat' dir='ltr'><strong>pauper</strong></span> <span class='ocrx_word' id='word_1_280' title='bbox 1444 3445 1564 3513; x_wconf 87' lang='lat' dir='ltr'><strong>est3</strong></span> <span class='ocrx_word' id='word_1_281' title='bbox 1602 3445 1665 3496; x_wconf 87' lang='lat' dir='ltr'><strong>at</strong></span> <span class='ocrx_word' id='word_1_282' title='bbox 1688 3453 1830 3496; x_wconf 82' lang='lat' dir='ltr'><strong>vero</strong></span> <span class='ocrx_word' id='word_1_283' title='bbox 1868 3455 2003 3496; x_wconf 92' lang='lat' dir='ltr'><strong>cum</strong></span> <span class='ocrx_word' id='word_1_284' title='bbox 2035 3438 2173 3495; x_wconf 89' lang='lat' dir='ltr'><strong>illas</strong></span> <span class='ocrx_word' id='word_1_285' title='bbox 2208 3452 2359 3511; x_wconf 84' lang='lat' dir='ltr'><strong>pos-</strong></span> 
     </span>
     <span class='ocr_line' id='line_1_32' title="bbox 229 3535 2361 3614; baseline -0.001 -21"><span class='ocrx_word' id='word_1_286' title='bbox 229 3535 419 3610; x_wconf 87' lang='lat' dir='ltr'><strong>sidet,</strong></span> <span class='ocrx_word' id='word_1_287' title='bbox 477 3543 572 3599; x_wconf 85' lang='lat' dir='ltr'><strong>est</strong></span> <span class='ocrx_word' id='word_1_288' title='bbox 621 3537 792 3596; x_wconf 84' lang='lat' dir='ltr'><strong>dives</strong></span> <span class='ocrx_word' id='word_1_289' title='bbox 843 3544 902 3596; x_wconf 89' lang='lat' dir='ltr'><strong>et</strong></span> <span class='ocrx_word' id='word_1_290' title='bbox 953 3538 1305 3614; x_wconf 88' lang='lat' dir='ltr'><strong>opulentus,</strong></span> <span class='ocrx_word' id='word_1_291' title='bbox 1374 3556 1559 3613; x_wconf 86' lang='lat' dir='ltr'><strong>quare</strong></span> <span class='ocrx_word' id='word_1_292' title='bbox 1612 3539 1789 3597; x_wconf 85' lang='lat' dir='ltr'><strong>etiam</strong></span> <span class='ocrx_word' id='word_1_293' title='bbox 1842 3555 1953 3612; x_wconf 89' lang='lat' dir='ltr'><strong>per</strong></span> <span class='ocrx_word' id='word_1_294' title='bbox 1998 3536 2233 3593; x_wconf 83' lang='lat' dir='ltr'><strong>divitias</strong></span> <span class='ocrx_word' id='word_1_295' title='bbox 2301 3541 2361 3592; x_wconf 90' lang='grc'><strong>01</strong></span> 
     </span>
     <span class='ocr_line' id='line_1_33' title="bbox 225 3635 2357 3715; baseline -0.001 -21"><span class='ocrx_word' id='word_1_296' title='bbox 225 3653 382 3713; x_wconf 84' lang='lat' dir='ltr'><strong>opes</strong></span> <span class='ocrx_word' id='word_1_297' title='bbox 417 3639 478 3696; x_wconf 88' lang='lat' dir='ltr'><strong>in</strong></span> <span class='ocrx_word' id='word_1_298' title='bbox 513 3637 720 3696; x_wconf 89' lang='lat' dir='ltr'><strong>Verbo</strong></span> <span class='ocrx_word' id='word_1_299' title='bbox 757 3638 1168 3715; x_wconf 82' lang='lat' dir='ltr'><strong>significantur</strong></span> <span class='ocrx_word' id='word_1_300' title='bbox 1205 3640 1447 3697; x_wconf 87' lang='lat' dir='ltr'><strong>divitiae</strong></span> <span class='ocrx_word' id='word_1_301' title='bbox 1486 3645 1545 3695; x_wconf 91' lang='grc'><strong>01</strong></span> <span class='ocrx_word' id='word_1_302' title='bbox 1582 3654 1727 3713; x_wconf 86' lang='lat' dir='ltr'><strong>opes</strong></span> <span class='ocrx_word' id='word_1_303' title='bbox 1764 3635 2139 3711; x_wconf 80' lang='lat' dir='ltr'><strong>spiritualeS,</strong></span> <span class='ocrx_word' id='word_1_304' title='bbox 2198 3650 2357 3710; x_wconf 86' lang='lat' dir='ltr'><strong>quae</strong></span> 
     </span>
     <span class='ocr_line' id='line_1_34' title="bbox 227 3738 2356 3814; baseline -0.002 -18"><span class='ocrx_word' id='word_1_305' title='bbox 227 3743 376 3796; x_wconf 88' lang='lat' dir='ltr'><strong>sunt</strong></span> <span class='ocrx_word' id='word_1_306' title='bbox 409 3740 780 3814; x_wconf 86' lang='lat' dir='ltr'><strong>cognitiones</strong></span> <span class='ocrx_word' id='word_1_307' title='bbox 808 3741 940 3798; x_wconf 81' lang='lat' dir='ltr'><strong>veri</strong></span> <span class='ocrx_word' id='word_1_308' title='bbox 977 3747 1037 3797; x_wconf 89' lang='lat' dir='ltr'><strong>et</strong></span> <span class='ocrx_word' id='word_1_309' title='bbox 1061 3740 1228 3813; x_wconf 91' lang='lat' dir='ltr'><strong>boni,</strong></span> <span class='ocrx_word' id='word_1_310' title='bbox 1271 3744 1337 3796; x_wconf 90' lang='lat' dir='ltr'><strong>ut</strong></span> <span class='ocrx_word' id='word_1_311' title='bbox 1372 3755 1507 3797; x_wconf 83' lang='lat' dir='ltr'><strong>mox</strong></span> <span class='ocrx_word' id='word_1_312' title='bbox 1544 3753 1731 3812; x_wconf 87' lang='lat' dir='ltr'><strong>supra</strong></span> <span class='ocrx_word' id='word_1_313' title='bbox 1764 3753 1831 3793; x_wconf 88' lang='lat' dir='ltr'><strong>n:</strong></span> <span class='ocrx_word' id='word_1_314' title='bbox 1868 3738 2005 3794; x_wconf 85' lang='lat'><strong>236</strong></span> <span class='ocrx_word' id='word_1_315' title='bbox 2048 3743 2356 3794; x_wconf 87' lang='lat' dir='ltr'><strong>ostensum</strong></span> 
     </span>
     <span class='ocr_line' id='line_1_35' title="bbox 229 3837 2357 3910; baseline -0.002 -16"><span class='ocrx_word' id='word_1_316' title='bbox 229 3845 346 3895; x_wconf 85' lang='lat' dir='ltr'><strong>est.</strong></span> <span class='ocrx_word' id='word_1_317' title='bbox 401 3838 608 3898; x_wconf 82' lang='lat' dir='ltr'><strong>Multis</strong></span> <span class='ocrx_word' id='word_1_318' title='bbox 645 3841 705 3896; x_wconf 87' lang='lat' dir='ltr'><strong>in</strong></span> <span class='ocrx_word' id='word_1_319' title='bbox 737 3840 890 3898; x_wconf 85' lang='lat' dir='ltr'><strong>locis</strong></span> <span class='ocrx_word' id='word_1_320' title='bbox 927 3842 987 3896; x_wconf 92' lang='lat' dir='ltr'><strong>in</strong></span> <span class='ocrx_word' id='word_1_321' title='bbox 1015 3839 1222 3899; x_wconf 88' lang='lat' dir='ltr'><strong>Verbo</strong></span> <span class='ocrx_word' id='word_1_322' title='bbox 1260 3840 1473 3898; x_wconf 88' lang='lat' dir='ltr'><strong>dicitur</strong></span> <span class='ocrx_word' id='word_1_323' title='bbox 1508 3838 1689 3894; x_wconf 84' lang='lat' dir='ltr'><strong>miser</strong></span> <span class='ocrx_word' id='word_1_324' title='bbox 1725 3842 1785 3894; x_wconf 86' lang='lat' dir='ltr'><strong>et</strong></span> <span class='ocrx_word' id='word_1_325' title='bbox 1819 3852 2068 3910; x_wconf 86' lang='lat' dir='ltr'><strong>pauper,</strong></span> <span class='ocrx_word' id='word_1_326' title='bbox 2110 3837 2357 3909; x_wconf 86' lang='lat' dir='ltr'><strong>quinon</strong></span> 
     </span>
     <span class='ocr_line' id='line_1_36' title="bbox 225 3933 2361 4016; baseline -0.001 -22"><span class='ocrx_word' id='word_1_327' title='bbox 225 3941 346 3995; x_wconf 89' lang='lat' dir='ltr'><strong>scit</strong></span> <span class='ocrx_word' id='word_1_328' title='bbox 380 3954 632 3999; x_wconf 86' lang='lat' dir='ltr'><strong>sensum</strong></span> <span class='ocrx_word' id='word_1_329' title='bbox 665 3939 1040 4016; x_wconf 87' lang='lat' dir='ltr'><strong>spiritualem</strong></span> <span class='ocrx_word' id='word_1_330' title='bbox 1075 3940 1295 4009; x_wconf 87' lang='lat' dir='ltr'><strong>Verbi,</strong></span> <span class='ocrx_word' id='word_1_331' title='bbox 1350 3936 1539 3997; x_wconf 87' lang='lat' dir='ltr'><strong>credit</strong></span> <span class='ocrx_word' id='word_1_332' title='bbox 1575 3934 1734 4012; x_wconf 86' lang='lat' dir='ltr'><strong>quod</strong></span> <span class='ocrx_word' id='word_1_333' title='bbox 1767 3953 1885 3994; x_wconf 89' lang='lat' dir='ltr'><strong>non</strong></span> <span class='ocrx_word' id='word_1_334' title='bbox 1933 3934 2037 3993; x_wconf 85' lang='lat' dir='ltr'><strong>alii</strong></span> <span class='ocrx_word' id='word_1_335' title='bbox 2069 3952 2181 4011; x_wconf 87' lang='lat' dir='ltr'><strong>per</strong></span> <span class='ocrx_word' id='word_1_336' title='bbox 2215 3933 2361 3992; x_wconf 86' lang='lat' dir='ltr'><strong>illos</strong></span> 
     </span>
     <span class='ocr_line' id='line_1_37' title="bbox 223 4037 2357 4116; baseline -0.001 -21"><span class='ocrx_word' id='word_1_337' title='bbox 223 4037 668 4114; x_wconf 87' lang='lat' dir='ltr'><strong>intelligantur,</strong></span> <span class='ocrx_word' id='word_1_338' title='bbox 744 4057 922 4116; x_wconf 86' lang='lat' dir='ltr'><strong>quam</strong></span> <span class='ocrx_word' id='word_1_339' title='bbox 977 4043 1076 4116; x_wconf 90' lang='lat' dir='ltr'><strong>qui</strong></span> <span class='ocrx_word' id='word_1_340' title='bbox 1120 4042 1182 4099; x_wconf 91' lang='lat' dir='ltr'><strong>in</strong></span> <span class='ocrx_word' id='word_1_341' title='bbox 1229 4039 1447 4098; x_wconf 89' lang='lat' dir='ltr'><strong>mundo</strong></span> <span class='ocrx_word' id='word_1_342' title='bbox 1502 4039 1705 4096; x_wconf 86' lang='lat' dir='ltr'><strong>miseri</strong></span> <span class='ocrx_word' id='word_1_343' title='bbox 1761 4043 1821 4094; x_wconf 89' lang='lat' dir='ltr'><strong>et</strong></span> <span class='ocrx_word' id='word_1_344' title='bbox 1854 4051 2155 4112; x_wconf 87' lang='lat' dir='ltr'><strong>pauperes</strong></span> <span class='ocrx_word' id='word_1_345' title='bbox 2200 4039 2357 4108; x_wconf 89' lang='lat' dir='ltr'><strong>sunt,</strong></span> 
     </span>
     <span class='ocr_line' id='line_1_38' title="bbox 223 4137 2363 4218; baseline 0 -24"><span class='ocrx_word' id='word_1_346' title='bbox 223 4153 366 4195; x_wconf 91' lang='lat' dir='ltr'><strong>cum</strong></span> <span class='ocrx_word' id='word_1_347' title='bbox 413 4144 618 4198; x_wconf 87' lang='lat' dir='ltr'><strong>tamen</strong></span> <span class='ocrx_word' id='word_1_348' title='bbox 669 4139 760 4199; x_wconf 81' lang='lat' dir='ltr'><strong>ini</strong></span> <span class='ocrx_word' id='word_1_349' title='bbox 811 4159 928 4200; x_wconf 91' lang='lat' dir='ltr'><strong>non</strong></span> <span class='ocrx_word' id='word_1_350' title='bbox 963 4141 1408 4218; x_wconf 84' lang='lat' dir='ltr'><strong>intelliguntur,</strong></span> <span class='ocrx_word' id='word_1_351' title='bbox 1466 4137 1576 4198; x_wconf 87' lang='lat' dir='ltr'><strong>sed</strong></span> <span class='ocrx_word' id='word_1_352' title='bbox 1612 4139 1655 4196; x_wconf 91' lang='lat' dir='ltr'><strong>ii</strong></span> <span class='ocrx_word' id='word_1_353' title='bbox 1709 4139 1814 4214; x_wconf 89' lang='lat' dir='ltr'><strong>qui</strong></span> <span class='ocrx_word' id='word_1_354' title='bbox 1848 4153 1969 4196; x_wconf 87' lang='lat' dir='ltr'><strong>non</strong></span> <span class='ocrx_word' id='word_1_355' title='bbox 2006 4140 2066 4196; x_wconf 90' lang='lat' dir='ltr'><strong>in</strong></span> <span class='ocrx_word' id='word_1_356' title='bbox 2102 4139 2263 4198; x_wconf 86' lang='lat' dir='ltr'><strong>veris</strong></span> <span class='ocrx_word' id='word_1_357' title='bbox 2302 4141 2363 4195; x_wconf 87' lang='lat' dir='ltr'><strong>et</strong></span> 
     </span>
     <span class='ocr_line' id='line_1_39' title="bbox 221 4234 2360 4319; baseline 0.001 -24"><span class='ocrx_word' id='word_1_358' title='bbox 221 4234 397 4297; x_wconf 84' lang='lat' dir='ltr'><strong>bonis</strong></span> <span class='ocrx_word' id='word_1_359' title='bbox 435 4245 610 4311; x_wconf 83' lang='lat' dir='ltr'><strong>sunt,</strong></span> <span class='ocrx_word' id='word_1_360' title='bbox 657 4242 838 4319; x_wconf 90' lang='lat' dir='ltr'><strong>inque</strong></span> <span class='ocrx_word' id='word_1_361' title='bbox 877 4259 1084 4302; x_wconf 87' lang='lat' dir='ltr'><strong>eorum</strong></span> <span class='ocrx_word' id='word_1_362' title='bbox 1121 4239 1559 4318; x_wconf 84' lang='lat' dir='ltr'><strong>cognitionibus</strong></span> <span class='ocrx_word' id='word_1_363' title='bbox 1580 4283 1597 4312; x_wconf 94' lang='lat'><strong>,</strong></span> <span class='ocrx_word' id='word_1_364' title='bbox 1652 4244 1718 4298; x_wconf 90' lang='lat' dir='ltr'><strong>et</strong></span> <span class='ocrx_word' id='word_1_365' title='bbox 1754 4238 1993 4316; x_wconf 89' lang='lat' dir='ltr'><strong>quidem</strong></span> <span class='ocrx_word' id='word_1_366' title='bbox 2030 4257 2141 4316; x_wconf 88' lang='lat' dir='ltr'><strong>per</strong></span> <span class='ocrx_word' id='word_1_367' title='bbox 2174 4241 2360 4298; x_wconf 86' lang='lat' dir='ltr'><strong>mise-</strong></span> 
     </span>
    </p>
   </div>
  </div>
 </body>
</html>
