2700 4792
323 357 564 416 cAPu‘r
603 357 944 416 TERTIUM.
1674 360 1886 416 vssns=
1928 371 2021 424 ει.
2178 372 2289 426 42⁷

168 523 392 582 fleatur
425 517 710 589 Coelum,
763 527 824 578 et
872 535 982 597 per
1031 520 1245 581 sedere
1281 519 1518 580 Mecum
1566 521 1934 598 significatur
1980 539 2103 582 una
2152 539 2289 584 esse

169 639 308 684 cum
343 621 636 695 Domino,
675 622 762 680 ita
795 621 1146 697 conjunctus
1181 621 1328 696 Ipsi.
1382 621 1453 680 In
1491 621 1693 680 Verbo
1728 622 1957 698 pluries
1992 639 2291 682 memora-

169 731 265 783 tm·
302 720 622 791 Thronus,
677 726 737 780 et
795 737 908 798 per
949 721 1149 795 illum,
1205 737 1340 780 cum
1378 720 1453 780 de
1488 722 1773 797 Domine,
1828 722 2197 799 significatur
2228 726 2293 782 in

169 838 396 902 genere
448 819 730 890 Coelum,
781 823 844 878 in
903 823 1110 898 specie
1159 819 1409 880 Coelum
1470 821 1817 898 spirituale,
1882 829 1941 880 et
1988 821 2293 884 abstracte

165 925 463 984 Divinum
498 919 728 980 Verum
759 921 1096 998 praefidens
1131 937 1169 980 a
1201 920 1481 990 Domino,
1516 923 1659 998 quia
1691 921 1805 981 hoc
1840 921 1985 981 facit
2018 921 2289 998 Coelum,

169 1023 308 1084 iude
347 1024 534 1082 etiam
569 1021 846 1080 Thronus
881 1021 1098 1082 dicitur
1131 1020 1206 1081 de
1241 1021 1515 1095 Judicio‚
1569 1023 1849 1098 quoniam
1896 1039 2071 1080 omn-e
2106 1022 2289 1083 Judi-

171 1127 328 1184 cium
375 1121 446 1180 fit
489 1137 566 1180 ex
608 1123 808 1197 veris3
863 1121 1024 1199 quod
1075 1121 1181 1182 illa
1239 1138 1350 1197 per
1397 1111 1703 1182 Thr-onum
1750 1124 1813 1180 in
1848 1121 2052 1181 Verbo
2102 1124 2293 1198 signi·-

169 1225 457 1297 ficentur,
542 1227 816 1282 constare
877 1227 1082 1300 potest
1135 1239 1210 1281 ex
1269 1222 1661 1298 sequentibus
1722 1221 1815 1281 his
1874 1221 2056 1296 loeis3
2130 1223 2293 1298 apud

169 1324 420 1401 Esajam
476 1319 737 1396 „Dixit
771 1319 1090 1392 Jehovah,
1127 1319 1300 1384 Coeli
1339 1319 1637 1382 Thronus
1668 1325 1891 1382 meust
1944 1321 2150 1382 LXVI
2166 1343 2205 1381 :-
2230 1325 2289 1380 1:

171 1423 334 1501 apud
359 1422 662 1482 Davidem
699 1420 1030 1496 „Jehovah
1057 1421 1128 1483 in
1153 1418 1363 1483 Ooelis
1376 1420 1671 1502 firmavit
1702 1418 2029 1482 Uarenum
2052 1425 2291 1482 suum“

167 1523 406 1584 Psalm:
447 1522 618 1582 CIII:
660 1526 688 1580 1
708 1525 780 1582 9:
819 1523 984 1598 apud
1017 1522 1391 1582 Matthaeum
1429 1521 1616 1596 „Qui
1634 1521 1830 1602 jurat
1857 1541 1978 1600 per
2016 1518 2288 1595 Ocelum,

159 1623 352 1706 jurat
371 1641 496 1703 per
527 1620 854 1684 firmium
876 1621 1019 1684 Dei
1025 1663 1046 1694 ,
1079 1627 1142 1682 et
1170 1641 1292 1702 per
1313 1621 1542 1702 Ipsum
1578 1621 1691 1700 qui
1714 1620 1887 1682 cedet
1910 1640 2100 1701 super
2125 1618 2239 1681 illo
2250 1624 2288 1656 “

170 1723 426 1784 XXIII:
461 1727 587 1799 223
625 1723 786 1799 quod
811 1740 922 1798 per
951 1723 1258 1782 Thi-onum
1284 1723 1383 1783 hic
1408 1723 1777 1800 significetur
1806 1721 2073 1795 Coelum,
2102 1727 2287 1799 patet,

173 1843 308 1884 nam
346 1823 567 1882 dicitur
625 1823 787 1899 quod
835 1822 1004 1882 Coeli
1058 1823 1336 1884 Thronus
1395 1822 1631 1899 Ipsius;
1682 1822 1943 1882 firmavit
1991 1825 2053 1880 in
2090 1821 2290 1882 Coelis

179 1925 488 1985 Thi-onum
524 1939 726 1998 suum3
783 1924 884 1999 qui
919 1924 1087 2000 Jurat
1132 1942 1244 2001 per
1279 1923 1561 1998 Goelum,
1608 1924 1777 2001 jurat
1826 1941 1937 2000 per
1984 1923 2292 1982 Thronum

172 2024 289 2085 Dei
299 2045 318 2100 ;
353 2041 478 2082 non
506 2023 666 2100 quod
692 2022 736 2081 J
739 2023 974 2082 ehovah
1001 2040 1112 2082 seu
1137 2024 1431 2084 Dominus
1466 2023 1549 2084 ibi
1576 2023 1789 2082 sedeat
1814 2039 2001 2100 super
2030 2023 2289 2096 Throno,

175 2125 283 2184 scd
317 2127 466 2202 quia
497 2124 786 2183 Divinum
817 2122 1022 2201 Ipsius
1075 2125 1136 2182 in
1173 2123 1373 2184 coelis
1422 2123 1639 2183 dicitur
1676 2123 1985 2198 Thronus,
2042 2130 2103 2183 et
2138 2140 2292 2200 quo-
2332 2128 2493 2188 [282]

177 2243 294 2302 que
350 2224 713 2302 quandoque
779 2229 1038 2301 apparet
1083 2229 1150 2282 ut
1195 2223 1475 2283 Thronus
1521 2223 1671 2299 illis,
1752 2223 1967 2300 quibus
2012 2229 2293 2300 spectare

176 2326 354 2384 datur
389 2327 451 2382 in
491 2323 757 2384 Ocelum.
815 2322 989 2400 Quod
1025 2324 1319 2382 Dominus
1356 2327 1442 2382 ita
1474 2326 1641 2383 visus
1680 2325 1785 2398 sit,
1842 2329 2079 2383 constat
2130 2323 2293 2400 apud

34 2407 37 2518 j
174 2425 428 2499 Esaiam
489 2469 524 2500 ,‚
543 2423 702 2488 Vidi
752 2422 1116 2484 Dominum
1154 2423 1469 2484 sedentem
1524 2442 1714 2503 super
1752 2422 2005 2484 Thu->ono
2058 2421 2192 2486 alto
2236 2429 2298 2482 et

34 2523 40 2620 ἰ
177 2519 388 2590 elato,
419 2526 478 2582 et
505 2525 793 2602 fimbriae
818 2523 1046 2602 Ipsius
1080 2522 1413 2604 implentes
1445 2522 1825 2604 Templum“
1864 2523 1982 2583 VI:
2020 2528 2082 2599 13
2134 2523 2293 2601 quod

34 2625 36 2658 ³
173 2621 456 2682 fimbriae
487 2622 682 2698 Ipsius
715 2627 1094 2704 impleverint
1121 2625 1460 2704 Templum,
1494 2625 1791 2702 significat
1824 2622 1983 2699 quod
2007 2623 2293 2684 Divinum

172 2723 408 2783 Verum
438 2726 773 2800 procedens
805 2726 1147 2802 impleverit
1179 2726 1453 2785 ultimum
1489 2725 1657 2785 Coeli
1692 2732 1753 2784 et
1785 2722 2151 2796 Ecclesiam,
2181 2739 2295 2799 per

174 2824 437 2882 fimbrias
485 2828 641 2884 enim
675 2827 916 2886 Domini
967 2826 1334 2902 significatur
1376 2829 1439 2885 in
1483 2843 1701 2903 genere
1737 2825 2022 2884 Divinum
2062 2822 2293 2882 Verum

176 2923 548 3000 procedenS,
587 2932 648 2985 et
681 2929 744 2986 in
778 2927 982 3004 specie
1016 2925 1166 2986 illud
1199 2929 1260 2984 in
1288 2928 1571 2986 extremis
1602 2923 1771 2986 Coeli
1806 2930 1867 2984 et
1898 2926 1961 2982 in
1995 2923 2295 2994 Ecclesia,

177 3025 450 3084 videatur
475 3042 664 3103 supra
688 3045 760 3086 n:
797 3030 960 3088 220.
1014 3026 1198 3101 Apud
1217 3013 1605 3086 'Ezechielem
1634 3024 1889 3104 „Super
1914 3043 2291 3105 (impensum,

177 3125 338 3202 quod
364 3144 561 3204 euper-
581 3127 791 3206 capite
818 3126 1242 3187 &lamborum
1253 3170 1271 3202 ‚
1308 3126 1499 3206 quasi
1525 3132 1819 3205 aspectus
1850 3122 2097 3204 lapidis
2123 3124 2293 3203 Sap-

169 3223 350 3302 phiri
361 3271 380 3300 ,
427 3223 794 3288 similitudo
826 3224 1098 3300 Throni,
1141 3232 1203 3287 et
1240 3244 1431 3305 super
1466 3223 1897 3287 similitudine
1927 3224 2171 3288 ssroni
2198 3225 2293 3285 si·-

179 3321 476 3386 militudo
541 3326 733 3406 quasi
781 3331 1077 3406 aspectus
1137 3325 1451 3386 Hominis
1518 3346 1708 3406 cuper
1760 3324 1877 3388 illo
1950 3327 2246 3407 superius
2257 3329 2294 3358 “
2391 3372 2396 3376 .

178 3421 236 3482 1:
275 3428 390 3484 26.
450 3425 610 3506 Cap:
649 3428 729 3486 X:
775 3431 846 3503 13
903 3426 1063 3504 quod
1100 3427 1379 3486 Thronus
1416 3430 1769 3504 apparuerit
1814 3430 1873 3485 in
1910 3435 2165 3503 aspectu
2199 3427 2294 3485 la-

180 3525 329 3598 pidis
359 3527 648 3604 sapphiri,
680 3535 810 3588 erat
838 3531 979 3603 quia
1003 3527 1325 3604 sapphirus
1353 3526 1727 3604 significabat
1751 3528 2038 3584 Divinum
2067 3526 2299 3584 Verum

178 3627 508 3698 procedens
561 3646 598 3685 a
629 3629 850 3687 Divino
885 3627 1056 3689 Bono
1101 3626 1335 3703 Ipsius,
1395 3636 1454 3686 et
1508 3627 1672 3687 inde·
1702 3624 2027 3703 Spirituale
2064 3625 2294 3684 Verum

179 3715 486 3798 pellueens
548 3745 622 3790 ex
673 3728 942 3788 Coelesti
973 3729 1173 3802 Bono,
1229 3728 1507 3786 videatur
1540 3745 1609 3784 n:
1652 3729 1864 3784 9407.
1928 3727 2064 3782 987
2080 3726 2155 3797 3,
2212 3726 2295 3782 ita

183 3822 454 3886 Thronus
490 3828 572 3888 ibi
607 3829 902 3906 significat
936 3834 1126 3886 totum
1155 3827 1423 3900 coelum,
1461 3844 1601 3884 nam
1628 3825 1877 3885 Coelum
1914 3831 2006 3883 est
2036 3823 2287 3884 Coelum

183 3939 250 3982 ex
273 3927 496 3987 Divino
523 3929 716 4006 Ver03
757 3929 902 4005 quid
929 3927 1193 3988 Cherubi
1221 3928 1556 4004 significant
1566 3970 1583 4000 ,
1623 3925 1899 3985 videatur
1924 3941 1983 3982 n:
2028 3926 2114 3982 92
2132 3929 2163 3982 7
2182 3929 2213 3982 7
2248 3924 2287 3982 f.

188 4025 390 4088 9509.
449 4031 660 4088 9673.
742 4031 813 4089 In
862 4029 1236 4107 Apocalypsi
1310 4073 1346 4102 „
1368 4026 1537 4088 Ecce
1579 4023 1875 4086 Thronus
1924 4024 2186 4104 positus
2224 4023 2295 4084 in

186 4120 384 4203 Coelo,
465 4135 524 4188 et
593 4149 786 4210 cuper
851 4127 1102 4190 Throno
1169 4127 1393 4188 sedens
1412 4148 1441 4199 ,·
1520 4126 1645 4188 iric
1718 4125 1891 4186 circa
1936 4181 1943 4188 .
1968 4125 2297 4190 monum

180 4234 426 4304 aspectu
465 4227 901 4311 Smoeraydino
915 4251 946 4304 ;
997 4233 1058 4290 et
1098 4248 1132 4288 e
1173 4227 1424 4291 Throno
1466 4228 1723 4290 eoeibant
1748 4224 2040 4308 fulmina
2054 4273 2069 4302 ,
2122 4226 2290 4288 toni-
