2700 4792
415 403 526 457 100
775 387 1265 446 APOCALYPSIS
1309 387 1740 445 EXPIJCATA.
1820 388 1868 458 ὅ.
1910 395 2005 450 83.
2050 397 2142 451 84.

409 550 534 626 tie,
572 554 632 610 et
665 547 739 610 in
773 543 1070 610 Psalmis
1096 545 1176 608 de
1211 546 1367 608 Me“
1406 549 1655 610 XXIV:
1702 553 1815 610 44.
1882 551 2057 628 Quod
2088 551 2286 612 omnia
2316 555 2524 608 essent

410 656 694 730 peracta,
753 665 895 710 cum
949 648 1136 710 Jesus
1181 650 1531 725 crucifixura,
1596 650 1739 710 dicit
1780 651 1925 728 Ipse
1978 669 2111 712 cum
2162 655 2293 709 erat
2338 666 2525 725 super

411 767 590 812 cruce
639 746 849 826 „O‘um
881 747 1076 810 Jeme
1111 748 1372 824 sciebat,
1419 749 1587 829 quod
1620 750 1836 811 omnia
1876 757 2081 812 eceent
2105 751 2392 831 peracta,
2450 755 2526 810 ut

407 848 778 932 impleretur
810 848 1178 930 Scriptura,
1231 849 1445 925 dixit,
1499 849 1713 912 Sirim
1762 849 1911 911 Joh:
1954 851 2145 912 XIX:
2190 852 2315 924 283
2362 849 2523 925 quod

411 951 628 1011 dixerit
661 958 831 1020 tunc,
892 951 1056 1024 sitio,
1125 957 1254 1009 erat
1295 953 1437 1026 quia
1482 969 1695 1010 novam
1746 951 2085 1012 Ecclesiam
2130 949 2521 1021 desideravit,

417 1070 571 1128 quae
610 1051 818 1129 Ipsum
861 1059 1240 1126 agnoscerem
1283 1051 1441 1127 quod
1482 1053 1649 1110 sitire
1683 1053 1742 1109 ln
1782 1051 2080 1128 spirituali
2115 1067 2301 1111 sensu
2330 1050 2517 1125 signi-

410 1151 549 1212 ficet
589 1151 968 1224 desiderare,
1039 1157 1098 1209 et
1135 1150 1294 1224 quod
1330 1150 1559 1209 dicatur
1594 1152 1668 1210 de
1708 1155 1868 1212 veris
1904 1152 2247 1224 Ecclesiae,
2305 1149 2517 1209 videa·-

409 1260 508 1310 tur
553 1271 626 1311 n:
678 1253 893 1310 4958.
935 1253 1151 1309 4976.
1199 1252 1411 1346 8568.
1480 1252 1649 1311 Ilaec
1688 1269 1927 1329 quoque
1962 1261 2102 1310 sunt
2139 1267 2293 1328 quae
2323 1250 2516 1309 aDa-

412 1352 566 1412 niele
602 1349 916 1429 praedicta
951 1358 1089 1409 sunt
1125 1349 1196 1408 do
1235 1353 1572 1412 vastatione
1614 1360 1673 1410 et
1710 1352 2077 1411 desolatione
2122 1349 2334 1426 „Post
2359 1348 2514 1430 Sep·-

411 1451 694 1513 timanas
735 1450 1082 1530 seoeayz'nta
1131 1455 1192 1508 et
1250 1450 1419 1510 dua-⁸
1472 1451 1800 1512 excidetur
1848 1450 2162 1526 stieesiae,
2238 1448 2352 1511 sed
2396 1469 2517 1510 non

409 1549 588 1624 Sibi;
641 1551 868 1612 deinde
909 1549 1132 1611 Urbem
1165 1555 1224 1610 et
1270 1549 1729 1614 Sanctum-ium
1750 1551 1979 1632 perdet
2012 1547 2299 1632 populus
2322 1549 2511 1630 prin·-

409 1652 576 1732 cz'pis
610 1651 886 1725 venturi,
948 1651 1047 1710 ita
1080 1656 1154 1710 ut
1177 1651 1340 1731 finis
1386 1651 1523 1734 ejus
1579 1671 1721 1713 oum
1756 1651 2208 1713 inundatione:
2262 1650 2513 1712 tandm

410 1771 602 1832 super
635 1771 810 1811 avem
845 1750 1386 1812 abominationum
1418 1749 1760 1828 desolatzb,
1798 1757 1858 1812 et
1892 1771 2089 1831 usque
2112 1751 2203 1812 ad
2228 1770 2511 1812 comum-

411 1852 750 1912 mationem
792 1857 851 1910 et
885 1851 1170 1912 decisum
1222 1849 1499 1912 stillabit
1550 1872 1741 1932 supe-r
1786 1852 2335 1912 devastationem“
2388 1851 2508 1912 IX:

418 1957 532 2012 26.
595 1956 715 2027 275
772 1951 1062 2012 desolatio
1124 1959 1184 2010 et
1231 1956 1491 2011 vastatio
1544 1955 1879 2030 significant
1927 1953 2411 2030 reprobationem
2456 1958 2512 2011 et

411 2053 794 2130 reJectionem
824 2054 1026 2112 Divini
1063 2052 1209 2111 Veri
1245 2053 1407 2129 apud
1441 2053 1577 2113 illos
1618 2057 1721 2131 qui
1762 2054 1837 2112 ab
1878 2054 2179 2126 Ecclesia,
2236 2053 2507 2112 videatur

409 2172 477 2212 n:
527 2153 734 2211 5360.
773 2153 984 2212 5376.
1065 2152 1240 2229 Quod
1273 2155 1563 2214 Divinum
1596 2156 1857 2228 Verum,
1914 2154 2075 2231 quod
2104 2161 2197 2214 est
2226 2153 2504 2221 Verbum,

409 2256 494 2311 ita
549 2253 932 2328 reprobatum
986 2255 1063 2312 sit
1116 2273 1152 2312 a
1203 2254 1496 2326 Judaeis,
1568 2259 1747 2316 etiam
1796 2255 2148 2331 intelligitur
2194 2271 2307 2331 per
2356 2253 2503 2313 haec

323 2414 326 2417 ,
409 2354 572 2431 apud
609 2354 977 2412 Matthaeum
1018 2353 1237 2429 „Dico
1277 2354 1481 2430 vobis,
1543 2353 1775 2416 Eliam
1804 2354 1955 2436 jam
2003 2354 2275 2429 venisse,
2330 2371 2505 2433 quem

405 2473 530 2514 non
587 2459 976 2534 aquaverant
994 2499 1011 2528 ,
1082 2453 1194 2514 sed
1228 2453 1522 2534 fecerunt
1569 2456 1629 2516 ez·
1688 2473 2081 2535 quaeeunque
2138 2451 2465 2515 voluerunt
2477 2471 2505 2524 ,⁰

405 2555 505 2616 ita
536 2555 845 2636 futurum
879 2561 972 2615 est
1021 2560 1092 2617 ut
1138 2552 1362 2616 Filius
1406 2555 1683 2616 hominio
1708 2573 2033 2636 passurus
2080 2555 2171 2616 sit
2209 2555 2287 2614 ab
2320 2551 2505 2616 ilhw

403 2656 619 2716 XVII:
678 2660 706 2715 1
727 2661 799 2732 23
852 2675 964 2733 per
1000 2657 1192 2716 Eliam
1235 2657 1603 2733 significatur
1637 2657 1933 2732 Verbum,
1998 2657 2275 2716 videatur
2317 2656 2504 2714 Prae-

402 2757 546 2815 fatio
585 2757 662 2816 ad
699 2755 897 2833 Caput
933 2757 1150 2816 XVIII
1189 2758 1424 2817 Geues:
1476 2765 1535 2817 et
1573 2776 1644 2818 n:
1688 2761 1902 2816 2762.
1952 2757 2170 2832 52475
2236 2762 2299 2816 et
2352 2771 2503 2834 quo-

407 2872 523 2932 que
560 2874 669 2932 per
704 2857 1042 2917 Johannem
1078 2859 1454 2936 Baptistam,
1522 2875 1706 2934 quare
1740 2859 1793 2916 is
1832 2858 2027 2916 dictus
2065 2864 2157 2916 est
2190 2856 2391 2932 EliaS,
2442 2875 2505 2913 n:

414 2957 625 3014 7643.
671 2959 890 3034 93725
954 2960 1091 3018 inde
1139 2965 1340 3036 patet,
1398 2959 1539 3035 quid
1582 2958 1951 3036 significatur
1991 2975 2102 3034 per
2150 2957 2312 3034 quod
2344 2957 2505 3016 Elias

407 3059 671 3132 venerit,
741 3065 798 3118 et
833 3059 992 3136 quod
1028 3059 1276 3118 fecerint
1319 3061 1372 3118 ei
1408 3077 1799 3144 quaecunque
1837 3058 2182 3133 voluerunt,
2249 3063 2311 3117 et
2352 3056 2506 3135 quod

403 3156 666 3216 futurum
703 3161 780 3217 sit
814 3167 881 3217 ut
915 3157 1101 3216 Filius
1141 3159 1395 3218 hominis
1440 3177 1735 3237 passurus
1774 3163 1853 3218 sit
1888 3159 1963 3218 ab
2000 3159 2151 3218 illis:
2207 3157 2499 3236 quomodo

403 3256 625 3317 Judaei
673 3260 1092 3336 explicuerunt
1135 3257 1435 3332 Verbum,
1486 3267 1547 3320 et
1586 3262 1672 3320 sic
1721 3262 2062 3338 rejecerunt
2098 3259 2274 3335 illud,
2338 3262 2501 3336 patet

401 3373 439 3414 a
473 3358 742 3434 plurimis
780 3359 928 3417 locis
970 3358 1131 3433 apud
1165 3358 1585 3434 Evangelistas
1605 3404 1621 3434 ,
1688 3361 1792 3419 ubi
1824 3361 2117 3420 Dominus
2152 3359 2214 3419 id
2248 3359 2499 3418 manife-

402 3464 539 3517 stat.
619 3459 712 3517 Ex
747 3459 840 3516 his
871 3473 1026 3516 nunc
1063 3465 1338 3518 constare
1374 3467 1606 3536 potest,
1644 3460 1803 3542 quod
1835 3478 1947 3537 per
1970 3458 2121 3538 Eyo
2156 3478 2301 3522 eum
2334 3477 2498 3519 mor-

401 3561 579 3633 tuus,
631 3557 1000 3634 significetur
1053 3556 1210 3634 quod
1253 3559 1538 3636 rejectus,
1620 3560 1794 3637 Quod
1838 3563 2018 3621 etiam
2063 3559 2358 3620 Dominus
2394 3573 2499 3638 per

394 3657 750 3718 Passionem
788 3657 980 3717 crucis
1017 3658 1445 3734 glorificaverit
1477 3659 1822 3720 Humanum
1858 3677 2063 3733 suum,
2098 3659 2214 3718 hoc
2254 3667 2376 3732 est,
2428 3656 2495 3718 Id

395 3756 681 3818 Divinum
722 3756 956 3832 fecerit,
994 3760 1268 3818 videatur
1293 3763 1355 3818 in
1395 3762 1722 3822 Doc'nmu
1755 3762 1811 3823 N
1815 3779 1969 3821 omn
1997 3759 2493 3832 Hrmtosommss,

394 3873 467 3914 n:
509 3859 670 3915 294.
714 3860 874 3918 295.
915 3861 1074 3920 302.
1119 3861 1282 3920 305.
1349 3867 1353 3870 ’

555 3959 667 4016 84.
745 3958 822 4017 Et
855 3976 993 4020 ecce
1030 3951 1242 4021 vivens
1283 3979 1418 4020 sum
1464 3964 1527 4021 in
1573 3964 1819 4024 saecula
1870 3963 2289 4033 saeculorum,
2345 3957 2495 4037 quod

393 4057 686 4134 significet
724 4060 801 4118 ab
836 4061 979 4138 Ipso
1025 4065 1150 4121 vita
1196 4068 1471 4138 aeterna,
1536 4071 1771 4124 constat
1811 4081 1887 4123 ex
1922 4062 2365 4140 significatione
2401 4061 2491 4118 vi-

392 4175 540 4218 vens
579 4177 744 4237 esse,
803 4163 961 4238 quod
1004 4165 1080 4220 sit
1115 4178 1254 4221 esse
1291 4163 1367 4220 ab
1404 4170 1685 4236 aeterno,
1742 4171 1803 4222 et
1836 4166 1897 4222 in
1931 4164 2074 4239 Ipso
2120 4161 2265 4222 Solo
2302 4164 2429 4221 vita
2459 4175 2492 4215 a

397 4255 474 4318 Se
517 4260 692 4342 Ipso,
731 4262 805 4322 de
843 4280 962 4341 qua
997 4275 1181 4338 supra
1207 4250 1350 4349 ·[n:]
1406 4266 1517 4337 82,
1574 4263 1671 4322 hic
1706 4269 1905 4324 autem
1944 4263 2105 4340 quod
2130 4265 2207 4322 sit
2262 4265 2388 4320 vita
2430 4261 2485 4316 in

2654 447 2669 498 1
