2700 4792
339 321 612 382 CAPUT
671 319 1037 390 QUARTUM.
1759 321 1976 378 VERS=
2018 334 2069 384 7.
2224 333 2332 387 491

171 505 298 567 per
341 499 516 548 ecce
553 480 852 560 elongabo
887 482 1128 558 vagari,
1165 478 1535 558 pernoctabo
1568 481 1629 540 in
1666 479 1925 542 deserto.
1994 481 2179 559 Apud
2206 482 2338 542 Ho-

170 588 468 649 scheam
524 579 898 662 „Ephraim
907 624 925 655 ,
965 579 1135 642 sicut
1159 577 1306 641 avis
1345 577 1629 642 avolabit
1657 576 1875 661 ⁸cloria
1914 599 2157 656 comm,
2210 581 2337 643 imo

85 697 88 701 ’
171 689 244 750 si
305 683 745 748 educaverint
775 679 989 763 filios,
1053 685 1192 742 tum
1237 679 1419 742 orbos
1454 679 1712 762 faciam
1761 695 1867 741 eos
1910 681 1991 742 ab
2042 680 2292 743 homine
2300 685 2338 718 “

169 789 304 850 IX:
359 791 398 847 1
423 789 460 845 1
478 829 492 844 .
539 787 568 843 1
587 787 658 858 23
709 799 822 859 per
855 781 1140 858 Ephraim
1201 780 1569 858 significatur
1614 781 1958 842 intellectus
2002 781 2339 842 illustratus

177 905 424 950 eorum
495 887 600 962 qui
657 883 734 942 ab
781 881 1087 958 Ecclesia3
1155 898 1268 959 per
1327 881 1577 958 gloriam
1637 881 2006 958 significatur
2051 880 2339 942 Divinum

177 989 482 1061 Verum3
537 999 650 1061 per
685 981 930 1046 avolare
976 983 1132 1044 sicut
1167 982 1328 1057 avis,
1384 980 1753 1058 significatur
1802 981 2137 1059 deprivatio
2180 982 2333 1058 ejus„

181 1087 590 1166 comparatio
623 1083 692 1142 fit
725 1099 858 1144 cum
908 1099 1022 1142 ave
1036 1126 1054 1157 ,
1111 1084 1253 1159 quia
1297 1083 1427 1141 avis
1463 1081 1757 1159 significat
1788 1081 2079 1142 rationale
2128 1089 2193 1140 et
2236 1086 2333 1142 in-

177 1185 566 1250 tellectuale
599 1183 794 1244 simile
831 1199 966 1242 cum
992 1181 1313 1259 Ephraim3
1367 1199 1479 1260 per
1512 1184 1567 1242 si
1602 1183 1987 1244 educaverint
2019 1182 2173 1242 fillos
2208 1189 2335 1242 tum

191 1289 399 1349 orbos
441 1287 658 1346 faciam
694 1299 800 1344 eos
835 1283 912 1342 ab
945 1283 1214 1356 homine,
1253 1276 1621 1359 significatur
1668 1286 1722 1342 si
1756 1299 1947 1359 usque
1982 1283 2337 1360 protulerint

185 1406 358 1450 vera
405 1385 568 1462 quod
607 1392 804 1461 usqne
837 1400 950 1460 per
981 1382 1088 1441 illa
1119 1382 1263 1441 nihi]
1299 1389 1613 1460 saperent,
1666 1382 1771 1442 filii
1806 1385 1961 1443 enim
1994 1390 2136 1442 sunt
2169 1401 2331 1456 vera,

191 1489 398 1549 orbos
425 1488 628 1546 facere
667 1483 744 1543 ab
769 1483 1008 1543 homine
1037 1489 1132 1543 est
1156 1481 1473 1560 deprivare
1502 1499 1541 1542 a
1564 1485 1879 1560 sapientia.
1916 1483 2100 1560 Apud
2121 1483 2335 1544 Mosen

199 1631 239 1664 „
261 1587 434 1648 Non
451 1585 720 1666 facietis
754 1583 928 1644 vobis
953 1583 1244 1664 somam
1273 1579 1484 1644 ullius
1520 1581 1831 1644 animalis
1876 1583 1949 1646 in
1988 1587 2175 1657 terra,
2225 1601 2339 1644 nec

184 1689 498 1768 sor-onam
562 1681 773 1746 ullius
823 1683 968 1744 avis
1029 1679 1248 1744 alatae
1311 1702 1472 1763 quae
1520 1680 1694 1745 volat
1746 1703 1967 1746 versus
2030 1681 2271 1746 coelum
2296 1687 2335 1720 “

199 1787 414 1848 Dent:
449 1785 560 1846 IV:
597 1789 626 1844 1
647 1790 708 1860 73
759 1801 870 1862 per
895 1785 1051 1845 haec
1083 1786 1146 1842 in
1173 1800 1359 1844 sensu
1382 1787 1613 1846 interno
1642 1785 2007 1864 significatur
2032 1786 2193 1862 quod
2216 1803 2337 1846 non

205 1887 330 1947 sibi
369 1885 780 1964 comparanda
813 1887 892 1944 sit
925 1887 1224 1962 sapientia
1259 1893 1319 1946 et
1349 1885 1745 1964 intelligentia
1778 1903 1857 1948 ex
1888 1893 2083 1946 semet
2116 1903 2227 1946 seu
2262 1905 2339 1946 ex

205 1991 495 2065 proprio,
549 2003 660 2064 per
695 1984 996 2044 Animalia
1041 1987 1196 2044 enim
1249 2003 1403 2061 quae
1438 1987 1793 2062 gradiuntur
1836 2003 2022 2063 super
2056 1993 2219 2046 terra
2252 1989 2339 2046 si-

211 2076 578 2164 gnificantur
615 2085 962 2146 affectiones
1007 2085 1150 2145 boni
1186 2104 1262 2146 ex
1299 2084 1515 2162 quibus
1552 2088 1875 2163 sapientia,
1934 2093 1994 2146 et
2045 2104 2157 2162 per
2192 2103 2339 2146 aves

215 2187 629 2262 significantur
661 2186 1007 2248 affectiones
1043 2187 1169 2244 veri
1207 2203 1282 2246 ex
1317 2185 1533 2262 quibus
1569 2185 1962 2262 intelligentia
1977 2205 1995 2261 3
2029 2203 2141 2262 per
2176 2188 2338 2266 quod

221 2299 352 2340 non
381 2287 644 2347 facerent
703 2286 818 2346 sibi
876 2286 1128 2347 sormam
1181 2302 1387 2346 eorum
1423 2285 1790 2363 significatur·
1850 2287 2010 2362 quod
2042 2286 2183 2348 illae
2218 2279 2337 2347 fron

225 2386 659 2462 comparandae
696 2389 816 2448 sint
851 2405 928 2446 ex
961 2386 1198 2446 homine
1247 2403 1357 2446 seu
1394 2403 1467 2446 ex
1502 2387 1743 2463 proprio
1780 2387 1939 2464 ejus;
1994 2391 2127 2446 avis
2174 2387 2338 2447 alata

225 2473 384 2559 quae
421 2481 586 2546 volat
609 2505 820 2549 versus
849 2487 1082 2547 coelum
1111 2487 1342 2563 dicitur,
1380 2489 1523 2570 quia
1554 2504 1664 2564 per
1690 2503 1862 2546 avem
1898 2484 2120 2546 alatam
2146 2489 2334 2562 signi-

209 2583 438 2646 ·ficatur
462 2587 810 2648 intellectus
839 2590 969 2647 veri
1003 2585 1349 2665 spiritualia
1390 2593 1451 2648 et
1482 2604 1594 2664 per
1616 2586 1820 2646 volare
1854 2603 2067 2650 versus
2102 2587 2338 2648 coelum

215 2686 586 2764 significatur
633 2690 1090 2765 circumspectio
1153 2704 1308 2763 quae
1360 2694 1455 2748 est
1502 2687 1929 2764 intelligentiae
1987 2689 2051 2746 in
2084 2687 2339 2750 Divinis».

214 2785 304 2846 Ex
340 2788 436 2848 his
470 2803 626 2846 nunc
663 2795 938 2848 constare
993 2795 1221 2866 potest,
1280 2789 1424 2866 quid
1460 2787 1831 2865 significatur
1875 2805 1985 2865 per
2034 2787 2193 2864 quod
2236 2787 2336 2846 hic

214 2883 532 2947 Cherubus
565 2891 915 2965 apparuerit
948 2889 1156 2948 similis
1191 2889 1453 2966 Aquilae
1491 2888 1745 2964 volanti3
1784 2890 1941 2948 sicut
1976 2890 2152 2948 etiam
2168 2871 2333 2964 'quid

207 2988 580 3065 significatur
628 2989 790 3066 apud
823 2989 1066 3065 Esajam
1113 3007 1224 3066 per
1287 3033 1326 3063 „
1349 2987 1690 3070 Seraphim
1730 2987 1949 3068 cuique
1968 3004 1971 3007 ·
1992 2994 2175 3050 erant
2220 3007 2335 3050 sem

209 3085 374 3162 alae,
411 3107 683 3168 quarum
716 3088 966 3150 duabus
995 3089 1238 3169 teyebat
1257 3089 1521 3169 faciem,
1563 3088 1813 3150 duabus
1852 3089 2095 3170 teyebat
2118 3089 2333 3171 pedes,

211 3193 272 3248 et
301 3187 554 3250 duabus
581 3187 882 3251 volabat“
920 3190 1028 3250 VI:
1075 3194 1136 3263 2,
1177 3190 1337 3267 quod
1363 3205 1579 3273 nempe
1614 3207 1726 3267 per
1754 3190 1885 3248 alas
1912 3190 2125 3268 quibus
2159 3197 2331 3268 tege·
2376 3195 2537 3256 [324]

211 3287 320 3348 bat
353 3288 570 3348 faciem
605 3290 977 3368 significetur
1003 3290 1236 3350 affectio
1263 3293 1395 3350 veri
1420 3290 1745 3368 spiritualis
1760 3311 1777 3366 3
1814 3307 1926 3368 per
1952 3292 2079 3351 alas
2116 3291 2337 3368 quibus

207 3387 460 3466 tegebat
490 3391 711 3467 pedes,
761 3391 994 3452 affectio
1031 3392 1160 3450 veri
1209 3391 1499 3450 naturalis
1554 3391 1691 3450 inde
1702 3411 1719 3466 3
1774 3397 1834 3450 et
1878 3407 1990 3467 per
2028 3391 2155 3448 alas
2198 3395 2334 3466 qui-

207 3487 326 3548 bus
354 3489 602 3550 volabat
637 3493 1097 3568 circumspectio
1127 3497 1189 3551 et
1213 3493 1586 3570 praesentia,
1639 3491 1735 3551 hic
1788 3491 2331 3567 omnipraesentia,

211 3590 357 3666 quia
397 3606 510 3665 per
558 3589 876 3668 Seraphim
937 3591 1128 3651 simile
1189 3593 1558 3668 significatur
1621 3592 1781 3670 quod
1827 3609 1938 3669 per
1987 3588 2330 3665 Cherubim,

211 3706 432 3766 nempe
467 3690 690 3751 Divina
732 3691 1117 3753 Providentia
1153 3690 1350 3768 quoad
1404 3690 1769 3752 Custodiam.
1845 3691 2017 3768 Quod
2049 3707 2162 3768 per
2195 3690 2327 3750 Vo-

211 3787 370 3864 lare,
423 3807 558 3850 cum
609 3791 684 3851 de
719 3790 1054 3852 hominibus
1069 3835 1086 3866 ,
1143 3790 1509 3868 significetur
1545 3793 2001 3871 circumspectio
2048 3798 2108 3852 et
2152 3790 2330 3850 simul

209 3886 598 3968 praesentia,
643 3898 738 3952 est
773 3894 916 3970 quia
947 3893 1115 3950 visus
1153 3897 1248 3950 est
1292 3907 1589 3967 praesens
1626 3893 1786 3968 apud
1822 3893 2124 3971 objectum
2170 3890 2331 3969 quod

209 3989 405 4062 videt,
461 3994 622 4069 quod
669 3996 964 4072 appareat
1003 3990 1386 4068 longinquum
1420 3997 1540 4067 *ant
1586 3991 1845 4062 distanS,
1896 3999 1993 4073 est
2028 4010 2103 4052 ex
2138 3994 2327 4051 inter·

213 4090 454 4166 mediis,
517 4111 674 4170 quae
724 4093 899 4154 simul
961 4098 1284 4169 apparent,
1350 4098 1411 4152 et
1445 4092 1776 4151 mensurari
1826 4099 2083 4168 possunt
2133 4091 2331 4170 quoad

213 4193 440 4266 spatia:
495 4193 610 4254 hoc
657 4195 838 4273 plene
875 4191 1208 4256 confirmari
1231 4197 1443 4273 ,potest
1495 4209 1569 4252 ex
1604 4189 1723 4250 illis
1778 4208 1933 4268 quae
1972 4193 2235 4252 existunt
2268 4194 2329 4251 in
