2700 4792
393 355 612 414 CAPUT
665 355 1004 416 TERTIUM.
1748 357 1924 414 VERS
1942 381 1955 414 ε
2000 370 2051 426 1.
2228 375 2335 428 261

225 563 266 595 „
291 517 427 581 Vae
456 515 801 598 Prophetis
847 513 1074 578 stultia
1125 515 1238 596 qui
1281 516 1511 578 abeunt
1542 522 1699 596 poet
1744 516 2051 597 spiritum
2097 527 2335 584 auum“

223 620 420 680 XIII:
475 621 546 679 3:
607 618 770 695 apud
818 618 1085 678 Eundem
1162 661 1202 691 „
1218 615 1411 693 Quod
1452 615 1740 678 ascendit
1792 638 1983 700 super
2032 621 2337 700 spiritum
2428 629 2434 639 “

221 725 522 789 vestrum,
557 739 684 778 non
713 719 830 798 fiet
865 718 1186 797 unquam“
1265 713 1415 777 XX:
1478 719 1604 778 32:
1660 736 1731 776 ex
1778 719 1871 778 his
1920 728 2121 797 patet,
2176 724 2336 800 qued

223 826 360 880 tota
400 823 522 879 vita
566 819 822 879 hominis
869 819 1236 894 intelligatur
1281 835 1393 894 per
1441 818 1560 877 Cor
1596 823 1656 878 et
1708 817 2022 895 Spiritum,
2087 828 2147 882 et
2192 827 2335 900 quia

219 927 358 979 tota
387 923 512 979 vita
560 921 693 998 ejus
731 936 798 978 se
843 919 1027 978 refert
1075 918 1152 978 ad
1197 917 1349 976 haec
1396 916 1565 992 bina,
1622 935 1839 994 nempe
1890 919 1967 978 ad
1998 920 2217 980 bonum
2272 929 2335 982 et

221 1039 465 1095 verum,
506 1026 568 1078 et
600 1018 1002 1096 inspirituali
1037 1035 1221 1078 sensu
1258 1017 1336 1074 ad
1384 1035 1647 1076 amorem
1687 1023 1748 1078 et
1790 1019 1998 1095 fidem,
2050 1019 2185 1080 ideo
2220 1040 2332 1099 per

229 1120 352 1180 Cor
385 1127 444 1180 et
477 1120 772 1196 Spiritum
804 1119 946 1177 illae
981 1119 1157 1177 binae
1192 1117 1373 1177 Vitae
1407 1117 1661 1183 hominis
1697 1118 2139 1196 intelliguntur:
2190 1122 2329 1182 inde

231 1238 464 1297 quoque
501 1227 598 1279 est
633 1219 792 1296 quod
819 1217 939 1278 Cor
963 1224 1026 1278 et
1053 1217 1310 1295 Spiritus
1345 1218 1678 1294 significent
1715 1217 2101 1279 Voluntatem
2138 1227 2197 1280 et
2221 1222 2327 1280 In-

219 1321 530 1381 tellectum
565 1321 853 1393 hominis,
906 1321 1183 1395 queniam
1221 1318 1336 1378 hae
1374 1318 1549 1376 binae
1584 1318 1899 1377 facultates
1936 1319 2097 1396 apud
2130 1321 2325 1382 homi-

224 1438 364 1481 nem
410 1422 636 1480 faciunt
672 1437 905 1480 omnem
951 1421 1134 1478 vitam
1179 1418 1342 1495 ejus,
1410 1417 1551 1476 alibi
1594 1436 1769 1494 quam
1820 1421 1881 1477 in
1923 1415 2038 1479 mis
2078 1436 2197 1480 non
2234 1430 2329 1480 est

223 1523 351 1580 vita
411 1521 636 1580 homini
649 1541 666 1596 3
739 1536 926 1578 eausa
981 1525 1102 1594 est,
1177 1520 1318 1595 quia
1361 1517 1659 1577 Voluntas
1720 1525 1813 1578 est
1874 1522 2327 1598 receptaculum

222 1621 364 1680 boni
401 1628 462 1681 et
502 1623 632 1698 ejus
671 1621 921 1698 amoris,
967 1626 1072 1678 aut
1106 1618 1248 1676 mali
1289 1625 1350 1676 et
1394 1619 1526 1695 ejus
1566 1621 1815 1694 amoris,
1866 1637 1938 1678 ac
1973 1619 2325 1685 Intellectus

225 1728 318 1781 est
351 1719 804 1797 receptaculum
840 1722 972 1778 veri
1009 1726 1112 1777 aut
1156 1719 1287 1795 ejus
1323 1718 1489 1793 fidei,
1554 1725 1658 1777 aut
1702 1717 1841 1780 falsi
1888 1727 1955 1780 et.
1999 1721 2131 1800 ejus
2165 1721 2324 1796 fidei,

225 1839 321 1898 ac,
379 1827 446 1881 ut
479 1823 705 1880 dictum
743 1826 869 1891 est,
925 1822 1122 1880 omnia
1157 1818 1320 1894 apud
1353 1818 1651 1878 hominem
1691 1836 1759 1883 se
1793 1822 2059 1891 referunt
2098 1821 2185 1883 ad.
2211 1822 2324 1880 bo·
2417 1833 2427 1842 ·

221 1939 364 1981 num
403 1929 466 1981 et
492 1939 702 1980 verum
740 1926 844 1978 aut
877 1920 954 1978 ad
987 1919 1206 1982 malum
1237 1925 1298 1976 et
1332 1918 1577 1989 falsum,
1618 1925 1679 1979 et
1712 1922 1769 1980 in
1808 1919 2115 1998 spirituali
2142 1939 2327 1982 sensu

222 2022 298 2081 ad
340 2040 604 2082 amorem
643 2028 704 2080 et
745 2019 954 2096 fidem,
1009 2020 1284 2078 videatur
1308 2018 1633 2079 Dec-rama
1678 2019 1891 2080 Novar.
1928 2003 2324 2081 Hie-nosemi-

223 2142 366 2196 ΜΔΕ,
404 2139 474 2182 n:
517 2124 606 2181 28
649 2121 728 2180 ad
767 2121 877 2180 35.
950 2119 1127 2197 Quod
1156 2137 1271 2196 per
1307 2117 1611 2194 Spiritum,
1656 2137 1791 2178 cum
1831 2120 1904 2179 de
1932 2119 2185 2197 homine,
2236 2123 2322 2180 si·

224 2223 537 2300 gnificetur
570 2221 800 2281 Verum
841 2227 944 2280 aut
979 2220 1192 2279 falsum
1214 2263 1229 2293 ,
1275 2225 1453 2277 etex
1488 2237 1605 2277 uno
1650 2227 1755 2276 aut
1789 2220 1976 2279 altero
2012 2224 2136 2280 vita
2174 2221 2323 2299 eine,

227 2330 320 2382 est
359 2325 502 2400 quia
535 2341 648 2398 per
683 2323 956 2397 spiritum
1006 2322 1246 2398 proprie
1291 2319 1648 2395 intelligitur
1688 2321 1933 2396 spiritus
1986 2323 2087 2397 qui
2130 2328 2225 2381 est
2264 2324 2327 2381 in

225 2423 465 2482 homine
519 2428 580 2481 et
627 2423 878 2499 cogitat,
935 2427 994 2479 et
1045 2422 1096 2478 is
1153 2421 1377 2496 cogitat
1416 2419 1515 2478 vel
1560 2435 1635 2477 ex
1680 2421 1838 2480 veris
1874 2419 1974 2478 vel
2019 2435 2090 2480 ex
2126 2421 2325 2496 falsis3
2364 2473 2367 2478 .

235 2523 376 2592 sed,
407 2530 475 2580 ut
505 2540 639 2581 mox
675 2538 860 2598 supra
897 2520 1165 2599 dietum„
1201 2526 1342 2577 sunt
1382 2519 1497 2577 duo
1540 2535 1694 2594 quae
1730 2519 1957 2577 faciunt
1990 2522 2173 2578 vitam
2208 2521 2323 2578 ho-

235 2624 439 2695 minis,
486 2622 828 2680 Intellectus
877 2627 936 2679 et
976 2620 1304 2692 VoluntaS,
1362 2621 1489 2677 vita
1522 2618 1873 2678 Intellectus
1922 2623 2017 2676 est
2063 2621 2355 2695 cogitare.
2413 2627 2427 2642 ’

227 2740 302 2781 ex
332 2724 490 2783 veris
533 2730 634 2780 aut
668 2721 857 2790 falsie,
911 2727 970 2779 et
1007 2723 1134 2778 vita
1172 2719 1519 2778 Voluntatis
1560 2725 1655 2777 est
1698 2717 1943 2778 afficere
1978 2730 2091 2780 seu·
2116 2722 2328 2778 incen-

223 2822 362 2883 dere
410 2840 616 2881 amore
658 2821 764 2879 illa
819 2837 973 2896 quae
1025 2819 1377 2881 Intellectus
1428 2821 1683 2895 cogitat:
1752 2817 1871 2878 hae
1918 2816 2097 2878 binae
2146 2819 2335 2880 Vitae

220 2921 472 2987 heminis
521 2921 992 2997 correspondent
1047 2921 1202 2980 binis
1248 2922 1385 2977 vitis
1432 2921 1699 2995 corporis
1748 2919 1879 2996 ejus
1896 2962 1911 2993 ,
1980 2932 2134 2996 quae
2190 2926 2331 2980 sunt

221 3025 340 3084 vita
373 3023 788 3099 respirationis
824 3021 1162 3094 Pulmonis,
1212 3025 1272 3078 et
1295 3021 1433 3078 ¹vita
1472 3019 1682 3095 pulsus
1724 3017 1966 3095 Cordis;
2020 3037 2135 3096 per
2172 3021 2327 3082 hane

221 3121 824 3199 correspondentiam
861 3123 1060 3180 'unitus
1099 3126 1193 3179 est
1220 3119 1480 3195 Spiritus
1520 3119 1773 3196 Corpori
1808 3119 1971 3195 apud
2004 3120 2323 3195 hominem,

221 3224 499 3284 videatur
541 3239 728 3298 supra
774 3240 840 3280 n:
888 3223 1046 3292 167,
1103 3227 1161 3278 et
1207 3221 1266 3277 in
1314 3218 1515 3296 Opere
1567 3219 1641 3278 de
1684 3217 1885 3280 cono
1935 3226 2015 3280 m·
2053 3221 2327 3281 Interam
2401 3292 2410 3301 ·

220 3341 291 3383 n:
335 3327 504 3383 446.
547 3325 684 3380 447
706 3342 722 3397 3
789 3324 930 3398 quia
963 3322 1102 3379 talis
1141 3318 1687 3395 correspondentia
1722 3326 1844 3392 est,
1890 3319 2025 3381 ideo
2065 3321 2325 3398 Spiritus

223 3422 438 3482 dieitur
473 3440 512 3480 a
544 3421 744 3481 Vento
788 3428 908 3480 tam
953 3424 1014 3480 in
1059 3421 1293 3496 Lingua
1347 3419 1647 3495 originali,
1714 3437 1893 3495 quam
1946 3423 2004 3478 in
2050 3421 2325 3496 pluribus

217 3523 346 3584 aliis
385 3524 676 3598 Linguis,
730 3538 915 3597 quare
955 3523 1134 3590 etiam
1163 3522 1471 3598 exspirare
1511 3520 1863 3597 exprimitur
1902 3536 2014 3594 per
2056 3520 2327 3576 emittere

217 3625 512 3700 spiritum,
555 3629 616 3680 et
641 3622 756 3681 hoc
783 3637 1021 3698 quoque
1051 3623 1112 3679 in
1138 3620 1369 3694 Verb03
1416 3625 1485 3677 ut
1511 3619 1674 3695 apud
1701 3619 1995 3676 Davidem
2036 3613 2330 3694 „Colleyi

213 3720 542 3802 Spiritum
573 3740 806 3791 eorum,
852 3719 1260 3800 exspiravit“
1323 3719 1559 3778 Psalm:
1600 3717 1768 3776 CIV:
1812 3719 1937 3775 29:
1970 3715 2131 3791 apud
2166 3717 2325 3773 Eze-

217 3823 470 3883 chielem
551 3821 816 3896 „Dz‘oez‘t
857 3821 1190 3882 Dominus
1241 3817 1511 3879 Jehovih
1579 3816 1825 3876 ossibus
1876 3813 2121 3888 aridia,
2200 3831 2367 3872 eece.

213 3919 363 4003 Eyo
399 3920 728 3982 adducens
775 3920 1080 4002 spiritum
1121 3919 1193 3981 in
1231 3937 1373 3986 vos,
1420 3923 1496 3978 ut
1529 3915 1808 4006 vivarii&
1865 3918 1926 3973 et
1964 3912 2141 3976 dixit
2174 3913 2327 3974 Do-

215 4024 432 4083 minu-s
480 4020 766 4098 Jehovih,
805 4035 849 4082 a
884 4025 1156 4100 quatuor
1201 4017 1405 4080 venti-s·
1440 4017 1580 4077 veni
1614 4013 1889 4095 spiritus
1904 4059 1919 4090 ,
1981 4019 2041 4074 et
2078 4014 2333 4095 inspira

139 4169 150 4182 .
216 4120 278 4182 in
329 4121 576 4182 occisos
623 4120 736 4181 Ιιοε
755 4166 774 4192 ,
833 4127 894 4182 et
943 4120 1110 4182 venit
1157 4119 1230 4180 in
1273 4135 1377 4178 eoa
1424 4114 1699 4197 spiritua
1717 4161 1733 4192 ,
1805 4120 1864 4174 et
1914 4117 2328 4178 revioeemnffl

212 4219 562 4285 XXXVII:
615 4223 672 4281 5.
712 4223 767 4285 9.
817 4225 929 4284 10.
975 4223 1046 4282 In
1087 4219 1461 4298 Apocalypsi
1531 4215 1738 4293 „Duo
1788 4213 2005 4280 Testes
2050 4215 2243 4278 occisi
2282 4234 2367 4280 a·
