2700 4792
379 329 618 400 CAPUT
652 341 958 400 PRIMUM.
1746 341 1925 398 VERS
1952 365 1965 397 ι
2011 353 2103 425 13.
2260 359 2331 414 09

199 503 426 580 Ipsius
463 501 626 560 facta
651 502 772 562 sint
800 499 1064 559 candida
1099 505 1165 558 ut
1200 499 1367 574 Lux,
1423 505 1555 560 erat
1580 501 1721 578 quia
1748 503 2105 564 vestimenta
2139 505 2327 582 signi-

199 603 404 664 ficant
451 603 736 661 Divinum
789 601 1024 661 Verum
1077 600 1413 676 procedens
1462 601 1537 660 ab
1586 600 1761 678 Ipse,
1824 603 2100 664 similiter
2148 607 2328 664 etiam

199 704 388 779 Lux3
445 703 606 778 quod
662 704 1056 778 apparuerint
1105 701 1309 759 Moses
1374 707 1434 760 et
1492 701 1686 775 Elina,
1760 710 1889 761 erat
1949 708 2091 780 quia
2148 705 2325 767 ambo

203 803 564 881 significant
598 802 870 862 Verbum
889 847 907 873 ‚
959 803 1162 862 Moses
1189 801 1458 861 Verbum
1492 802 1854 861 Historicum
1884 812 1945 865 et
1966 805 2131 864 Elias
2167 805 2327 865 Ver-

199 905 364 964 bum
422 904 878 981 Prophetieum3
944 904 1102 981 quod
1163 901 1356 961 nubes
1418 901 1621 960 lucida
1678 903 2107 964 inumbraverit
2172 905 2329 977 illoti,
2370 910 2489 973 [50]

210 1011 357 1064 erat
397 1006 538 1080 quia
561 1003 756 1062 nubes
793 1003 996 1062 lucida
1019 1003 1312 1080 significat
1338 1001 1607 1062 Verbum
1641 1005 1703 1061 in
1736 1001 1911 1063 litera
1942 1008 2006 1064 in
2042 1023 2159 1083 quo
2186 1022 2329 1066 seu-

205 1121 326 1163 sus
368 1107 684 1180 internus;
739 1103 898 1180 quod
932 1122 1048 1162 vox
1085 1121 1117 1162 e
1155 1102 1312 1162 nube
1350 1102 1597 1176 dixerit,
1652 1102 1767 1162 Hic
1798 1110 1893 1162 est
1925 1105 2113 1164 Filius
2154 1123 2327 1167 meus

211 1205 509 1279 dilectus,
565 1205 627 1261 in
659 1204 794 1279 Quo
842 1201 1192 1281 acquiesce,
1245 1203 1455 1279 Ipsum
1503 1202 1734 1277 midine,
1794 1212 1923 1265 erat
1958 1208 2099 1281 quia
2135 1223 2251 1266 vox
2294 1225 2327 1268 e

207 1305 380 1364 nube
413 1305 708 1380 significat
759 1305 1043 1362 Divinum
1078 1304 1306 1363 Verum
1354 1320 1387 1362 e
1438 1302 1675 1378 Verbo,
1731 1319 1801 1362 ac
1845 1304 2035 1364 Filius
2072 1305 2325 1366 dilectus

218 1405 508 1466 Divinum
541 1405 886 1468 Humanum
919 1405 1149 1481 Ipsius,
1207 1411 1268 1463 et
1299 1405 1441 1479 quia
1488 1402 1771 1462 Divinum
1808 1404 2035 1464 Verum
2072 1406 2147 1464 ab
2180 1406 2325 1484 Ipso

225 1510 362 1578 est,
422 1510 478 1561 et
509 1504 642 1563 inde
680 1521 852 1564 omne
892 1522 1100 1565 verum
1139 1504 1481 1573 Ecclesiae,
1538 1503 1757 1563 dictum
1810 1512 1905 1563 est
1938 1523 1973 1564 e
2008 1506 2196 1582 nube,
2252 1506 2326 1568 in

225 1601 378 1680 Quo
414 1604 762 1681 acquiesce,
834 1603 1064 1683 Ipsum
1107 1603 1373 1664 audite:
1428 1603 1589 1679 quod
1640 1605 1925 1664 Divinum
1978 1605 2322 1666 Humanum

213 1703 458 1765 Domini
507 1707 590 1763 ita
623 1708 822 1763 visum
860 1708 972 1780 sit,
1034 1712 1236 1780 patet,
1290 1706 1431 1780 quia
1465 1703 1668 1780 Ipsum
1707 1705 1989 1763 Divinum
2026 1723 2143 1766 non
2177 1717 2317 1784 pot-

211 1810 310 1864 est
347 1803 526 1862 alicui
563 1822 862 1881 apparere
896 1807 1012 1864 nisi
1049 1823 1226 1880 quam
1263 1821 1375 1880 per
1414 1805 1697 1863 Divinum
1734 1805 2105 1876 Humanum,
2162 1808 2323 1884 quod

209 1906 394 1963 etiam
434 1904 730 1963 Dominus
777 1905 954 1965 docet
1002 1905 1164 1982 apud
1208 1905 1547 1964 Johannem
1612 1903 1881 1978 „Deum
1922 1925 2099 1966 nemo
2152 1905 2321 1966 vidit

203 2023 520 2082 umnam,
583 2003 967 2082 Uniymitue
1016 1999 1245 2065 Filius
1289 2003 1405 2084 qui
1461 2009 1559 2063 eet
1602 2003 1675 2064 in
1720 2004 1872 2066 sinu
1906 2005 2139 2066 Patri-s·
2188 2004 2319 2068 Ille

201 2104 557 2183 empoeuit“
592 2105 640 2163 I:
689 2110 716 2164 1
735 2107 798 2164 8:
839 2113 900 2165 et
931 2105 1075 2164 alibi
1102 2105 1367 2186 „Neque
1392 2122 1595 2164 vocem
1621 2101 1854 2164 Patris
1878 2125 2159 2186 unquam
2190 2125 2311 2168 au·-

199 2203 502 2279 divc'etie,
552 2223 744 2285 neque
776 2205 1044 2285 epecimn
1068 2204 1296 2284 Ipsius
1330 2204 1645 2266 vidie-tie“
1686 2204 1772 2263 V:
1821 2209 1947 2282 37}
1982 2208 2151 2284 quod
2170 2205 2316 2266 talia

201 2322 322 2383 per
361 2305 466 2363 illa
498 2305 690 2364 verba
733 2307 898 2382 apud
932 2307 1355 2382 Evangelistas
1392 2305 1815 2382 significentur,
1856 2321 2130 2368 consta-re
2168 2315 2309 2384 pot-

205 2411 309 2465 est
348 2421 423 2464 ex
463 2397 739 2464 AncAms
779 2406 1224 2481 Connns'rmm,
1263 2405 1369 2464 ubi
1403 2405 1638 2482 singula
1668 2412 1911 2469 ostensa
1944 2413 2083 2466 sunt
2096 2427 2113 2482 3
2152 2407 2311 2486 quod

202 2519 430 2578 nempe
456 2520 566 2578 per
589 2505 854 2578 Petrum,
887 2507 926 2565 J
932 2507 1184 2565 acobum
1213 2513 1272 2564 et
1298 2506 1639 2566 ,Iohannem
1656 2507 1717 2563 in
1736 2506 1939 2565 Verbo
1966 2507 2307 2582 significen-

203 2611 313 2661 tur
337 2602 550 2675 Fides,
593 2603 866 2663 Charitas
897 2612 955 2664 et
981 2606 1184 2683 Opera
1211 2607 1536 2680 charitatis,
1574 2624 1645 2664 n:
1680 2606 1765 2663 37
1783 2606 1892 2679 50,
1930 2612 1991 2663 et
2016 2622 2202 2682 supra
2234 2623 2308 2663 u:

202 2693 332 2792 [8.]
361 2705 420 2761 9.
463 2703 641 2778 Quod
667 2722 781 2779 per
805 2712 1060 2766 montem
1087 2707 1274 2766 altum
1299 2707 1669 2782 significetur
1697 2703 1961 2778 Coe-lum,
1990 2723 2049 2763 n:
2094 2707 2307 2764 8327.

207 2804 428 2862 8805.
477 2807 690 2864 9420.
740 2807 950 2864 9422.
999 2809 1208 2866 9434.
1250 2808 1510 2866 10608.
1585 2804 1759 2881 Quod
1793 2823 1904 2880 per
1938 2806 2171 2878 faciem,
2214 2808 2309 2864 in·-

199 2905 428 2963 teriora
464 2922 620 2980 quae
659 2908 904 2981 mentis»,
943 2925 1010 2966 n:
1059 2908 1268 2966 1999.
1315 2909 1525 2966 2434.
1574 2904 1785 2966 3527.
1837 2909 2049 2966 4066.
2092 2909 2310 2966 4796..

211 3005 425 3063 5102.
469 3006 678 3064 9306.
731 3007 954 3066 95463
1041 3013 1100 3066 et
1150 3025 1262 3083 per
1319 3006 1539 3068 faciem
1590 3006 1831 3066 Domini
1877 3007 2307 3079 Misericordia,

199 3103 336 3160 Pax
371 3109 432 3162 ei
474 3121 645 3164 omne
703 3105 972 3176 Bonum,
1025 3125 1094 3169 n:
1151 3111 1312 3167 222.
1351 3110 1512 3166 223.
1570 3107 1776 3166 5585.
1830 3109 2040 3168 9306.
2094 3109 2307 3167 9546.

99 3225 112 3235 ·
211 3203 426 3262 9888.
514 3201 685 3278 Quod
731 3223 843 3282 per
889 3206 1094 3266 Solem
1143 3207 1399 3266 Divinus
1448 3207 1656 3280 Amor,
1709 3226 1781 3266 nt
1835 3211 2047 3267 2495.
2091 3210 2306 3267 4060.

210 3303 424 3376 7083,
480 3308 540 3361 et
582 3306 642 3362 in
673 3304 874 3382 Opere
913 3307 985 3366 de
1020 3307 1224 3373 Coun
1258 3327 1337 3366 Μ·
1366 3307 1673 3381 Irin-nano,
1720 3324 1789 3365 n:
1844 3309 1977 3366 116
2018 3307 2115 3366 ad·
2146 3310 2305 3366 125.

199 3399 380 3476 Quod
414 3419 527 3478 per
563 3407 951 3480 vestimenta,
991 3424 1128 3466 eum
1166 3406 1239 3464 de
1283 3407 1559 3480 Domino,
1609 3406 1893 3464 Divinum
1928 3407 2185 3478 Verum,
2234 3423 2305 3462 n:

205 3505 418 3562 9212.
477 3506 703 3564 9216;
760 3505 920 3581 quod
968 3506 1161 3565 simile
1211 3525 1322 3582 per
1373 3507 1629 3578 Lucem,
1696 3525 1762 3564 n:
1816 3507 2027 3566 3195.
2092 3507 2303 3563 3222.

208 3601 425 3662 5400.
459 3604 674 3662 8644.
715 3606 926 3666 9399.
965 3607 1176 3666 9548.
1213 3609 1423 3681 9684,
1458 3613 1517 3666 et
1550 3607 1609 3663 in
1642 3606 1843 3682 Opere
1882 3605 1955 3664 de
1997 3603 2197 3662 Coum
2228 3621 2305 3662 ιιι·

193 3699 505 3776 murino,
557 3721 633 3761 n:
683 3706 817 3762 126
861 3705 938 3764 ad
985 3708 1144 3766 140.
1203 3705 1382 3781 Quod
1414 3707 1615 3766 Moses
1671 3711 1731 3765 et
1774 3706 1936 3764 Elias
1974 3703 2308 3780 significent

197 3799 481 3876 Verbum,
515 3803 676 3878 quod
710 3805 934 3878 Moses,
974 3821 1044 3864 n:
1094 3807 1304 3865 5922.
1351 3808 1563 3866 6723.
1602 3807 1811 3866 6752.
1848 3808 2059 3864 6771.
2096 3806 2306 3863 6827.

205 3889 416 3978 7φιο.
465 3905 674 3962 7014.
722 3906 933 3964 7089.
981 3908 1192 3966 7382.
1239 3908 1451 3965 9372.
1496 3909 1765 3981 102343
1822 3912 1883 3965 et
1918 3906 2077 3983 quod
2118 3906 2303 3982 Elias,

192 4018 266 4058 n:
309 4003 523 4064 2762.
562 4003 770 4063 5247.
846 4003 1024 4080 Quod
1056 4004 1248 4065 nubes
1297 4005 1593 4082 significet
1627 4006 1927 4082 Verbum,
1993 4023 2178 4084 supra
2228 4024 2302 4065 n:

201 4101 314 4160 36.
383 4100 562 4176 Quod
611 4102 800 4162 Filius
851 4104 1108 4164 dilectus
1173 4107 1252 4164 sit
1298 4105 1582 4164 Divinum
1633 4105 1977 4166 Humanum
2040 4107 2297 4178 Domini,

191 4206 378 4276 patet.
473 4201 561 4260 Ex
603 4219 674 4260 eo
711 4204 874 4286 quod
929 4204 1591 4266 Vestimenta.Domini
1640 4205 1973 4282 significent
2018 4205 2303 4262 Divinum
