2700 4792
423 379 532 432 1⁶22
837 365 1326 422 Arocamrffls
1370 365 1803 421 nxrucA‘rA.
1888 365 1936 435 §-
1978 373 2109 428 102.

423 535 552 602 tul-3
606 524 706 584 hic
745 541 892 584 vero
927 525 1148 601 agnitio
1193 525 1435 586 Domini
1484 531 1547 584 et
1590 525 1993 602 cognitionum
2026 524 2157 583 veri
2190 539 2351 600 quae
2384 539 2553 601 spe-

425 632 594 686 ctant
654 625 892 702 Ipsum,
953 628 1096 702 quia
1146 625 1262 684 hoc
1311 626 1529 685 dicitur
1574 625 1653 684 ad
1696 624 1832 684 illos
1894 627 1999 701 qui
2056 622 2233 684 modo
2283 625 2553 684 student

423 725 882 805 cognitionibus.
976 725 1152 801 Quod
1202 743 1314 803 per
1358 725 1591 786 Nomen
1645 724 1921 785 Jehovae
1968 741 2079 784 sen
2126 723 2379 784 Domini
2424 741 2557 784 non

427 826 794 904 intelligatur
827 828 1024 903 ipsum
1071 826 1331 903 Nomen,
1388 827 1499 886 sed
1542 827 1743 884 omnia
1776 827 1995 886 amoris
2040 831 2101 883 et
2135 823 2303 894 fidei,
2374 825 2553 884 ducit

429 943 678 990 oausam
717 943 790 986 ex
831 927 1130 1004 spirituali
1165 927 1415 1002 munc103
1470 926 1555 985 ibi
1588 927 1828 986 nomina
1862 943 2019 1002 quae
2052 926 2117 984 iu
2149 925 2360 1000 terriS,
2420 943 2551 984 non

431 1031 846 1098 enuntiantur,
897 1027 1009 1086 sed
1041 1029 1284 1086 nomina
1326 1027 1721 1103 personarum
1738 1071 1753 1102 ,
1811 1025 1885 1084 de
1922 1025 2139 1102 quibus
2184 1025 2550 1100 loquuntur,

427 1131 758 1190 formantur
805 1145 882 1186 ex
929 1128 1070 1187 idea
1122 1130 1381 1186 omnium
1430 1145 1589 1204 quae
1624 1129 1893 1186 sciuntur
1936 1126 2010 1185 de
2054 1124 2204 1197 illis,
2260 1143 2429 1200 quae
2482 1129 2549 1184 in

429 1243 612 1290 unam
654 1243 866 1288 vocem
904 1228 1397 1304 compinguntur3
1452 1227 1589 1286 talis
1626 1234 1723 1286 est
1768 1227 2095 1286 enuntiatio
2130 1227 2453 1286 nominum
2486 1229 2549 1284 in

427 1330 650 1392 Mundo
699 1328 1025 1406 spirituali3
1095 1327 1252 1386 unde
1309 1335 1430 1400 est,
1505 1326 1663 1404 quod
1718 1329 1897 1386 etiam
1958 1328 2197 1386 nomina
2242 1325 2327 1383 ibi
2358 1329 2553 1400 ⁴sicut

427 1434 630 1492 omnia
685 1428 918 1504 reliqua
979 1429 1098 1487 sint
1151 1427 1524 1505 spiritualia:
1578 1427 1809 1488 Nomen
1856 1428 2147 1488 Dominus
2192 1432 2255 1484 et
2296 1425 2547 1486 Nomen

431 1532 618 1594 Jesus
657 1529 934 1591 Christus
982 1545 1092 1589 nec
1141 1528 1222 1586 ibi
1267 1530 1649 1588 enuntiantur
1690 1529 1849 1588 sicut
1892 1529 1953 1586 in
2004 1527 2209 1601 terris,
2264 1526 2384 1586 sed
2434 1545 2547 1604 pro

431 1633 553 1692 illis
586 1630 940 1692 Nominibus
977 1629 1210 1689 Nomen
1247 1630 1536 1689 formatur
1562 1646 1639 1688 ex
1662 1627 1803 1688 idea
1834 1630 2096 1686 omnium
2132 1643 2287 1702 quae
2322 1629 2543 1686 sciun-

427 1739 526 1792 tur
559 1737 624 1790 et
661 1729 983 1790 creduntur
1017 1729 1092 1788 de
1131 1728 1305 1806 Ipso,
1364 1747 1517 1806 quae
1566 1729 1705 1787 idea
1752 1734 1847 1787 est
1886 1745 1961 1786 ex
1994 1726 2271 1786 omnibus
2307 1731 2541 1788 amoris

431 1839 492 1892 et
533 1831 673 1890 fidei
719 1832 780 1888 in
820 1829 1058 1906 Ipsum,
1109 1846 1296 1888 causa
1344 1836 1465 1900 est,
1518 1831 1659 1906 quia
1706 1828 1859 1887 haec
1910 1831 1971 1886 in
2030 1827 2349 1904 complexu
2402 1835 2543 1886 sunt

429 1931 721 1991 Dominus
757 1928 920 2006 apud
959 1930 1125 2005 illos3
1181 1937 1275 1988 est
1325 1932 1482 1988 enim
1516 1929 1811 1990 Dominus
1863 1927 2025 2006 apud
2074 1930 2543 2004 unumquemvis

431 2034 493 2090 in
539 2031 711 2090 bonis
767 2031 987 2089 amoris
1029 2036 1090 2090 et
1129 2029 1270 2090 fidei
1311 2047 1469 2106 quae
1518 2030 1595 2088 ab
1637 2029 1812 2106 Ipso:
1868 2031 2011 2107 quia
2042 2030 2128 2086 ita
2164 2033 2283 2102 est,
2336 2045 2537 2086 unus-

436 2133 688 2209 quisque
733 2129 817 2188 ibi
854 2132 1053 2188 statim
1106 2131 1487 2207 cognoscitur
1534 2129 1730 2207 qualis
1780 2136 1875 2189 est
1927 2129 2125 2206 quoad
2170 2145 2441 2186 amorem
2478 2135 2541 2186 et

429 2232 609 2293 fidem
643 2234 706 2290 in
737 2229 1092 2306 Dominum,
1137 2221 1326 2290 ‘modo
1366 2232 1637 2290 enuntiat
1671 2230 1972 2308 spirituali
2016 2245 2163 2288 voce
2201 2245 2311 2288 seu
2348 2230 2536 2304 spiri-

433 2332 582 2391 tuali
613 2331 864 2392 Nomine
901 2331 1222 2391 Dominum
1270 2347 1385 2390 seu
1430 2332 1473 2391 J
1478 2348 1648 2390 esum
1696 2329 2027 2390 Christum:
2085 2335 2145 2388 et
2188 2329 2329 2388 inde
2376 2347 2539 2404 quo-

439 2451 556 2512 que
593 2439 688 2493 est
699 2477 716 2508 ,
773 2433 934 2510 quod
959 2431 1046 2490 illi
1073 2434 1320 2509 quinon
1364 2433 1425 2490 in
1469 2431 1673 2507 aliquo
1708 2448 1911 2490 amore
1952 2437 2055 2490 aut
2090 2433 2149 2488 in
2186 2429 2385 2506 aliqua
2414 2428 2541 2488 fide

433 2536 498 2594 in
532 2533 742 2611 Ipsum
781 2539 950 2608 sunt,
1016 2551 1133 2592 non
1167 2534 1405 2610 possint
1436 2534 1743 2604 nominare
1790 2531 2027 2609 Ipsum,
2082 2531 2195 2589 hoc
2240 2535 2360 2601 est,
2408 2529 2537 2590 for·

431 2653 600 2695 mare
649 2634 896 2718 aliquod
927 2633 1160 2694 Nomen
1196 2631 1509 2709 spirituale
1560 2632 1633 2692 de
1668 2632 1853 2708 Ipso:
1909 2650 1985 2690 ex
2017 2632 2111 2690 his
2154 2647 2311 2690 nunc
2344 2637 2535 2706 patet,

435 2736 592 2796 unde
635 2742 728 2795 est
769 2734 928 2812 quod
975 2752 1084 2811 per
1119 2734 1357 2794 Nomen
1390 2732 1665 2792 Jehovae
1702 2732 1941 2791 Domini
1979 2740 2083 2791 aut
2124 2730 2167 2790 J
2171 2747 2276 2791 esu
2316 2729 2541 2790 Christi

437 2839 499 2896 in
543 2835 747 2894 Verbo
783 2853 902 2894 non
935 2835 1306 2912 intelligatur
1345 2833 1609 2902 Nomen,
1665 2833 1773 2892 sed
1808 2851 1981 2893 omne
2028 2834 2244 2892 amoris
2286 2839 2347 2890 et
2400 2831 2543 2890 fidei

438 2953 554 3014 per
589 2934 748 3010 quod
784 2935 1011 2994 colitur.
1067 2937 1158 2997 Ne
1194 2937 1401 3012 itaque
1437 2934 1705 2994 invaleat
1730 2938 1959 3010 opinio,
2010 2951 2167 3011 quae
2200 2933 2361 3009 apud
2394 2932 2541 3008 plu·-

432 3051 536 3094 res
563 3040 804 3110 regnat,
843 3037 1002 3112 quod
1029 3037 1224 3096 solum
1247 3035 1483 3096 Nomen
1509 3035 1552 3094 J
1556 3051 1697 3096 esus
1726 3036 2017 3110 Christus,
2059 3034 2289 3110 absque
2330 3049 2538 3092 amore

443 3143 504 3196 et
537 3133 654 3194 fide
690 3137 750 3193 in
788 3135 1026 3215 Ipsum,
1082 3140 1168 3196 ita
1205 3137 1435 3214 absque
1472 3135 1906 3212 cognitionibus
1942 3153 2055 3212 per
2089 3150 2241 3223 quas
2278 3150 2451 3195 amor
2488 3140 2544 3193 et

441 3235 624 3311 fides,
682 3237 907 3315 aliquid
951 3237 1030 3296 ad
1079 3236 1332 3296 salutem
1372 3238 1580 3311 faciat,
1637 3237 1815 3296 velim
1856 3235 2061 3312 aliqua
2092 3235 2229 3294 loca
2264 3251 2298 3292 e
2334 3235 2541 3294 Verbo

437 3337 679 3413 afferre,
747 3339 853 3396 ubi
901 3343 1152 3414 propter
1209 3337 1441 3398 Nomen
1501 3336 1735 3414 IpsinS,
1797 3343 1859 3396 et
1900 3339 1963 3395 in
2012 3336 2265 3396 Nomine
2312 3334 2536 3412 IpsiuS,

338 3453 346 3458 ·
435 3439 678 3514 dicitur,
739 3457 815 3498 ex
853 3435 1068 3512 quibus
1114 3436 1202 3495 illi
1213 3481 1229 3510 ,
1296 3440 1401 3514 qui
1445 3437 1625 3496 altius
1667 3439 1957 3514 cogitant,
2013 3436 2217 3496 videre
2267 3443 2539 3511 possunt,

436 3541 594 3618 quod
620 3556 742 3597 non
768 3536 964 3595 solum
998 3533 1230 3596 Nomen
1266 3538 1639 3614 intelligatur
1656 3559 1673 3614 3
1728 3545 1795 3594 ut
1840 3535 2087 3612 „Jeeua
2121 3534 2317 3605 dimit,
2354 3535 2541 3597 ‹ev-itis

431 3640 615 3702 exosi
649 3635 940 3698 omnibus
961 3643 1225 3716 propter
1251 3635 1499 3698 Nomen
1524 3640 1780 3698 meum“
1818 3637 2046 3698 Matth:
2084 3636 2179 3695 X:
2218 3639 2331 3694 22.
2373 3635 2537 3712 Cap:

429 3739 676 3803 XXIV:
735 3739 794 3794 9.
838 3737 944 3794 10.
1027 3737 1208 3812 „Ubi
1242 3742 1394 3798 sunt
1428 3738 1555 3800 duo
1590 3736 1688 3798 vel
1723 3743 1851 3798 tres
1888 3735 2258 3816 eonyreyati
2290 3735 2365 3796 in
2394 3733 2537 3796 No-

431 3840 602 3902 mine
636 3853 800 3908 mee,
857 3833 948 3896 iba·
981 3855 1124 3898 sum
1171 3837 1242 3899 in
1283 3837 1489 3898 medio
1525 3841 1787 3900 eorum“
1838 3838 2063 3898 Matth:
2112 3836 2358 3896 XVIII:
2420 3839 2532 3894 20.

435 3937 811 4015 „Quotquot
844 3935 1070 4016 Ipsum
1121 3944 1511 4018 receperunt,
1590 3938 1772 4000 dedit
1822 3937 1965 4000 illie
2002 3942 2416 4017 potestatem,
2469 3941 2538 3996 ut

419 4034 563 4121 filii
602 4035 741 4097 Dei
787 4043 1018 4110 essent,
1071 4037 1465 4101 credentibus
1512 4039 1585 4100 in
1634 4039 1881 4101 Nomen
1936 4038 2209 4119 Ipsius“
2269 4037 2423 4098 Joh:
2475 4035 2535 4094 I:

441 4142 470 4198 1
489 4142 552 4197 2.
606 4134 816 4213 „Cum
839 4136 1033 4201 Jesua
1068 4145 1207 4201 erat
1241 4137 1751 4222 Hierosolymis,
1798 4137 1992 4202 multi
2026 4137 2431 4201 crediderunt
2470 4136 2536 4195 in

431 4239 678 4302 Nomen
719 4238 992 4321 Ipsae-ss
1034 4241 1192 4301 Joh:
1231 4240 1322 4300 II:
1362 4245 1417 4300 ,2
1433 4244 1492 4302 3.
1548 4241 1738 4318 „Qui
1762 4260 1886 4302 uon
1912 4239 2143 4317 eredit,
2175 4238 2325 4323 jam
2342 4235 2531 4322 jucli-
