2700 4792
421 380 528 431 150
589 448 600 458 .
828 363 1316 422 APOCALYPSIS
1362 361 1794 420 ssxpch'rA.
1876 363 1923 432 ς.
1968 371 2096 426 118.

417 545 530 606 per
579 525 748 586 dives
799 541 938 583 csse
981 522 1350 600 intelligatur
1410 523 1807 600 spiritualiter
1866 523 2039 582 dives
2094 537 2269 595 esse,
2332 529 2513 598 patet,

421 627 704 704 quoniam
741 624 846 682 illa
881 624 1159 683 dicuntur
1187 622 1262 683 ad
1287 622 1650 698 Ecclesiam3
1694 621 2090 701 spiritualiter
2122 639 2361 700 pauper
2388 639 2516 681 esse

421 733 717 786 ettamen
753 725 922 784 dives
971 739 1138 797 esse,
1199 731 1291 783 est
1347 740 1679 800 agnoscere
1724 724 1903 782 corde
1954 724 2115 800 quod
2160 721 2308 780 nihil
2346 741 2423 782 ex
2458 740 2517 780 se

419 828 600 900 sciat,
651 823 944 902 intelligat
992 831 1052 884 et
1097 826 1322 900 sapiat,
1394 823 1503 884 sed
1540 823 1699 900 quod
1734 826 1875 898 scit,
1932 823 2213 899 intelligit
2246 829 2310 882 et
2346 825 2517 900 sapit,

419 943 592 988 omne
646 927 724 984 sit
775 943 850 984 ex
901 924 1158 984 Domino
1173 945 1190 1002 3
1245 927 1304 982 in
1356 923 1462 982 tali
1512 925 1811 1000 agnitione
1860 931 2000 984 sunt
2048 940 2259 982 omnes
2306 923 2517 1000 Angeli

421 1027 632 1100 Coelir
676 1033 1041 1102 quapropter
1095 1027 1272 1084 etiam
1321 1024 1725 1100 intelligentes
1777 1032 1837 1084 et
1884 1026 2191 1101 sapientes
2224 1029 2403 1095 sunt,
2462 1029 2517 1082 et

417 1132 479 1188 in
525 1143 596 1186 eo
645 1126 833 1202 gradu
875 1125 938 1183 in
983 1143 1102 1202 quo
1155 1133 1296 1184 sunt
1343 1127 1407 1182 in
1455 1125 1757 1201 agnitione
1814 1131 1875 1184 et
1926 1125 2318 1200 perceptione
2366 1122 2517 1199 quod

417 1233 503 1287 ita
543 1230 652 1304 sit3
708 1227 905 1285 sciunt
947 1227 1100 1284 enim
1141 1231 1202 1283 et
1250 1227 1591 1300 percipiunt
1634 1224 1794 1300 quod
1828 1224 1975 1282 nihil
2007 1226 2135 1282 veri
2170 1223 2335 1300 quod
2386 1223 2517 1282 fidei

417 1335 698 1402 vocatur,
755 1333 816 1384 et
851 1324 998 1384 nihil
1039 1325 1182 1382 boni
1217 1323 1379 1401 quod
1415 1327 1635 1384 amoris
1672 1327 1749 1382 sit
1784 1325 1861 1383 ab
1896 1328 2077 1401 ipsis,
2140 1324 2253 1383 sed
2300 1341 2338 1382 a
2392 1324 2514 1382 Do-

417 1433 605 1502 mino,
659 1434 718 1486 et
755 1425 914 1503 quod
951 1427 1148 1484 omnia
1184 1441 1339 1501 quac
1386 1425 1730 1502 intelligunt
1775 1434 1835 1484 et
1870 1427 2113 1500 sapiunt
2150 1441 2219 1482 se
2254 1424 2514 1482 reserant

418 1530 495 1588 ad
529 1546 732 1602 verum
770 1525 908 1584 fidei
945 1533 1006 1584 et
1041 1525 1116 1584 ad
1141 1525 1363 1611 bonum
1394 1527 1633 1599 amoris,
1673 1525 1809 1584 inde
1839 1542 2077 1602 quoque
2104 1526 2322 1598 sciunt,
2364 1522 2515 1602 quod

415 1631 536 1690 illis
577 1631 768 1687 omnis
827 1625 1220 1702 intelligentia
1271 1633 1332 1684 et
1378 1626 1675 1702 sapientia
1720 1627 1799 1684 sit
1846 1644 1885 1682 a
1917 1625 2207 1698 Domino,
2274 1632 2337 1683 et
2386 1626 2513 1699 quia

416 1731 533 1790 hoc
595 1729 794 1788 sciunt
845 1733 906 1785 et
951 1733 1313 1802 agnoscunt,
1370 1732 1431 1784 et
1474 1742 1710 1801 quoque
1762 1725 1877 1784 hoc
1930 1725 2139 1784 volunt
2186 1732 2247 1782 et
2298 1731 2507 1796 amant,

415 1829 553 1888 ideo
591 1830 867 1888 continue
907 1827 1098 1885 influit
1133 1842 1170 1883 a
1203 1826 1463 1887 Domino
1497 1827 1781 1884 Divinum
1817 1824 2067 1900 Verum,
2108 1842 2145 1882 a
2182 1841 2303 1900 quo
2330 1826 2509 1882 omnis

417 1929 814 2005 intelligentia
861 1933 922 1986 et
957 1928 1284 2002 sapientia,
1351 1943 1527 2001 quam
1565 1927 1861 2000 recipiunt
1903 1931 2190 2000 quantum
2224 1924 2333 1982 illo
2382 1924 2506 1982 affi-

419 2032 683 2102 ciuntur,
722 2027 838 2085 hoc
877 2033 998 2101 est,
1053 2033 1341 2102 quantum
1377 2025 1525 2084 illud
1562 2032 1791 2084 amant:
1846 2027 2109 2084 vicissim
2146 2032 2351 2083 autem
2388 2027 2505 2099 spi-

417 2131 566 2188 ritus
619 2127 834 2186 inferni
882 2125 1134 2184 credunt
1181 2125 1342 2202 quod
1392 2128 1590 2184 omnia
1644 2143 1796 2202 quac
1848 2126 2135 2202 cogitant,
2200 2125 2413 2183 volunt
2454 2129 2509 2182 et

415 2228 556 2287 inde
607 2227 932 2302 loquuntur
984 2233 1045 2285 et
1094 2227 1349 2301 faciunt,
1414 2228 1533 2284 sint
1584 2226 1661 2284 ab
1716 2227 1895 2302 ipsis,
1962 2231 2021 2310 et
2071 2223 2219 2282 nihil
2272 2241 2313 2282 a
2362 2225 2505 2296 Deo,
2574 2262 2579 2268 -

417 2345 556 2387 nam
591 2343 710 2386 non
749 2327 998 2386 credunt
1035 2329 1094 2384 in
1132 2327 1448 2401 Divinum,
1504 2325 1642 2384 inde
1680 2343 1919 2402 quoque
1954 2323 2073 2396 illis
2119 2325 2255 2383 loco
2292 2323 2506 2382 intelli-

417 2430 655 2507 gentiae
693 2434 754 2487 et
787 2428 1122 2504 sapientiae
1175 2433 1268 2486 est
1305 2427 1541 2484 insania
1584 2431 1645 2486 et
1692 2425 1973 2500 stultitia,
2048 2427 2317 2502 cogitant
2358 2425 2507 2482 enim

416 2535 625 2590 contra
659 2545 868 2588 verum
903 2535 963 2586 et
999 2527 1210 2586 volunt
1245 2531 1457 2585 contra
1497 2526 1748 2594 bonum,
1813 2525 1972 2601 quod
2020 2532 2113 2585 est
2160 2528 2410 2583 insanus
2455 2531 2508 2582 et

417 2630 636 2690 stultus
689 2645 857 2688 esse:
911 2627 1188 2686 similiter
1235 2626 1379 2684 facit
1426 2629 1619 2686 omnis
1671 2625 1847 2684 hoino
1902 2628 2003 2702 qui
2052 2628 2113 2684 in
2166 2642 2372 2683 amore
2422 2625 2507 2682 sui

418 2737 538 2806 est,
606 2732 659 2788 is
714 2731 858 2805 quia
901 2727 1076 2786 modo
1131 2733 1371 2803 spectat
1422 2727 1501 2786 ad
1544 2743 1645 2796 se,
1696 2744 1816 2785 non
1862 2732 2062 2802 potest
2107 2725 2283 2784 aliter
2336 2741 2503 2800 quam

417 2830 531 2888 sibi
567 2831 765 2888 omnia
801 2828 1080 2897 tribucre,
1119 2835 1180 2886 et
1217 2829 1359 2903 quia
1392 2827 1504 2886 hoc
1547 2827 1688 2885 facit
1721 2844 1841 2884 non
1876 2829 1936 2884 in
1973 2825 2175 2902 aliqua
2212 2827 2503 2902 agnitione

415 2935 543 3001 est,
583 2927 742 3003 quod
779 2929 966 2986 omnis
1003 2928 1396 3004 intelligentia
1424 2934 1483 2986 et
1518 2929 1817 3003 sapientia
1854 2927 1933 2985 sit
1958 2943 1997 2984 a
2030 2927 2321 3000 Domino3
2374 2923 2501 2982 inde

417 3043 659 3103 quoque
695 3033 818 3098 est,
868 3029 1030 3104 quod
1063 3046 1200 3088 cum
1239 3043 1445 3086 secum
1484 3027 1775 3120 cogitant,
1836 3033 2043 3086 contra
2074 3043 2221 3084 vera
2258 3033 2319 3084 et
2356 3025 2502 3084 bona

413 3125 722 3186 Ecclesiae
765 3135 824 3187 et
859 3127 1028 3188 Coeli
1063 3129 1354 3204 cogitent,
1406 3129 1648 3186 tametsi
1695 3144 1829 3185 cum
1864 3126 2189 3202 loquuntur
2225 3143 2364 3184 cum
2396 3125 2499 3184 ho·-

413 3225 702 3302 minibuS‚
759 3229 934 3288 aliter
971 3228 1205 3300 dicant,
1263 3245 1337 3285 ex
1374 3243 1562 3286 causa
1596 3245 1671 3286 ne
1706 3227 1961 3302 perdant
1995 3227 2233 3284 famam.
2288 3227 2384 3284 Ex
2414 3225 2501 3284 his

411 3327 554 3386 sciri
577 3334 810 3403 potest,
851 3327 994 3403 quid
1029 3343 1140 3402 per
1173 3333 1599 3402 paupertatem
1633 3329 1695 3384 in
1730 3326 2029 3403 spirituali
2060 3342 2245 3384 sensu
2281 3325 2500 3385 intelli-

410 3429 587 3504 gitur.
653 3428 828 3504 Quod
862 3429 914 3484 is
953 3425 1055 3501 qui
1090 3427 1481 3500 spiritualiter
1516 3442 1753 3503 pauper
1788 3433 1881 3484 est
1892 3471 1909 3501 ,
1964 3442 2157 3502 usque
2198 3425 2373 3485 dives
2410 3427 2499 3497 sit,

409 3535 503 3586 est
539 3530 680 3604 quia
716 3531 778 3586 in
818 3525 1132 3584 affectione
1170 3527 1297 3585 veri
1333 3526 1632 3602 spirituali
1670 3532 1789 3601 est3
1843 3525 2035 3584 influit
2070 3527 2229 3584 enim
2276 3526 2499 3585 intelli-

407 3630 611 3704 gentia
659 3632 718 3684 et
765 3625 1064 3700 sapientia
1108 3642 1145 3683 a
1193 3625 1451 3684 Domino
1498 3628 1561 3683 in
1602 3626 1756 3684 hanc
1807 3625 2215 3700 affectionem3
2274 3627 2505 3685 affectio

411 3729 568 3786 enim
609 3725 878 3800 cujusvis
914 3726 1156 3801 recipit,
1199 3732 1262 3784 et
1295 3725 1527 3784 imbibit
1562 3728 1658 3784 sui
1692 3727 2109 3784 convenientia
2135 3727 2295 3784 sicut
2318 3743 2501 3804 spon-

210 3839 370 3906 [100]
411 3829 512 3902 gia
548 3839 768 3899 aquaS‚
834 3825 919 3881 ita
963 3823 1196 3886 affectio
1242 3828 1373 3884 veri
1412 3824 1743 3902 spiritualis
1778 3842 1925 3884 vera
1978 3825 2318 3900 spiritualia
2354 3841 2505 3903 quae

411 3931 562 3984 sunt,
588 3937 736 3980 vera
768 3922 1078 3985 Ecclesiae
1120 3943 1194 3985 ex
1231 3924 1453 3984 Verbo.
1529 3924 1705 4000 Quod
1743 3925 1977 3984 affectio
2012 3926 2142 3982 veri
2176 3926 2503 4001 spiritualis

401 4041 522 4082 non
557 4020 796 4082 aliunde
833 4027 910 4084 sit
948 4043 1127 4102 quam,
1170 4043 1207 4083 a
1233 4023 1527 4095 Domino,
1574 4031 1667 4084 est
1704 4027 1847 4101 quia
1878 4025 2171 4084 Dominus
2224 4026 2287 4082 in
2324 4024 2503 4084 Coelo

405 4128 466 4180 et
490 4122 763 4183 Ecclesia
801 4131 895 4184 est
927 4125 1210 4184 Divinum
1247 4125 1506 4200 Verum,
1563 4125 1836 4200 procedit
1884 4127 2043 4184 enim
2089 4123 2163 4182 ab
2208 4124 2390 4201 Ipso,
2446 4129 2502 4181 et

404 4225 544 4298 quia
585 4223 876 4282 Dominus
915 4232 1078 4282 amat
1117 4217 1334 4282 ducere
1373 4241 1857 4299 unumquemque
1910 4224 1985 4284 ad
2037 4239 2105 4283 se
2150 4232 2211 4282 et
2245 4225 2495 4294 salvare,
