2700 4792
419 372 491 424 16
865 358 1356 415 APOCALYPSIS
1400 356 1831 412 EXPLICATA·
1887 357 1932 424 §.
1980 365 2071 417 16.

418 521 597 579 veriS.
677 515 938 594 Saepius
987 520 1047 575 in
1091 516 1294 576 Verbo
1331 516 1548 574 dicitur
1582 514 1907 574 observare
1960 519 2019 571 et
2064 531 2311 574 servare
2352 533 2581 592 prae—

421 625 629 695 cepta,
677 618 987 691 mandata,
1044 617 1260 688 verba,
1312 617 1536 693 legem,
1576 621 1639 675 et
1672 632 1783 694 per
1820 615 2145 674 observare
2182 622 2243 674 et
2276 631 2569 676 servare

359 749 382 772 .
421 720 506 778 ibi
539 718 908 795 significatur
931 717 1283 794 intelligere,
1323 717 1483 776 velle
1514 722 1574 775 et
1596 717 1823 790 faeere3
1870 720 1937 772 ut
1964 714 2130 791 apud
2154 714 2577 776 Matthaeum

427 866 462 895 „
481 819 790 879 Doeentea
823 835 927 878 eos
961 835 1210 879 servare
1232 817 1479 892 omnia,
1538 833 1931 896 quaeeunque
1964 813 2273 876 mandavi
2306 815 2503 877 vobis
2516 819 2561 848 ‘⁶‘

363 964 372 972 .
419 919 730 980 XXVIII:
797 921 920 978 20:
977 918 1139 994 apud
1176 919 1405 978 Lucam
1458 911 1705 992 „Beati
1736 914 2067 976 audientes
2109 916 2367 978 verbum
2402 917 2575 978 Dei

420 1025 482 1080 et
516 1024 834 1080 servomtes
871 1014 1088 1079 illuff
1145 1017 1258 1078 XI:
1307 1021 1435 1077 28:
1492 1017 1655 1094 apud
1680 1016 2019 1076 Johannem
2068 1015 2320 1092 „Amen
2354 1034 2573 1078 amen

421 1119 564 1180 dieo
599 1120 800 1191 vobis,
851 1119 915 1178 si
948 1118 1094 1198 quie
1133 1118 1387 1179 verbum
1423 1136 1631 1178 meum
1674 1116 2051 1186 servaverit,
2108 1122 2375 1177 mortem
2410 1138 2567 1179 non

418 1219 654 1282 videbit
700 1220 772 1280 in
846 1221 1216 1279 aetemum“
1265 1218 1447 1278 VIII:
1510 1221 1630 1278 51:
1700 1217 1864 1294 apud
1898 1216 2171 1276 Eundem
2223 1215 2353 1292 „Si
2386 1217 2561 1298 quie

421 1317 648 1400 diliyit
690 1318 832 1392 Me,
916 1317 1184 1381 Verbum
1233 1337 1442 1379 meum
1490 1324 1739 1388 servat,-
1809 1317 1924 1396 qui
1961 1335 2086 1377 non
2128 1313 2360 1396 diliyit
2406 1317 2549 1394 Me,

365 1473 371 1478 .
420 1421 604 1482 verba
639 1437 779 1480 mea
812 1437 939 1479 non
985 1420 1242 1480 ser-vast
1298 1419 1472 1478 XIV:
1530 1420 1635 1477 15.
1681 1419 1791 1488 23.
1846 1420 1973 1476 24:
2053 1418 2215 1494 apud
2256 1417 2553 1479 Eundem

425 1519 550 1597 „Si
579 1524 920 1600 praecepta
953 1537 1094 1579 ‘mea
1128 1519 1533 1580 servaveritis
1546 1564 1563 1594 ,
1626 1516 1961 1578 manebitis
1998 1517 2070 1578 in
2108 1536 2322 1578 amore
2354 1537 2492 1578 meo
2506 1539 2545 1591 ;

419 1639 534 1681 voe
561 1619 759 1680 amici
779 1618 905 1679 mei
938 1618 1112 1694 estis,
1173 1618 1238 1678 si
1250 1619 1543 1699 feceritis
1575 1637 1733 1698 quae
1764 1617 1914 1698 Epo
1937 1617 2267 1697 praecipio
2304 1618 2538 1678 vobit&

425 1720 568 1780 XV:
615 1722 720 1779 10.
767 1723 884 1794 14;
937 1721 1138 1779 facere
1189 1727 1284 1778 est
1318 1720 1510 1795 velle,
1575 1725 1636 1780 et
1673 1718 1828 1778 velle
1878 1725 1975 1778 est
2008 1719 2235 1794 facere,
2292 1722 2436 1794 quia
2470 1721 2541 1778 in

423 1821 598 1880 factis
637 1825 728 1879 est
757 1821 1034 1879 voluntas
1073 1837 1265 1880 omne.

584 1924 613 1979 1
635 1923 693 1979 6.
771 1919 926 1996 Quia
957 1927 1196 1996 tempus
1232 1938 1451 1998 prope,
1502 1920 1662 1997 quod
1695 1921 1991 1997 significet
2025 1924 2247 1979 statum
2280 1922 2537 1980 interio-

425 2039 554 2080 rem
589 2020 806 2095 talem,
859 2028 1093 2080 constat
1129 2039 1204 2081 ex
1237 2021 1669 2096 significatione
1711 2023 2024 2096 temporis,
2088 2020 2250 2096 quod
2282 2023 2362 2079 sit
2394 2029 2529 2080 sta-

421 2130 542 2196 tuS,
567 2122 640 2180 de
671 2123 874 2197 quain
903 2138 1085 2197 opere
1115 2121 1188 2182 de
1221 2120 1425 2180 Coeno
1443 2140 1521 2180 m·
1539 2122 1837 2200 Iuniano,
1864 2139 1921 2180 n:
1961 2124 1988 2179 l
2010 2123 2094 2180 62
2130 2121 2207 2179 ad
2241 2123 2270 2178 1
2290 2123 2401 2193 69,
2424 2121 2533 2180 ubi

425 2224 622 2300 agitur
649 2222 724 2280 de
753 2222 1052 2298 Tempore
1081 2223 1140 2279 in
1169 2221 1353 2281 Coelo
1370 2241 1386 2297 3
1447 2229 1507 2280 et
1548 2241 1623 2280 ex
1659 2223 2089 2298 significatione
2116 2239 2333 2298 prope,
2370 2221 2529 2300 quod

425 2327 504 2382 sit
529 2325 855 2393 internum,
912 2322 1008 2382 hic
1049 2325 1250 2398 itaque
1290 2325 1430 2398 quia
1466 2322 1679 2382 dieitur
1716 2323 1789 2380 de
1828 2329 2023 2396 statu,
2084 2321 2245 2400 quod
2282 2323 2361 2380 sit
2398 2329 2525 2380 sta-

422 2431 520 2483 tus
576 2424 820 2481 interior
883 2422 1020 2480 talis
1079 2422 1270 2499 qualis
1322 2439 1510 2499 supra
1558 2423 1895 2500 descriptus
1947 2429 2072 2482 est:
2140 2439 2251 2498 per
2306 2428 2526 2481 statum

421 2523 770 2600 intelligitur
821 2513 1017 2582 status
1073 2523 1405 2582 affectionis
1456 2531 1516 2582 et
1564 2523 1702 2583 inde
1750 2525 2142 2600 cogitationis.
2242 2522 2363 2598 Qui
2408 2521 2521 2582 hoe

420 2625 599 2702 legit,
653 2629 712 2682 et
764 2641 882 2683 non
927 2625 1041 2683 seit
1083 2623 1307 2699 aliquid
1360 2624 1433 2683 de
1481 2641 1666 2684 sensu
1712 2626 1977 2692 interno,
2042 2626 2322 2700 opinatur
2366 2623 2523 2700 quod

420 2744 531 2803 per
565 2731 804 2800 tempus
840 2743 1030 2801 prope
1078 2725 1478 2800 intelligatur,
1529 2723 1687 2799 quod
1722 2731 1994 2799 tempuS,
2048 2741 2164 2800 quo
2198 2723 2519 2799 impleren-

417 2834 520 2885 tur
553 2825 660 2884 illa
709 2841 864 2899 quae
911 2827 972 2881 in
1016 2821 1841 2901 Apoealypsi.eontinentur,
1913 2841 2102 2901 prope
2154 2829 2343 2898 esset3
2412 2823 2519 2882 sed

420 2926 581 3001 quod
623 2923 686 2981 id
719 2940 837 2979 non
883 2921 1276 2998 intelligatur,
1334 2931 1610 2983 constare
1650 2931 1852 3000 potest
1888 2942 1963 2983 ex
2005 2941 2075 2983 eo
2089 2969 2105 2998 ,
2146 2923 2305 2999 quod
2342 2940 2519 3000 prae-

419 3025 690 3100 terlapsa
730 3022 847 3078 sint
895 3023 1306 3099 septendecim
1351 3024 1631 3093 saecula,
1690 3031 2010 3100 antequam
2052 3023 2303 3100 impleta
2348 3030 2515 3082 sunt:

419 3124 533 3183 sed
568 3125 708 3199 quia
741 3121 1012 3180 Verbum
1043 3125 1102 3180 in
1137 3122 1316 3182 litera
1356 3130 1448 3182 est
1480 3123 1773 3200 naturale,
1814 3143 1884 3186 ae
1911 3126 2161 3184 interius
2190 3123 2512 3200 spirituale,

417 3224 554 3284 ideo
593 3224 819 3281 dietum
858 3230 950 3282 est
976 3230 1216 3300 tempus
1253 3241 1476 3300 prope,
1515 3233 1583 3282 ut
1614 3228 1674 3282 in
1706 3225 1887 3285 Coelo
1924 3225 2357 3300 intelligeretur
2388 3232 2513 3283 sta-

420 3333 516 3384 tus
552 3326 824 3410 interior3
880 3341 1018 3382 nam
1063 3326 1116 3382 si
1172 3330 1368 3383 status
1416 3327 1661 3384 interior
1695 3326 2025 3384 seeundum
2062 3341 2307 3384 sensum
2338 3325 2513 3400 spiri·-

418 3425 642 3485 tualem
678 3425 760 3482 ibi
795 3425 1019 3482 dictum
1057 3431 1247 3494 esset,
1304 3441 1423 3483 non
1458 3425 1831 3484 intellectum
1875 3427 2092 3485 fuisset
2140 3425 2215 3482 ab
2250 3425 2511 3502 Angeli3,

417 3545 554 3586 nam
589 3527 652 3585 hi
685 3525 1018 3584 secundum
1065 3526 1625 3601 correspondentias
1682 3529 1880 3586 omnia
1929 3525 2119 3585 Verbi
2166 3529 2515 3602 percipiunt.

419 3626 594 3703 Quod
628 3641 818 3702 prope
855 3626 1145 3699 significet
1189 3628 1439 3684 interius
1452 3671 1468 3700 ,
1528 3632 1622 3685 est
1670 3629 1812 3702 quia
1856 3627 2175 3685 distantiae
2222 3627 2283 3682 in
2334 3624 2508 3684 Coelo

418 3743 486 3786 se
521 3726 748 3785 habent
786 3741 1038 3800 prorsus
1075 3725 1404 3786 seeundum
1446 3727 1810 3786 differentias
1845 3729 1987 3786 boni
2024 3727 2273 3800 amoris3
2336 3740 2511 3802 quare

257 3831 380 3894 [14]
423 3829 524 3903 qui
558 3830 619 3884 in
648 3823 809 3882 affini
844 3823 1000 3885 bono
1037 3833 1207 3902 sunt,
1249 3829 1430 3886 etiam
1463 3829 1784 3904 propinqui
1820 3834 1985 3903 sunt,
2024 3825 2183 3885 unde
2215 3833 2323 3899 est,
2363 3823 2513 3901 quod

420 3925 741 3984 affinitates
803 3929 865 3985 in
919 3929 1093 3986 terris
1156 3927 1432 3986 dicantur
1484 3930 1995 4004 propinquitateS,
2071 3927 2213 4002 quia
2258 3925 2509 3984 referunt

419 4025 738 4085 affinitates
791 4027 1165 4104 spirituales,
1223 4045 1379 4103 quae
1434 4030 1497 4086 in
1542 4028 1711 4088 coelo
1774 4027 2091 4087 actualiter
2144 4025 2300 4085 tales
2347 4031 2505 4084 sunt:

419 4142 605 4185 causa
639 4127 798 4203 quod
830 4131 892 4186 in
929 4129 1096 4188 coelo
1131 4130 1218 4186 ita
1251 4129 1346 4202 sit,
1390 4135 1485 4186 est
1512 4130 1655 4203 quia
1687 4126 1910 4187 bonum
1938 4127 2156 4186 amoris
2197 4127 2534 4202 conjungit,·

417 4232 480 4286 et
513 4245 627 4304 quo
661 4229 909 4288 interius
948 4236 1070 4298 est,
1123 4246 1194 4287 eo
1242 4230 1531 4304 propius:
1586 4226 1725 4288 inde
1779 4234 1905 4304 est,
1964 4227 2125 4305 quod
2160 4225 2402 4287 Goelum
2436 4241 2501 4284 eo
