2700 4792
379 327 620 384 CAPUT
661 327 1068 384 SECUNDUM.
1734 328 1947 386 VERS:
1992 343 2043 394 7.
2228 345 2333 398 131

185 491 416 569 possit
462 507 605 547 num
650 489 967 548 involvant
1012 489 1238 548 bonum
1305 492 1411 546 aut
1462 503 1701 562 verum,
1764 491 1853 548 ita
1902 507 2141 568 quoque
2192 511 2335 556 num

187 569 796 667 unum‘separatum
831 589 908 648 ab
947 588 1167 658 altero,
1223 587 1501 648 videatur
1546 589 1607 646 in
1642 585 1841 665 Opere
1890 590 1965 650 de
2010 588 2217 654 Conso
2252 611 2334 656 nr

189 693 521 762 Imaum,
562 707 632 748 n:
685 692 848 748 241.
1329 761 1337 768 ,

389 791 574 856 108.,
607 788 856 849 Habens
896 805 1100 847 aurem
1139 787 1346 847 audiat
1381 787 1521 864 quid
1558 783 1804 865 spiritus
1842 791 1986 852 dicit
2018 791 2327 871 Ecclesiis,

199 889 390 969 quod
458 889 755 965 significet
809 889 970 967 quod
1020 890 1124 964 qui
1175 887 1454 963 intelligit
1514 890 1814 950 auscultet
1861 893 2003 968 quid
2048 891 2333 953 Divinum

197 991 460 1050 Verum
496 990 834 1065 procedens
872 1007 910 1048 a
948 988 1206 1047 Domino
1244 988 1451 1058 docet,
1504 994 1565 1047 et
1610 989 1753 1048 dicit
1794 991 1913 1050 illis
1960 993 2064 1067 qui
2098 991 2174 1050 ab
2208 993 2346 1067 Ec-‚

203 1091 422 1152 clesia
465 1089 668 1165 Ipsius
729 1096 902 1164 sunt,
967 1094 1202 1148 constat
1253 1105 1330 1146 ex
1376 1087 1809 1164 significatione
1853 1091 2083 1150 habens
2126 1109 2334 1156 aurem

207 1190 466 1265 audiat,
525 1189 686 1266 quod
723 1193 802 1248 sit
853 1191 958 1272 qui
1004 1187 1282 1264 intelligit
1329 1187 1633 1248 auscultet
1686 1205 1795 1247 seu
1844 1190 2115 1266 obediat3
2172 1191 2335 1272 quod

205 1290 434 1350 audire
489 1291 569 1348 sit
623 1289 958 1365 intelligere
1020 1295 1080 1347 et
1141 1288 1371 1362 facere,
1438 1305 1552 1347 seu
1606 1289 1945 1349 auscultare
1967 1334 1986 1361 ,
2055 1291 2333 1353 videatur

211 1406 422 1466 supra
467 1407 540 1446 n:
600 1392 722 1464 143
803 1407 876 1448 ex
927 1387 1358 1464 significatione
1412 1390 1691 1464 spirituS,
1758 1388 1856 1448 hic
1906 1393 2148 1468 spiritus
2192 1392 2329 1464 Dei,

221 1489 397 1566 quod
441 1490 515 1548 sit
561 1488 846 1548 Divinum
896 1488 1124 1547 Verum
1178 1487 1513 1564 procedens
1562 1505 1601 1546 a
1645 1487 1929 1562 Domine,
1984 1490 2057 1549 de
2106 1509 2225 1568 qua
2268 1494 2329 1552 in

220 1591 506 1648 Ancfflls
573 1587 1022 1662 Connsssrmus,
1099 1607 1170 1648 n:
1238 1589 1451 1647 3704.
1534 1589 1740 1648 5307.
1820 1592 2031 1650 6788.
2112 1593 2325 1650 6982.

225 1690 443 1749 6993.
490 1690 698 1747 7004.
762 1690 973 1747 7499.
1034 1689 1246 1750 8302.
1306 1689 1517 1747 9199.
1578 1691 1788 1748 9228.
1850 1693 2057 1750 9229.
2111 1692 2321 1752 9303.

221 1791 442 1848 9407.
492 1790 702 1846 9818.
751 1789 960 1848 9820.
1005 1789 1278 1862 103303
1342 1793 1403 1848 et
1440 1805 1514 1845 ex
1550 1788 1981 1863 significatione
2014 1789 2324 1850 Ecclesia-

212 1907 387 1961 rum,
429 1887 590 1963 quod
626 1891 744 1946 sint
781 1890 884 1964 qui
915 1889 976 1972 in
1011 1886 1174 1947 veris
1212 1905 1282 1946 ex
1318 1886 1507 1956 bono,
1559 1904 1670 1946 seu
1705 1891 1765 1947 in
1799 1889 1915 1950 fide
1954 1907 2030 1948 ex
2066 1890 2329 1950 charita-

210 1997 308 2063 te,
352 1990 439 2047 ita
476 1989 578 2064 qui
607 1987 684 2046 ab
722 1987 1030 2062 Ecclesia,
1067 2003 1206 2046 nam
1241 2003 1361 2045 non
1397 1987 1498 2046 alii
1532 1988 1608 2046 ab
1635 1988 1920 2051 Ecclesia„
1944 1996 2101 2050 sunt.
2156 1991 2327 2067 Haec

207 2088 410 2148 verba
445 2087 741 2157 dicuntur,
787 2104 1024 2163 nempe,
1063 2086 1294 2148 habens
1329 2105 1550 2148 aurem
1582 2088 1817 2148 audiat
1852 2087 2010 2167 quid
2044 2089 2322 2168 spiritu-s

212 2186 385 2248 dicit
421 2183 771 2258 Ecclesiis,
825 2188 1118 2246 unicuivis
1156 2187 1501 2257 Ecclesiae,
1548 2189 1645 2248 hic
1680 2189 2057 2265 Ephesinae,
2107 2196 2327 2266 postea

213 2287 602 2362 Smyrnensi,
637 2287 826 2347 Vers:
875 2290 980 2344 11.
1053 2287 1467 2362 Pergamensi,
1509 2287 1695 2348 Vers:
1743 2293 1849 2347 17.
1920 2289 2319 2365 Thyatirensi,
2349 2300 2373 2318 ι

212 2387 412 2446 Vers:
467 2389 580 2445 29.
651 2386 969 2460 Sardensi,
1022 2386 1184 2463 Cap:
1237 2386 1362 2461 III,
1414 2386 1599 2446 Vers:
1660 2391 1715 2446 6.
1788 2388 2321 2464 Philadelphiensi‚

213 2486 412 2543 Vers:
459 2485 582 2542 13:
637 2492 696 2544 et
728 2486 1112 2560 Laodicensi,
1174 2487 1362 2546 Vcrs:
1424 2490 1548 2555 22,
1618 2505 1693 2546 ex
1745 2504 1959 2561 causa,
2009 2493 2075 2544 ut
2128 2505 2319 2546 unus-

221 2584 518 2660 quisque,
576 2585 676 2659 qui
723 2585 796 2642 ab
845 2585 1146 2659 Ecclesia,
1211 2587 1392 2656 sciat,
1458 2585 1615 2660 quod
1667 2587 1820 2645 scire
1876 2591 1937 2644 et
1985 2585 2323 2662 intelligere

216 2699 376 2742 vera
413 2689 474 2742 et
511 2683 668 2742 hona
703 2683 870 2759 fidei,
921 2703 1032 2744 seu
1065 2685 1447 2760 doctrinalia,
1499 2693 1559 2744 et
1594 2702 1834 2762 quoque
1872 2685 2170 2753 Verbum,
2204 2701 2325 2744 non

213 2785 409 2844 faciat
442 2783 806 2860 Ecclesiam,
861 2785 970 2848 sed
1005 2785 1383 2860 auscultare,
1433 2785 1549 2844 hoc
1590 2791 1709 2860 est,
1761 2785 2093 2862 intelligere
2132 2790 2192 2843 et
2226 2784 2321 2844 fa.-

216 2901 393 2959 cere3
437 2884 556 2944 hoc
596 2886 754 2948 enim
805 2883 1102 2962 significat
1137 2885 1370 2944 habens
1414 2902 1619 2944 aurem
1658 2885 1862 2944 audiat
1898 2884 2040 2968 quid
2076 2886 2325 2963 spiritus

223 2983 368 3042 dicit
408 2984 716 3044 EcclesiiS.
809 2983 968 3062 Quia
1010 2984 1073 3044 id
1131 2985 1273 3044 facit
1323 2985 1657 3045 Ecclesiam
1708 2992 1768 3046 et
1818 2986 2035 3045 format
2088 2985 2325 3046 coelum

221 3081 394 3158 apud
425 3083 756 3154 hominem,
794 3091 854 3142 et
879 3101 996 3142 non
1026 3087 1180 3144 scire
1217 3101 1287 3142 ac
1314 3085 1648 3161 intelligere
1676 3086 1905 3162 absque
1933 3087 2152 3159 facere,
2186 3087 2324 3146 ideo

223 3183 408 3241 etiam
454 3182 740 3242 Dominus
791 3183 949 3242 idem
1013 3183 1329 3260 aliquoties
1396 3184 1565 3260 dicit,
1640 3203 1891 3263 nempe,
1957 3185 2094 3262 Qui
2143 3185 2325 3246 habet

219 3298 442 3341 aurem
491 3280 581 3342 ad
631 3279 1028 3344 audiendum
1081 3281 1344 3359 audiat,
1411 3289 1475 3342 ut
1526 3284 1750 3344 Matth:
1799 3285 1923 3346 XI:
1980 3290 2007 3345 1
2031 3289 2089 3347 5.
2160 3285 2322 3362 Cap:

212 3379 561 3442 x111243.
616 3381 815 3442 Marc:
853 3382 1082 3446 Ivze.
1127 3386 1240 3442 23.
1297 3383 1454 3460 Cap:
1492 3384 1643 3444 VH:
1689 3389 1799 3444 16.
1837 3385 1995 3446 Luc:
2034 3384 2213 3444 VIII:
2258 3386 2320 3444 8.

214 3480 380 3558 Gap:
427 3480 614 3540 XIV:
674 3483 805 3542 35:
868 3483 930 3540 in
965 3482 1340 3560 Apocalypsi
1376 3483 1647 3558 additur,
1706 3485 1849 3562 quid
1894 3487 2147 3564 spiritus
2182 3482 2325 3542 dicit

207 3579 545 3650 Ecclesiis,
597 3583 739 3657 quia
773 3582 1072 3659 significat
1109 3584 1252 3660 quid
1289 3583 1577 3642 Divinum
1611 3584 1839 3644 Verum
1876 3583 2051 3642 docet
2086 3587 2146 3638 et
2181 3582 2326 3641 dicit

211 3679 336 3740 illis
388 3683 494 3756 qui
541 3680 618 3738 ab
670 3681 948 3740 Ecclesia
1000 3689 1172 3758 sunt,
1227 3697 1337 3742 seu
1381 3683 1542 3759 quod
1575 3682 1765 3752 idem,
1812 3681 1973 3756 quod
2005 3681 2320 3755 DominuS,

209 3796 354 3838 nam
413 3797 586 3840 omne
635 3781 920 3840 Divinum
981 3781 1209 3842 Verum
1255 3782 1528 3860 procedit
1578 3781 1657 3840 ab
1699 3782 1875 3858 Ipse,
1936 3780 2215 3840 videatur
2260 3781 2325 3838 in

211 3878 418 3956 Opere
477 3879 550 3938 de
615 3879 823 3942 Conso
889 3900 968 3940 m·
1023 3881 1301 3942 Ins-mmo
1372 3901 1443 3940 n:
1504 3881 1614 3939 13.
1686 3881 1844 3939 133.
1920 3881 2079 3940 138.
2146 3881 2323 3958 1393

208 3978 348 4038 ideo
387 3981 566 4038 etiam
601 3979 744 4056 Ipse
780 3980 1074 4041 Dominus
1111 4000 1229 4042 non
1266 3981 1441 4056 dixit,
1484 3979 1627 4057 quid
1663 3981 1912 4058 spiritus
1955 3981 2127 4056 dicit,
2182 3982 2325 4059 quia

205 4077 352 4154 Ipse
390 4085 521 4138 erat
553 4079 842 4140 Divinum
874 4081 1104 4141 Verum
1145 4081 1264 4158 Qui
1300 4080 1467 4140 dixit.
1560 4079 1739 4155 Quod
1772 4095 1892 4140 non
1926 4085 2081 4144 scire
2127 4087 2189 4141 et
2225 4083 2322 4141 in·-

207 4177 482 4254 telligcre
519 4195 668 4238 vera
700 4179 922 4240 Divina
957 4181 1140 4240 faciat
1163 4181 1503 4240 Ecclesiam
1541 4187 1602 4240 et
1635 4179 1850 4242 formet
1886 4183 2120 4244 coelum
2157 4179 2323 4258 apud

1824 4283 1858 4335 9
1886 4280 1905 4302 .
