2700 4792
457 369 565 423 190
873 359 1363 418 APOCALYPSIS
1406 359 1836 419 EmecATA.
1878 361 1929 429 §.
1989 368 2114 421 m.

453 517 740 582 Jekovah
773 517 864 579 ad
905 517 1294 606 prophetam
1307 565 1326 590 ,
1389 519 1600 600 accipe
1660 520 1780 581 tibi
1832 516 2157 580 mulierem
2213 521 2491 581 scortatio-

451 637 607 681 num
670 621 728 678 et
791 615 1018 681 liberos
1079 623 1561 696 scortationum,
1632 620 1787 700 quia
1840 618 2177 681 scortando
2234 625 2498 680 coartatur

458 727 630 781 ter-ra
665 739 708 779 a
731 725 886 799 post
920 719 1273 780 Jehovam“
1331 721 1393 780 I:
1437 725 1513 797 23
1568 739 1677 798 per
1715 721 1829 781 hoc
1872 727 2370 797 repraesentatum
2414 727 2498 794 est,

456 819 650 900 qualis
683 819 960 880 Ecclesia
994 829 1151 896 erat,
1208 821 1371 899 quod
1404 839 1623 900 nempe
1664 827 1791 880 tota
1826 824 1887 880 in
1925 821 2113 880 falsis,
2168 821 2339 896 Apud
2368 821 2500 878 Eun-

455 923 591 981 dem
663 918 1063 995 „Peccoemnt
1123 921 1324 997 Mihi,
1396 918 1675 1001 yloriam
1735 941 1951 983 eoram
2002 922 2075 981 in
2134 919 2506 1001 iymmim’am

455 1024 809 1083 convertam
825 1068 842 1096 ,
917 1023 1361 1084 &ortabantur
1378 1068 1394 1097 ,
1464 1022 1617 1101 quia
1678 1021 1988 1082 Jehovam
2054 1018 2474 1098 dereliqueram
2485 1038 2505 1089 ,·

455 1120 792 1207 scortatio,
866 1123 1084 1183 vinum
1149 1128 1208 1182 et
1265 1127 1551 1183 mustum
1608 1122 1936 1202 occupavit
1994 1141 2129 1196 cor,
2200 1123 2507 1181 scortantur

444 1221 632 1305 filiae
665 1227 926 1293 vestrae,
959 1227 1020 1282 et
1043 1243 1247 1284 nurus
1269 1226 1516 1284 vestrae
1538 1219 2039 1285 adulterantur“
2067 1222 2177 1283 IV:
2212 1225 2268 1280 7.
2297 1223 2394 1280 10.
2424 1221 2503 1277 ll.

455 1313 626 1412 [13.]
667 1327 983 1393 scortatio,
1025 1326 1230 1382 vinum
1278 1330 1337 1384 ct
1376 1330 1633 1382 mustum
1680 1331 1821 1384 sunt
1848 1323 2169 1384 falsificata
2194 1339 2346 1397 vera,
2374 1335 2502 1378 scor·

453 1427 600 1483 tatio
639 1431 730 1483 est
765 1427 900 1500 Ipsa
933 1423 1298 1499 falsificatio,
1338 1427 1542 1483 viuum
1582 1431 1673 1484 est
1707 1424 1925 1483 salsum
1960 1425 2247 1492 interim,
2294 1427 2505 1480 mustum

2598 429 2603 468 Ι

455 1532 550 1585 est
602 1525 818 1584 falsum
883 1527 1176 1600 exterius:
1235 1525 1393 1584 filiae
1435 1541 1589 1601 quae
1650 1531 1991 1584 scortantur
2035 1529 2177 1585 sunt
2220 1522 2368 1582 bona
2411 1517 2505 1577 veri
2602 1537 2604 1586 g

453 1641 774 1703 perversa,
817 1642 1006 1684 nurus
1037 1643 1192 1701 quae
1229 1625 1644 1684 adulterantur
1680 1633 1821 1686 sunt
1844 1627 2005 1684 mala
2040 1625 2353 1702 conjuncta
2379 1619 2503 1679 falsis
2602 1677 2604 1716 ἱ

448 1725 609 1784 inde.
677 1724 858 1801 Apud
893 1725 1138 1801 Esajam
1181 1724 1378 1801 „Fiet
1412 1743 1456 1785 a
1478 1725 1613 1806 fine
1658 1725 2076 1806 septuayinta
2112 1739 2407 1786 annm-um
2433 1716 2502 1778 υἱ·
2602 1721 2604 1748 ²

455 1824 682 1885 citabit
720 1823 1004 1886 Jehovah
1043 1824 1319 1908 Tyrum,
1384 1831 1457 1886 ut
1490 1824 1707 1886 redeat
1759 1824 1850 1886 ad
1895 1826 2239 1888 mercedem
2270 1817 2501 1883 merem-1·-

454 1925 624 1985 ciam
657 1944 868 1997 cuam,
919 1931 978 1985 et
1013 1932 1323 1988 scortetur
1356 1945 1499 1986 cum
1534 1927 1821 1988 omnibus
1846 1927 2102 2007 Reynis
2138 1932 2335 1987 tem-ae
2363 1935 2503 2000 cuper

441 2025 738 2106 faciebus
773 2026 942 2086 orbis
959 2047 985 2098 ;
1026 2027 1282 2087 tandem
1307 2027 1429 2087 erit
1466 2033 1825 2088 mercatura
1859 2026 1997 2109 ejus
2031 2031 2323 2090 sanctum
2356 2019 2499 2082 Μω-

455 2128 612 2186 vae“
669 2125 918 2186 XXIII:
983 2131 1010 2185 1
1032 2133 1089 2186 7.
1137 2132 1222 2188 18
1243 2149 1259 2204 3
1325 2129 1523 2206 Tyrus
1561 2131 1621 2186 in
1672 2128 1874 2188 Verbo
1914 2136 2010 2188 est
2041 2128 2318 2190 Ecclesia
2353 2115 2501 2200 quoad

455 2228 822 2303 cognitiones
885 2229 1015 2286 veri
1067 2235 1127 2288 et
1181 2229 1347 2305 boni3
1428 2245 1660 2288 merces
1722 2231 2063 2289 meretricia
2114 2234 2253 2290 sunt
2308 2221 2501 2284 eaedem

460 2327 798 2404 applicatae
850 2328 1024 2387 malis
1077 2336 1138 2388 et
1177 2329 1345 2388 falsis
1395 2330 1828 2407 pervertendo:
1902 2313 2246 2390 mercatura
2279 2327 2395 2404 ejus
2437 2321 2501 2376 est

455 2429 784 2488 venditatio
845 2447 1080 2504 earum3
1135 2433 1386 2490 scortari
1434 2447 1569 2489 cum
1622 2431 1894 2490 omnibus
1952 2434 2157 2508 regnis
2196 2436 2390 2494 ,terrae
2438 2421 2501 2477 est

457 2547 591 2588 eum
639 2530 911 2589 omnibus
958 2536 1018 2588 et
1051 2531 1300 2607 singulis
1335 2533 1495 2590 veris
1523 2531 1833 2592 Ecclesiae
1852 2551 1867 2606 3
1924 2532 2084 2608 quod
2126 2533 2437 2591 mercatura
2462 2521 2503 2575 et

454 2647 686 2690 merces
731 2631 1068 2690 meretricia
1103 2631 1304 2690 futura
1345 2633 1425 2689 sit
1460 2639 1734 2691 sanctum
1771 2631 2077 2706 Jehovae,
2148 2638 2241 2692 est
2274 2627 2400 2704 quia
2424 2632 2503 2696 per

455 2730 591 2790 illas
632 2732 1042 2808 significantur
1093 2733 1461 2808 cognitiones
1514 2735 1645 2791 veri
1681 2739 1741 2793 et
1772 2732 1913 2792 boni
1951 2732 2028 2791 ab
2062 2733 2191 2792 illis
2223 2726 2505 2808 applicatae

453 2832 626 2890 falsis
663 2838 724 2890 et
757 2833 958 2907 malie,
1026 2839 1086 2891 et
1135 2832 1313 2891 homo
1351 2849 1463 2909 per
1496 2835 1662 2909 ipsas
1700 2835 2067 2910 cognitiones
2104 2836 2169 2892 in
2206 2849 2273 2892 se
2309 2827 2504 2904 specta-

453 2937 550 2990 tas
599 2937 802 3006 potest
837 2949 1087 3008 sapere,
1143 2951 1280 2991 nam
1317 2935 1686 3010 cognitiones
1723 2939 1862 2992 sunt
1909 2934 2107 2994 media
2142 2925 2427 3010 sapiendi,
2466 2919 2507 2976 2²

457 3047 702 3106 quoque
741 3039 881 3090 sunt
921 3034 1120 3092 media
1165 3033 1527 3109 insaniendi,
1593 3041 1735 3094 sunt
1782 3034 1981 3094 media
2036 3029 2364 3094 insaniendi
2406 3033 2505 3081 cum

457 3128 851 3189 falsificantur
883 3149 996 3208 per
1028 3135 1463 3211 applicationes
1502 3134 1579 3193 ad
1618 3135 1779 3194 mala
1812 3141 1873 3194 et
1914 3135 2097 3212 falsa3
2135 3132 2325 3194 simile
2354 3119 2503 3199 signi-

458 3231 676 3289 ficatur
718 3247 829 3306 per
881 3230 1059 3304 illud,
1123 3235 1280 3310 quod
1331 3251 1443 3312 per
1500 3236 1659 3311 quod
1720 3236 1985 3296 facerent
2049 3236 2162 3295 sibi
2214 3233 2417 3293 amicos
2454 3231 2505 3276 ⁰1

453 3331 674 3409 injusto
716 3349 1080 3406 mammone,
1162 3335 1322 3394 Luc:
1375 3334 1559 3395 XVI:
1606 3339 1677 3412 93
1746 3342 1807 3396 et
1855 3353 1972 3412 per
2020 3336 2176 3412 quod
2214 3327 2505 3395 mandatum

455 3440 522 3492 ut
557 3440 764 3492 mutuo
815 3434 1159 3509 acciperent
1205 3435 1280 3493 ab
1317 3435 1635 3512 Aegyptiis
1682 3454 1923 3511 aurum,
1978 3441 2290 3514 argentum
2332 3433 2387 3488 et
2424 3434 2504 3478 Vfl‘

452 3540 623 3606 stes,
671 3538 732 3592 et
769 3535 856 3592 cis
893 3534 1219 3616 auferrent,
1275 3535 1479 3594 Exod:
1516 3535 1639 3595 III:
1686 3540 1797 3596 22.
1852 3535 2016 3614 Cap:
2061 3536 2219 3596 XII:
2274 3531 2376 3593 35.
2414 3520 2503 3588 3θὶ

453 3653 565 3711 per
611 3635 942 3710 Aegyptios
994 3638 1148 3694 enim
1195 3635 1603 3712 significantur
1662 3638 1991 3698 scientifica
2052 3639 2241 3696 omnis
2296 3619 2504 3711 generi&

457 3734 675 3810 quibus
711 3735 809 3791 usi
844 3741 982 3794 sunt
1029 3736 1107 3794 ad
1155 3736 1588 3796 falsificandam
1630 3755 1792 3798 vera.
1881 3738 2062 3815 Apud
2104 3737 2311 3796 Mosen
2348 3719 2505 3805 „Est

453 3831 745 3894 scindam
771 3833 1056 3897 animam
1080 3855 1239 3916 quae
1277 3836 1540 3916 respicit
1572 3837 1664 3898 ad
1686 3837 2003 3919 pythones
2036 3842 2097 3897 et
2136 3836 2227 3898 ad
2250 3819 2500 3897 hcm'OlOssr

453 3931 544 3994 ad
571 3933 1142 4018 scortandumpost
1171 3934 1369 3998 illoe“
1398 3937 1604 4020 Levit:
1642 3939 1800 4000 XX:
1848 3939 1907 3999 5.
1940 3928 2057 4027 [6.]
2106 3936 2287 4017 Apud
2307 3925 2503 4002 Egajam

455 4032 720 4110 „Intrat
744 4027 996 4115 pacem,
1047 4036 1334 4099 ambulat
1372 4037 1443 4097 in
1488 4037 1898 4115 rectitudine,
1956 4058 2067 4100 voe
2116 4044 2323 4100 autem
2366 4035 2499 4090 ἄνωθ’

453 4134 586 4196 dite
609 4132 750 4215 filii
770 4137 1350 4217 praestiqiamois,
1409 4157 1615 4198 semen
1648 4135 1949 4217 adulteri,
2003 4145 2063 4199 et
2104 4141 2371 4201 scortata
2392 4117 2499 4186 eff

453 4233 660 4294 LVII:
703 4233 830 4312 [2.]
879 4238 937 4295 3.
991 4236 1174 4311 Apud
1207 4237 1445 4296 Nahum
1478 4283 1511 4312 „
1536 4237 1665 4300 Vae
1693 4238 1838 4298 urbi
1872 4240 2286 4320 sanquinitm,
2322 4233 2433 4297 tota
2450 4217 2501 4279 ²⁶⁹²
