2700 4792
348 364 586 422 CAPUT
645 363 946 424 PRIMUM.
1723 365 1935 423 VEB-S:
1991 378 2081 431 17.
2240 381 2311 435 93

37 495 83 539 *²
183 527 498 587 defectum
518 570 534 600 ,
587 530 824 584 constat
858 542 934 584 ex
967 524 1401 602 significatione
1438 532 1723 602 tanquam
1760 529 2009 602 mortui,
2064 545 2197 588 cum
2236 530 2311 590 de

182 629 419 688 Divina
469 627 820 702 praesentia
866 625 1030 700 apud
1088 625 1421 700 hominem,
1484 627 1646 702 quod
1702 630 1780 686 sIt
1828 627 2099 688 defectus
2143 631 2309 690 vitae

181 730 508 805 propriae3
559 727 688 782 vit-a
725 726 879 784 enim
913 727 1158 800 propria
1205 725 1461 784 hominis
1512 732 1605 786 est
1624 771 1641 800 ,
1704 730 1767 786 in
1804 745 1987 804 quam
2020 731 2306 804 nascitur,

187 845 353 912 quae
401 829 462 884 in
510 842 577 884 sc
621 841 741 883 non
787 831 882 883 est
926 826 1041 883 nisi
1077 842 1254 902 quam
1289 825 1551 896 malum,
1602 833 1695 884 cst
1733 829 1891 887 enim
1926 845 2177 904 prorsus
2210 831 2305 888 in-

180 943 408 1000 versa,
473 944 610 983 nam
648 930 885 1001 spectat
919 941 986 983 se
1031 924 1224 983 solum
1281 933 1342 984 et
1376 925 1692 1001 mundum,
1754 934 1817 986 et
1850 927 1989 986 inde
2025 944 2093 986 se
2127 931 2309 988 vertit

181 1036 354 1089 retro
399 1045 438 1084 a
483 1025 617 1084 Deo
663 1031 724 1084 et
759 1041 794 1082 a
831 1023 1047 1099 Coelo3
1100 1026 1226 1083 vita
1271 1043 1429 1102 quae
1470 1043 1587 1085 non
1632 1029 1877 1103 propria
1926 1034 2021 1088 cst
2062 1027 2303 1103 homini,

185 1135 290 1189 est
323 1131 384 1186 in
420 1144 598 1203 quam
633 1124 982 1202 perducitur
1019 1141 1156 1184 cum
1191 1132 1589 1202 regeneratur
1624 1145 1661 1184 a
1694 1127 1979 1196 Domino,
2030 1130 2091 1185 in
2126 1142 2306 1204 quam

184 1245 332 1289 cum
383 1230 578 1296 venit,
631 1230 872 1300 spectat
919 1223 1116 1282 Deum
1159 1231 1220 1282 et
1270 1224 1522 1284 Coelum
1570 1228 1763 1302 primo
1814 1226 1979 1300 loco,
2034 1243 2105 1286 ac
2140 1243 2209 1286 se
2246 1235 2307 1287 et

187 1328 486 1388 mundum
525 1324 824 1399 secund03
878 1324 1031 1382 haec
1067 1326 1194 1382 vita
1229 1325 1423 1384 influit
1458 1325 1619 1402 apud
1654 1326 1968 1401 hominem,
2008 1344 2143 1386 cum
2169 1326 2302 1386 Do·-

189 1431 398 1487 minus
431 1417 722 1502 praesens
761 1430 880 1499 est3
937 1423 1076 1482 inde
1125 1430 1333 1500 patet,
1388 1424 1547 1500 quod
1584 1433 1869 1501 quantum
1905 1426 2057 1486 hacc
2091 1425 2301 1502 influit,

199 1533 436 1585 tantum
491 1525 591 1584 fiat
656 1541 910 1583 versura
973 1526 1164 1591 vitae;
1217 1524 1371 1583 haec
1426 1541 1701 1600 versura,
1770 1542 1905 1584 cum
1966 1527 2164 1586 subito
2216 1526 2301 1601 fit,

195 1627 348 1686 facit
392 1631 452 1683 ut
500 1625 673 1684 homo
711 1629 1006 1700 appareat
1053 1623 1168 1682 sibi
1219 1626 1379 1684 sicut
1412 1631 1717 1700 mortuus3
1772 1625 1911 1684 inde
1954 1632 2076 1702 cst,
2142 1625 2304 1703 quod

186 1744 308 1804 per
341 1732 623 1801 tanquam
649 1730 920 1782 mortuus
952 1723 1048 1782 hic
1084 1723 1454 1800 significetur
1486 1725 1765 1784 defectus
1802 1727 1962 1786 vitae
1997 1729 2296 1803 propriae.

189 1826 318 1887 Sed
362 1825 488 1884 bini
523 1825 613 1884 illi
661 1831 856 1883 status
898 1825 1059 1882 vitae
1112 1840 1231 1882 non
1283 1825 1363 1882 ad
1407 1830 1650 1901 captum
1702 1824 1963 1885 describi
2015 1831 2298 1902 possunt3

185 1927 295 1986 alii
335 1928 512 1985 etiam
552 1931 690 1984 sunt
724 1924 884 2000 apud
921 1923 1250 1998 hominem,
1303 1932 1366 1984 et
1400 1924 1503 1983 alii
1538 1925 1701 2000 apud
1736 1928 2045 2001 spiritum,
2086 1933 2147 1985 et
2182 1925 2300 1984 dif-

183 2029 390 2088 ferunt
428 2041 676 2102 prorsus
712 2023 873 2101 apud
921 2023 1112 2082 malos
1154 2031 1213 2083 et
1257 2025 1420 2101 apud
1457 2024 1679 2084 bonos:
1724 2025 1929 2084 Homo
1981 2026 2058 2084 ad
2113 2043 2298 2102 prac—

181 2129 446 2188 sentiam
485 2125 690 2184 Divini
724 2142 843 2183 non
885 2141 1134 2200 corpore
1177 2127 1385 2184 vivere
1420 2131 1649 2201 potest,
1704 2132 1763 2183 et
1800 2128 1902 2202 qui
1936 2129 2148 2184 vivunt
2184 2126 2295 2186 ob-

183 2229 488 2304 stipantur
523 2225 800 2284 columna
836 2224 1137 2301 angelica,
1195 2241 1348 2300 quac
1390 2225 1736 2284 moderatur
1783 2226 2070 2284 influxum
2120 2227 2298 2285 Divi-

187 2344 358 2401 num,
397 2344 533 2384 nam
562 2343 780 2402 corpus
819 2325 1086 2401 cujusvis
1122 2325 1377 2384 hominis
1403 2341 1523 2384 non
1560 2331 1653 2384 est
1685 2326 2037 2401 receptibile
2074 2324 2295 2396 DivinI,

185 2433 566 2503 quapropter
600 2425 659 2483 id
695 2426 942 2484 moritur
990 2431 1050 2483 et
1085 2425 1381 2503 rejicitur:
1438 2425 1598 2499 quod
1652 2424 1829 2483 homo
1868 2424 1945 2484 ad
1994 2441 2291 2501 praesen·

195 2529 344 2593 tiam
403 2524 607 2582 Divini
665 2541 780 2583 non
839 2541 1088 2600 corpore
1135 2527 1351 2585 vivere
1400 2526 1621 2600 possit,
1686 2531 1961 2583 constare
2008 2531 2211 2600 potest
2258 2541 2297 2582 3

187 2625 444 2685 Domini
498 2623 696 2682 verbis
747 2623 824 2682 ad
869 2625 1082 2684 Mosen
1121 2623 1318 2699 „Non
1354 2629 1539 2703 potes
1586 2620 1799 2682 videre
1828 2621 2044 2702 facies
2098 2639 2291 2698 meaa,

181 2724 348 2806 quia
382 2743 510 2784 non
543 2722 778 2784 videbit
808 2722 918 2783 Me
949 2724 1132 2784 homo
1179 2730 1240 2784 et
1285 2725 1495 2784 vivet“
1552 2722 1752 2782 Exod:
1804 2721 2117 2782 XXXIII:
2167 2723 2291 2797 203

191 2830 564 2903 quapropter
597 2824 834 2899 Moses,
905 2827 1047 2902 quia
1081 2825 1286 2885 videre
1338 2824 1560 2898 voluit,
1614 2823 1849 2900 positus
1897 2828 1991 2882 est
2034 2823 2099 2880 in
2130 2821 2295 2880 fora·-

186 2929 344 2984 minc
393 2933 634 3000 petrae,
705 2932 766 2983 et
806 2925 1078 2984 obtectus
1134 2942 1326 3001 usquc
1373 2925 1512 2983 dum
1558 2923 1849 2982 Dominus
1904 2923 2287 2998 praeterivit:

187 3032 396 3083 notum
434 3027 612 3083 etiam
641 3025 750 3084 fuit
778 3026 1035 3100 antiquis
1054 3068 1072 3094 ‚
1109 3025 1268 3099 quod
1293 3025 1471 3084 homo
1497 3042 1615 3083 non
1640 3025 1833 3099 possit
1857 3022 2063 3086 videre
2089 3024 2291 3082 Deum

199 3130 261 3181 et
295 3125 526 3196 vivere,
586 3132 652 3182 ut
689 3118 1032 3185 constat'ex
1067 3123 1248 3182 Libro
1285 3123 1565 3184 Judicum
1605 3121 1864 3196 „Dioeit
1897 3119 2295 3184 Mamaeam

197 3219 294 3281 ad
343 3239 600 3282 uxorem
619 3268 636 3293 ‚
697 3222 1022 3284 moriendo
1081 3223 1425 3284 moriemur
1476 3223 1628 3302 quia
1680 3222 1901 3281 Deum
1958 3219 2291 3282 vidi-‘must

190 3321 385 3382 XIII:
439 3326 557 3380 22:
621 3331 682 3382 et
731 3341 968 3401 quoque
1022 3324 1136 3383 hoc
1179 3330 1462 3383 testatum
1500 3329 1593 3381 est
1630 3322 1793 3398 apud
1830 3321 1985 3380 filios
2023 3320 2289 3396 Israelis,

185 3441 324 3483 cum
368 3425 534 3481 visus
573 3431 668 3482 est
701 3424 994 3483 Domitius
1034 3441 1068 3483 c
1107 3431 1310 3482 monte
1350 3422 1533 3498 Sinai,
1574 3422 1647 3481 de
1686 3437 1801 3498 quo
1838 3423 1923 3479 ita
1961 3420 2120 3496 apud
2154 3419 2290 3478 Mo-

184 3539 296 3582 sen
350 3519 628 3598 „Eetote
660 3523 896 3602 parati
940 3522 1012 3583 in
1055 3522 1226 3584 diem
1274 3521 1564 3597 tertium,
1630 3519 1785 3600 quia
1832 3520 1903 3580 in
1952 3518 2058 3578 die
2103 3517 2291 3578 tertio

179 3619 514 3684 descendet
547 3621 833 3683 Jehovah
867 3623 938 3683 in
981 3619 1184 3684 oculi-9
1220 3623 1427 3684 omnis
1451 3617 1685 3702 populi
1718 3639 1909 3700 cuper
1939 3623 2145 3708 monte
2180 3615 2292 3678 Si-

180 3723 298 3782 nai
310 3741 340 3793 ;
377 3725 436 3780 et
471 3722 914 3802 eircumepies
937 3721 1252 3803 populum
1287 3721 1725 3796 circumcirca,
1768 3717 2049 3788 dicendo,
2084 3723 2293 3777 cavete

182 3822 360 3882 vobis
385 3821 464 3881 ab
490 3821 880 3883 ascendendo
907 3823 980 3882 in
1012 3829 1308 3898 montem,
1350 3815 1411 3882 εἰ
1440 3820 1753 3900 tanqendo
1788 3820 1861 3880 in
1888 3817 2291 3879 extremitate

179 3921 318 4003 ejus
338 3939 367 3991 ;
421 3920 628 3980 omnis
669 3921 782 4001 qui
817 3922 1099 4001 tetiyerit
1132 3928 1402 3982 montem
1452 3919 1773 3983 moriendo
1821 3918 2163 3979 morietur.-
2230 3922 2293 3978 et

179 4019 334 4099 quia
385 4027 590 4082 terror
635 4022 963 4102 occupavit
1005 4019 1186 4098 illos,
1243 4021 1550 4084 dixerunt
1594 4019 1684 4080 ad
1728 4017 1981 4095 Mosen,
2046 4005 2293 4098 loquore

177 4127 250 4181 tu
283 4120 612 4181 nobiscum
651 4127 712 4182 et
762 4121 1102 4184 audiemus
1116 4168 1133 4193 ‚
1182 4141 1307 4182 non
1351 4126 1565 4182 autem
1620 4116 1919 4199 loquatur
1958 4117 2287 4178 nobiscum

180 4219 398 4296 Deus,
463 4237 542 4280 ne
583 4221 761 4300 sorte
815 4222 1215 4283 moriamur“
1277 4220 1479 4280 Exod:
1537 4219 1721 4278 XIX:
1780 4221 1886 4276 11.
1936 4220 2044 4274 12.
2114 4215 2276 4288 Cap:
2324 4271 2336 4278 .
