2700 4792
413 354 524 410 444
683 341 1174 400 APOCALYPSIS
1215 340 1659 407 EXPLch‘rA„
1698 340 1745 409 §-
1789 347 1917 401 262.
1960 341 2089 402 203--
2134 347 2266 400 264.

411 521 534 584 qua
565 521 754 582 supra
799 521 877 564 n:
923 503 1044 565 55:
1099 519 1216 564 vox
1253 519 1415 579 quae
1452 517 1485 561 e
1524 499 1709 560 Coelo
1760 499 1998 559 auditur
2050 497 2214 574 apud
2246 497 2385 558 illos
2438 502 2555 576 qui

323 590 328 596 ¹
407 607 474 666 in
507 605 722 682 spiritu
757 609 930 674 sunt,
981 602 1223 662 auditur
1273 600 1450 662 solito
1500 601 1657 687 sicut
1708 617 1821 660 vox
1870 599 2161 674 humana3
2216 599 2327 657 sed
2380 600 2553 674 quod

415 708 572 766 sicut
617 703 764 764 tuba
797 705 1082 780 loquens,
1137 707 1270 764 erat
1317 703 1459 778 quia
1504 700 1665 762 clare
1718 706 1778 760 et
1822 699 2137 760 manifeste
2182 707 2549 775 perceptum

419 810 552 866 erat
585 803 664 862 ab
697 803 966 882 Angelis„
1005 809 1066 864 et
1100 802 1260 880 quod
1289 801 1451 861 clare
1488 807 1549 860 et
1582 798 1897 860 manifeste
1936 799 2013 858 ab
2040 797 2156 858 illis
2191 800 2543 876 percipitur,

417 906 531 966 hoc
565 902 728 964 cadit
761 919 976 964 sonore
1012 905 1076 964 in
1107 902 1377 964 auditum
1414 903 1693 978 spiritus3
1748 905 1808 958 et
1840 899 1955 958 hoc
1992 899 2211 957 factum
2248 904 2337 958 est
2370 899 2545 976 apud

413 1005 784 1076 Johaunem‚
837 1010 908 1064 ut
951 1006 1241 1064 excitaret
1277 1001 1409 1079 ejus
1448 1002 1873 1075 attentionem,
1932 1005 1992 1058 et
2024 999 2163 1058 inde
2198 1001 2419 1074 visum,
2460 1016 2542 1058 ne

415 1103 642 1182 aliquid
679 1107 736 1164 ei
767 1105 829 1165 in
863 1103 1120 1165 obscuro
1175 1107 1370 1163 esset:
1422 1101 1538 1160 hoc
1570 1099 1923 1176 intelligitur
1965 1115 2077 1176 per
2110 1115 2319 1160 vocem
2356 1097 2548 1160 tubae

417 1208 600 1266 etiam
647 1203 780 1264 aliis
833 1206 894 1264 in
928 1204 1110 1278 locis,
1165 1209 1232 1262 ut
1263 1199 1487 1262 Matth:
1524 1199 1762 1262 XXIV:
1807 1200 1917 1258 31.
1970 1197 2231 1259 Sachar=
2266 1199 2378 1259 IX:
2430 1202 2547 1259 14.

417 1304 662 1368 Psalmz
701 1303 968 1367 XLVII:
1011 1307 1070 1364 6.
1121 1303 1326 1382 Apoc:
1366 1301 1527 1378 Cap:
1558 1300 1741 1360 VIII:
1775 1303 1837 1358 2.
1884 1304 1943 1359 7.
1982 1300 2042 1358 8.
2080 1301 2187 1360 13.
2246 1298 2393 1376 Cap:
2423 1299 2549 1360 IX:

425 1408 486 1466 1.
532 1407 640 1465 13.
687 1407 796 1464 14.
853 1402 1011 1481 Gap:
1049 1404 1131 1465 X:
1175 1408 1234 1464 7.
1287 1400 1732 1479 Cap=XV111=
1777 1401 1895 1476 223
1952 1405 2012 1460 et
2044 1398 2204 1462 alibi..

481 1528 498 1542 =
577 1506 742 1566 263.
795 1503 1084 1580 DIcebat,
1123 1502 1384 1564 ascende
1409 1502 1560 1577 huc,
1614 1499 1777 1577 quod
1811 1497 2105 1577 significet
2140 1499 2555 1560 elevationem

419 1607 636 1668 mentis
691 1611 752 1664 et
803 1605 1222 1679 attentionem,
1289 1607 1523 1662 constat
1582 1618 1657 1660 ex
1710 1600 2145 1676 significatione
2191 1599 2555 1672 ascendere,

423 1722 560 1764 cum
597 1705 672 1765 do
709 1703 1014 1763 auditione
1049 1722 1086 1762 a
1119 1704 1371 1774 Divino,
1423 1702 1586 1785 quod
1620 1703 1701 1760 sit
1736 1698 1991 1760 elevatio
2028 1702 2266 1776 menti3‚
2305 1699 2381 1760 de
2420 1719 2555 1776 qua

417 1821 494 1863 n:
539 1805 752 1864 3084.
793 1804 1007 1862 4539.
1059 1805 1273 1862 4969.
1329 1804 1541 1864 5406.
1588 1803 1797 1861 5817.
1845 1803 2069 1875 60073
2138 1799 2297 1876 quod
2354 1802 2554 1860 etiam

415 1905 496 1964 sit
521 1903 788 1977 attentio,
827 1909 922 1962 est
948 1904 1090 1986 quia
1113 1919 1254 1962 cum
1282 1901 1559 1962 elevatur
1586 1917 1772 1973 mene,
1802 1899 1869 1960 fit
1890 1901 2173 1975 attenti03
2210 1907 2350 1959 sunt
2378 1902 2555 1962 enim

415 2003 641 2064 homini
669 2002 866 2078 quoad
892 2003 1308 2079 cogitationem
1337 2009 1397 2062 et
1417 2002 1782 2062 voluntatem
1806 2001 2094 2069 interiora
2122 2007 2183 2058 et
2212 2001 2549 2076 exteriora,

415 2104 699 2164 interiora
731 2110 880 2164 sunt
910 2103 1016 2162 illa
1051 2119 1207 2179 quae
1241 2103 1475 2164 Inter-ni
1510 2102 1763 2161 hominis
1782 2147 1799 2177 ,
1858 2101 2161 2160 exteriora
2206 2107 2346 2160 sunt
2380 2118 2555 2176 quae

415 2203 694 2278 Externi3
744 2203 1030 2263 interiora
1065 2221 1220 2280 quae
1255 2209 1394 2262 sunt
1428 2202 1657 2284 Interni
1692 2202 1976 2274 hominis,
2032 2207 2171 2259 sunt
2218 2203 2279 2260 in
2312 2200 2555 2262 Mundo

417 2301 730 2380 spirituali,
769 2320 955 2378 quare
989 2302 1098 2362 illa
1131 2321 1287 2380 quae
1311 2303 1397 2362 ibi
1421 2308 1562 2362 sunt
1588 2301 1957 2378 spiritualia3
1998 2303 2299 2360 exteriora
2334 2306 2555 2360 autem

419 2419 532 2465 seu
565 2419 722 2480 quae
775 2410 914 2464 sunt
946 2404 1192 2462 Externi
1239 2403 1525 2477 hominis,
1582 2403 1817 2462 suntin
1850 2399 2073 2462 Mundo
2132 2400 2417 2476 naturali,
2474 2409 2554 2462 et

416 2503 524 2564 illa
557 2519 714 2580 quae
761 2504 846 2564 ibi
893 2509 1034 2564 sunt
1076 2503 1379 2562 naturalia
1389 2523 1406 2578 3
1459 2501 1613 2562 haec
1650 2505 1792 2579 quia
1826 2505 1969 2562 sunt
2004 2503 2301 2563 exteri-ora
2332 2508 2397 2560 et
2428 2500 2555 2560 illa

418 2605 728 2680 interiora,
779 2605 916 2664 ideo
947 2619 1059 2681 per
1093 2603 1422 2662 ascendere
1460 2603 1827 2679 significatur
1882 2601 2139 2660 elevatio
2188 2616 2401 2660 versus
2436 2602 2543 2658 in·-

414 2706 670 2780 teriora‚
709 2723 820 2765 seu
855 2703 1113 2764 elevatio
1149 2705 1400 2762 mentis:
1436 2703 1549 2762 sed
1582 2703 1655 2762 de
1685 2703 1798 2762 hac
1828 2702 2181 2762 Elevatione
2217 2701 2550 2762 videantur

419 2821 578 2881 quae
621 2807 684 2864 in
737 2805 936 2882 Opere
985 2804 1058 2862 de
1113 2802 1318 2863 Cotto
1372 2821 1449 2862 m·
1500 2803 1777 2862 Inmane
1842 2821 1910 2861 n:
1954 2799 2067 2858 33.
2112 2803 2223 2860 34.
2270 2803 2378 2860 38.
2425 2802 2550 2860 92.

421 2905 587 2962 499.
633 2905 793 2980 501,
831 2911 1076 2964 ostensa
1109 2909 1277 2978 sunt,
1337 2910 1398 2962 et
1432 2905 1493 2962 in
1528 2903 1855 2962 Docrnma
1888 2901 2109 2964 Novas
2140 2900 2546 2960 Hmnosomt-

344 3018 353 3025 ·
414 3019 546 3060 ms
579 3020 650 3060 n:
693 3005 781 3062 36
823 3003 900 3062 ad
943 3003 1052 3064 53.

577 3103 742 3160 264.
796 3102 873 3160 Et
909 3103 1216 3162 ostendam
1255 3103 1365 3162 tibi
1400 3119 1557 3180 quae
1594 3109 1836 3180 oportet
1868 3102 2002 3164 fieri
2034 3100 2323 3179 posthac,
2382 3101 2554 3176 quod

419 3198 714 3278 significet
745 3203 1198 3263 instructionem
1233 3201 1310 3262 de
1337 3202 1459 3263 illis
1496 3219 1649 3281 quae
1686 3201 1895 3262 ultimo
1931 3209 2201 3279 tempore
2225 3199 2547 3260 Ecclesiae

421 3302 695 3374 existent,
735 3307 970 3360 constat
1005 3317 1080 3360 ex
1107 3301 1539 3378 significatione
1568 3303 1902 3377 ostendere,
1942 3302 2103 3379 quo-d
2136 3303 2217 3360 sit
2239 3301 2544 3361 instruere

421 3401 498 3465 ad
523 3402 758 3471 vivum,
812 3400 888 3460 de
923 3417 1044 3477 qua
1077 3403 1379 3478 sequitur-3
1437 3411 1499 3462 et
1534 3420 1605 3462 ex
1644 3402 2075 3478 significati-one
2110 3417 2267 3479 quae
2304 3406 2546 3477 oportet

417 3501 550 3562 fieri
594 3501 878 3580 posthac,
933 3501 1094 3579 quod
1144 3502 1221 3560 sit
1271 3519 1434 3578 quae.
1479 3503 1774 3562 exstitura
1822 3507 1963 3561 sunt
2007 3501 2219 3563 ultimo
2266 3508 2541 3576 tempore
2596 3552 2605 3559 .

423 3601 762 3679 Ecclesiae3
819 3601 979 3678 quod
1011 3600 1118 3660 illa
1151 3601 1591 3679 significentur,
1634 3608 1727 3662 est
1762 3604 1902 3678 quia
1935 3602 1997 3661 in
2030 3617 2189 3660 nunc
2223 3599 2539 3676 sequenti-

420 3701 536 3762 bus
573 3704 769 3779 agitur
803 3703 877 3762 de
915 3707 1074 3763 statu
1111 3699 1282 3765 Coeli
1315 3711 1379 3760 et
1410 3701 1721 3762 Ecclesiae
1756 3719 1895 3760 mox
1933 3707 2071 3760 ante
2106 3701 2383 3760 ultimum
2418 3698 2541 3758 Ju-

423 3801 673 3876 dicium,
727 3810 788 3862 ezt
835 3808 1054 3879 postea
1100 3801 1174 3860 de
1221 3802 1355 3877 ipso
1408 3801 1683 3877 Judici03
1738 3807 1804 3860 et
1848 3801 1989 3878 quia
2034 3799 2149 3860 hoc
2186 3801 2543 3859 exstiturum

421 3908 579 3976 erat,
637 3903 874 3978 quando
919 3901 1054 3960 finis
1088 3899 1401 3959 Ecclesiae
1458 3908 1578 3972 est,
1629 3901 1766 3959 ideo
1813 3918 1925 3977 per
1969 3900 2075 3959 illa
2131 3899 2544 3976 significantur

421 4015 574 4074 quae
613 4005 906 4062 exstitura
937 3999 1146 4060 ultimo
1181 4007 1451 4078 tempore
1477 4000 1817 4062 Ecclesiaez
1856 3999 2013 4077 quod
2048 3999 2324 4060 ultimum
2359 3998 2541 4059 Judi-

377 4169 392 4180 Α
419 4096 576 4150 cium
623 4100 842 4156 existat
887 4099 1124 4174 quando
1161 4098 1298 4158 finis
1345 4099 1657 4162 Ecclesiae
1710 4108 1831 4173 est,
1906 4105 1967 4160 et
2014 4098 2176 4176 quod
2226 4099 2544 4167 exstiterit,

417 4185 691 4247 videatur
734 4194 794 4250 in
837 4194 1148 4270 Opusculo
1201 4199 1274 4257 de
1327 4199 1572 4260 Ummo
1610 4201 1869 4260 Jumcio
1892 4244 1909 4276 ‚
1960 4217 2029 4258 n:
2072 4200 2159 4260 33
2202 4198 2279 4258 ad
2321 4201 2433 4272 39,
2484 4204 2545 4256 et
