2700 4792
391 347 462 398 92
771 331 1266 388 APOCALYPSIS
1311 327 1747 384 EXPLICATA.
1800 329 1848 398 §.
1892 339 1983 390 77.
2028 337 2119 389 78.

393 507 568 554 meae
600 509 792 570 super·
825 495 1066 550 ter-ram
1079 509 1100 548 .·
1167 487 1280 548 ced
1317 505 1449 548 ecce
1480 503 1711 548 manue
1744 483 1959 564 tetiyit
1992 503 2117 560 me,
2180 489 2241 544 et
2276 491 2519 546 austu-

395 589 480 653 lz’t
513 609 704 670 super
727 608 962 669 genua,
1022 593 1083 648 et
1109 584 1287 648 volas
1329 605 1637 648 manuum
1682 605 1997 660 mearum,
2049 589 2109 645 et
2152 583 2363 660 dimit,
2432 605 2525 646 ne

397 691 661 752 timeto“
700 691 796 750 xa
857 692 888 750 5
923 689 1000 748 ad
1031 692 1059 746 1
1081 692 1138 747 2.
1195 687 1256 746 Is
1293 693 1489 746 status
1528 687 1705 746 etiam
1744 685 2103 746 describitur
2138 685 2304 762 apud
2336 685 2519 745 Eze-

399 791 682 866 chielem,
723 807 860 849 cum
896 788 1042 848 vidit
1079 787 1423 859 Cherubos,
1470 803 1583 863 per
1616 801 1769 863 quos
1804 785 2171 862 significatur
2203 786 2521 845 Dominus

399 890 598 967 quoad
638 888 1084 949 Providentiam
1146 931 1184 964 „
1197 887 1359 948 O‘um
1410 884 1551 946 vidi
1604 881 1885 966 „olor-iam
1938 884 2243 955 Jehovae,
2302 884 2519 944 cecidi

397 1009 587 1071 cuper
607 989 820 1070 facies
854 1007 1069 1059 mea8,·
1109 993 1169 1048 et
1201 985 1433 1048 audivi
1466 1004 1671 1046 vocem
1698 983 2065 1064 loquentem,
2110 1003 2269 1064 quae
2302 983 2515 1059 dioeit,

386 1088 500 1172 fili
531 1089 806 1168 hominis
841 1093 948 1150 sta
983 1107 1176 1170 super
1199 1085 1401 1167 pedes
1440 1091 1585 1146 tuoe
1600 1130 1615 1160 ,
1670 1090 1743 1146 ut
1779 1081 2003 1164 loquar
2034 1084 2125 1146 ad
2158 1089 2250 1144 te.-
2302 1088 2363 1142 et
2402 1104 2515 1143 ve·-

395 1191 496 1252 m’t
553 1190 624 1250 iu
667 1209 763 1250 me
821 1188 1098 1268 spiritus
1143 1206 1286 1250 eum
1329 1183 1627 1266 loquutus
1686 1190 1781 1245 eet
1830 1183 1920 1245 ad
1964 1204 2061 1244 me
2073 1229 2091 1261 ‚
2160 1189 2221 1244 et
2268 1184 2515 1245 statuit

397 1309 495 1351 me
557 1308 746 1368 super
781 1288 979 1368 pedes
1039 1305 1238 1356 meos,
1297 1293 1357 1347 et
1408 1283 1638 1346 audivi
1692 1282 2036 1363 loquentem
2086 1283 2175 1345 ad
2236 1287 2377 1343 πηοί(
2440 1285 2511 1343 1:

404 1393 514 1450 28.
587 1388 745 1466 Cap:
801 1389 896 1447 11:
961 1392 1018 1446 1.
1073 1390 1135 1444 2.
1219 1386 1535 1463 Capzm:
1583 1389 1694 1444 24.
1778 1387 1853 1444 Et
1907 1403 2145 1462 quoquc
2208 1384 2511 1457 similiter,

399 1507 535 1552 cum
587 1488 774 1548 Jesus
831 1487 1291 1545 transformatus
1341 1493 1435 1545 est
1480 1503 1679 1546 coram
1722 1487 1934 1560 Petro,
1987 1485 2221 1546 Jacobo
2272 1491 2333 1543 et
2384 1484 2505 1544 Jo-

397 1590 595 1650 banne
612 1608 628 1663 3
687 1586 761 1646 de
799 1603 916 1662 quo
953 1589 1038 1644 ita
1073 1584 1234 1662 apud
1261 1585 1633 1678 Matthaeum
1666 1584 1943 1660 „Adhuc
1974 1584 2169 1646 Petro
2204 1581 2511 1663 loquente,

397 1707 528 1748 ecce
559 1686 750 1748 nubes
797 1683 1014 1746 lucida
1063 1684 1451 1746 inumbravit
1496 1705 1600 1745 eos
1616 1729 1633 1757 ,
1684 1691 1747 1745 et
1780 1705 1909 1746 ecce
1952 1703 2077 1745 vox
2124 1704 2158 1742 e
2198 1685 2357 1744 nabe
2392 1683 2505 1745 da·-

399 1805 572 1861 oens,
627 1784 764 1845 Hic
810 1791 904 1845 est
947 1783 1169 1846 Filius
1215 1805 1391 1846 meus
1440 1781 1745 1855 dilectus,
1816 1786 1887 1845 iu
1952 1784 2093 1861 Quo
2153 1784 2510 1864 acquiesco,

397 1886 628 1966 Ipsum
661 1885 918 1946 audite:
983 1891 1042 1946 et
1091 1905 1235 1947 cum
1277 1885 1429 1946 haee
1478 1885 1813 1946 audissent
1874 1881 2214 1965 discipuli,
2264 1884 2501 1944 cecide-

397 1991 553 2048 runt
597 1985 666 2046 iu
699 1986 940 2066 faciem
987 2005 1205 2057 suam,
1263 1991 1323 2046 et
1364 1985 1713 2047 timum-um*
1754 1983 1981 2058 valde;
2026 1991 2175 2048 tunc
2208 1983 2511 2046 accedens

402 2086 599 2148 «Iesus
635 2085 846 2168 tetigit
892 2107 1022 2160 eos,
1079 2092 1138 2146 et
1173 2086 1385 2158 dimit,
1440 2086 1717 2166 sumite,
1762 2105 1839 2146 ue
1874 2086 2119 2156 timet&
2182 2090 2243 2144 et
2277 2081 2503 2146 subla-

401 2187 490 2248 tis
529 2183 732 2247 oculis
763 2186 1070 2265 mmiuem
1106 2185 1404 2248 viderunt
1440 2185 1578 2246 uisi
1603 2185 1829 2247 Jesum
1872 2183 2126 2247 δάπτω(
2174 2184 2389 2244 XVII:
2442 2186 2496 2244 5.

411 2291 470 2347 6.
516 2292 574 2346 7.
620 2289 678 2346 8.
756 2288 850 2346 Ex
882 2287 978 2346 his
1016 2295 1302 2364 apparet,
1360 2286 1553 2362 qualis
1592 2292 1685 2346 est
1717 2289 2063 2363 praesentia
2109 2286 2313 2344 DIvini
2360 2285 2498 2343 Hu-

403 2390 565 2446 mani
598 2387 840 2448 Domini
876 2387 1038 2464 apud
1087 2388 1385 2446 hominem
1438 2388 1540 2463 qui
1592 2388 1651 2446 in
1698 2387 2105 2446 humiliatione
2154 2385 2341 2446 cordis
2380 2393 2495 2458 est,

405 2488 564 2565 quod
599 2505 814 2564 nempe
852 2487 1029 2546 cadat
1071 2491 1132 2546 in
1179 2487 1425 2561 faciem,
1501 2492 1561 2546 et
1606 2505 1718 2564 per
1770 2493 1991 2546 tactum
2042 2503 2253 2545 manus
2300 2484 2499 2561 Ipsius

405 2591 668 2666 erigatur
701 2590 764 2646 in
796 2587 1005 2663 pedes.
1093 2587 1271 2664 Quod
1321 2589 1667 2662 praesentia
1698 2586 1939 2646 Domini
1975 2586 2175 2663 quoad
2217 2586 2501 2644 Divinum

245 2683 364 2746 [66]
401 2689 746 2749 Humanum
802 2687 996 2758 fuerit,
1045 2695 1321 2748 constare
1373 2694 1601 2764 potest,
1669 2704 1807 2745 nam
1854 2705 2055 2746 coram
2102 2686 2381 2746 Johanne
2418 2689 2503 2744 ita

403 2791 685 2865 apparuit
730 2775 917 2846 Filius
965 2787 1218 2847 hominis
1265 2789 1371 2864 qui
1406 2788 1469 2845 in
1522 2786 1717 2846 medio
1766 2787 2293 2862 candelabrorum3
2346 2785 2503 2864 quod

401 2888 591 2947 Filius
626 2887 880 2945 hominis
916 2889 1002 2946 sit
1021 2889 1314 2947 Dominus
1354 2888 1551 2963 quoad
1576 2888 1861 2947 Divinum
1887 2888 2248 2960 Humanum,
2288 2887 2500 2947 videa-

403 2994 502 3046 tur
544 3003 730 3063 supra
770 3005 848 3045 n:
899 2989 1027 3046 63:
1083 2987 1355 3046 similiter
1409 3004 1609 3046 coram
1666 2987 1975 3064 discipulis
2024 3004 2159 3046 cum
2208 2986 2499 3046 Dominus

404 3087 860 3146 transformatus
909 3092 1033 3162 est;
1087 3093 1454 3164 quapropter
1502 3091 1688 3164 etiam⁴
1720 3087 1963 3162 dicitur,
2028 3086 2189 3164 quod
2244 3087 2499 3146 sublatis

404 3186 593 3246 oculis
628 3189 924 3246 neminem
960 3187 1216 3246 viderint
1252 3189 1367 3246 nisi
1401 3186 1615 3247 Jesum
1652 3189 1865 3248 solum.
1952 3187 2131 3262 Quod
2162 3188 2345 3246 etiam
2371 3187 2495 3245 Do-

406 3289 600 3346 minus
645 3286 842 3363 quoad
876 3287 1160 3346 Divinum
1196 3287 1541 3346 Humanum
1577 3289 1756 3346 fuerit
1790 3291 1892 3364 qui
1930 3291 2097 3346 visus
2136 3293 2231 3344 est
2264 3285 2497 3346 Danieli

409 3394 470 3448 et
500 3386 830 3460 Ezechieli,
873 3393 1148 3446 constare
1182 3393 1384 3464 potest
1420 3405 1493 3448 ex
1518 3389 1723 3464 Ipsius
1747 3389 1987 3447 Domini
2023 3387 2223 3446 verbis
2261 3381 2496 3463 „Quod

404 3505 529 3548 non
563 3504 768 3547 vocem
799 3485 1032 3548 Patris
1065 3506 1344 3566 unquam
1388 3486 1781 3565 audiverim,
1842 3507 2031 3566 neque
2064 3486 2335 3566 speeiem
2380 3484 2493 3564 ‘Ip-

405 3586 550 3648 sius
590 3581 911 3646 uiderinffl
951 3587 1104 3647 Joh:
1143 3588 1236 3646 V:
1291 3589 1403 3646 37.
1462 3588 1619 3665 Cap:
1658 3588 1719 3647 I:
1765 3591 1885 3664 183
1942 3588 2102 3664 quod
2138 3589 2321 3645 etiam
2353 3585 2491 3644 ado-

402 3689 668 3747 raverint
725 3687 1063 3762 Dominum,
1129 3706 1266 3747 cum
1321 3689 1383 3746 in
1432 3688 1650 3747 mundo
1705 3689 1844 3761 fuit,
1906 3686 2271 3764 procidendo
2320 3699 2489 3762 super

401 3789 617 3848 faciem
669 3786 746 3844 ad
799 3788 988 3863 pedes
1049 3787 1248 3864 Ipsius
1269 3832 1285 3862 ,
1341 3788 1617 3848 videatur
1671 3789 1832 3865 apud
1884 3787 2287 3856 Matthaeum,
2341 3785 2483 3859 Gap:

401 3886 710 3948 XXVIII:
755 3890 826 3946 9:
881 3889 1043 3966 apud
1077 3889 1372 3962 Marcum,
1434 3888 1595 3964 Cap:
1645 3886 1793 3948 VH:
1838 3889 1950 3947 25.
1995 3889 2117 3946 26:
2178 3887 2341 3964 apud
2372 3885 2485 3942 Lu·

405 4004 537 4046 cam
591 3987 745 4064 Gap:
796 3988 976 4048 VIII:
1029 3992 1143 4047 41.
1219 3987 1382 4064 Cap-2
1430 3988 1644 4050 XVII:
1709 3989 1815 4047 15.
1879 3989 1988 4046 16.
2053 3988 2175 4046 18:
2236 3993 2297 4048 et
2338 3977 2477 4060 apud

402 4086 739 4148 Johannem
797 4087 954 4166 Cap:
992 4089 1124 4148 XI:
1175 4090 1285 4148 32.

560 4194 592 4248 7
610 4191 668 4249 8.
751 4189 1065 4264 Tanquam
1102 4195 1401 4260 mortuus,
1464 4189 1623 4268 quod
1664 4189 1954 4266 significet
2000 4190 2159 4250 vitae
2216 4183 2483 4266 propriae
