2700 4792
289 375 588 439 CAPUT
627 371 993 447 QUARTUM.
1720 375 1930 432 VERS=
1972 389 2027 440 7.
2196 389 2307 444 485

129 543 368 603 similis
417 538 684 616 aquilae
717 537 976 612 volanti,
1031 535 1236 598 volare
1287 537 1443 596 enim
1480 533 1777 613 significat
1809 541 2213 614 praesentiam
2246 546 2308 601 et

127 642 670 720 perspectionem
721 639 1134 712 circumcirca,
1191 642 1252 697 et
1287 651 1425 696 cum
1476 636 1551 695 de
1586 636 1809 696 Divino
1858 641 2305 717 omnipraesen-

125 747 284 804 tiam
310 763 330 802 ε
417 740 598 818 quod
629 738 855 816 Aquila
913 737 1208 815 significet
1251 736 1701 813 intelligentiam
1722 781 1739 809 ,
1792 745 1889 798 est
1940 743 2119 800 etiam
2169 744 2311 819 quia

127 861 292 903 aves
337 841 574 916 Coeli,
627 843 690 898 in
723 840 880 899 bono
915 854 1128 910 sensu,
1179 836 1517 914 significant
1548 837 1981 899 intellectualia
2022 846 2085 900 et
2116 845 2304 902 ratio-

131 943 336 1017 nalia,
387 947 472 1002 et
507 935 712 1019 aquila
745 956 892 1017 prae
929 938 1222 1008 caeteris,
1261 938 1403 1013 quia
1437 953 1555 996 non
1588 938 1763 998 modo
1800 936 1921 998 alte
1955 939 2145 1015 volat,
2196 940 2308 1001 sed

133 1045 338 1102 etiam
373 1047 614 1102 acutae
661 1041 814 1098 aciei
847 1043 974 1098 est:
1031 1037 1193 1115 quod
1239 1053 1385 1096 aves
1424 1036 1591 1098 Coeli
1640 1037 1975 1115 significent
2024 1039 2303 1100 intellec-

67 1115 86 1136 ·
135 1143 354 1202 tualia
399 1147 476 1202 et
508 1139 824 1200 rationalia
856 1141 918 1197 in
949 1145 1206 1214 utroque
1240 1153 1425 1196 sensu
1442 1181 1459 1211 ,
1512 1136 1789 1197 videatur
1822 1156 1888 1196 nx
1933 1139 2094 1200 745.
2140 1144 2223 1199 77
2240 1141 2300 1200 6.
2374 1185 2419 1222 ,

145 1247 328 1303 866.
387 1242 566 1302 988.
613 1241 774 1300 993.
819 1241 1030 1298 3219.
1088 1239 1298 1298 5149.
1343 1241 1557 1297 7441.
1632 1237 1809 1314 Quod
1842 1238 2065 1316 Aquila
2112 1241 2301 1316 signi·

141 1343 298 1404 ficet
335 1341 841 1418 Intelligentiam,
880 1345 1116 1399 constat
1151 1355 1226 1398 ex
1259 1337 1353 1398 his
1388 1335 1537 1398 locis
1560 1333 1633 1398 ‘in
1658 1337 1892 1415 Verb03
1946 1339 2109 1416 apud
2138 1339 2300 1400 Eze-

141 1443 442 1503 chielem
494 1437 786 1520 „Aquila
823 1457 1079 1518 mayna,
1120 1457 1361 1516 mayna
1392 1434 1552 1509 alic,
1606 1435 1801 1519 lon9a
1825 1439 2075 1520 pennis,
2104 1436 2304 1519 plena

138 1540 426 1620 plumis
443 1586 460 1615 ,
511 1541 618 1603 cui
663 1539 1038 1620 acupictura
1051 1558 1081 1611 ,0
1131 1539 1300 1600 venit
1337 1557 1529 1618 super
1560 1537 1917 1619 Libanum,
1969 1545 2030 1600 et
2064 1539 2303 1620 accepit

147 1639 626 1704 ramusculum
681 1638 853 1702 cedri
861 1660 890 1712 ;
962 1644 1154 1720 caput
1198 1635 1601 1702 surculorum
1648 1639 1784 1722 ejus
1844 1639 2152 1720 deca-psit
2160 1660 2189 1712 ,·
2242 1644 2303 1700 et

157 1740 466 1804 deduxit
513 1743 584 1803 in
625 1746 863 1804 temam
912 1739 1399 1820 myctiationis,
1468 1739 1539 1801 in
1572 1741 1723 1802 urbe
1768 1741 2303 1804 aromatom‘orum

161 1843 404 1918 posuit
449 1842 556 1905 id:
619 1841 856 1902 sumsit
889 1840 968 1902 de
1004 1842 1238 1904 semine
1273 1847 1509 1918 terrae,
1561 1847 1622 1902 et
1648 1842 1875 1922 posuit
1915 1842 1992 1904 id
2030 1842 2103 1904 in
2142 1860 2303 1924 aqro

167 1943 482 2004 sementis
493 1964 524 2017 ,·
589 1941 826 2020 accepit
881 1940 972 2002 ad
1008 1961 1212 2021 aquae
1253 1961 1529 2022 magmas
1539 1987 1556 2019 ‚
1610 1942 2049 2025 cirmmcpecte
2079 1942 2306 2024 posuit

169 2039 250 2100 id
274 2062 301 2113 ,·
364 2049 424 2104 et
481 2040 896 2124 yerminavil,
965 2047 1026 2102 et
1054 2043 1314 2123 sactum
1354 2048 1451 2102 eet
1506 2043 1578 2104 in
1624 2043 1815 2105 vitem
1864 2041 2303 2108 luxuriantem

177 2137 422 2206 humili
453 2149 712 2206 statura
722 2162 751 2214 ,·
801 2142 900 2202 ita
932 2145 1006 2204 ut
1037 2141 1415 2222 respicerent
1444 2139 1755 2221 palmites
1795 2143 1937 2225 ejus
1970 2143 2061 2205 ad
2092 2141 2298 2218 illam,

181 2245 244 2298 et
289 2244 538 2306 radices
577 2242 714 2326 ejus
755 2243 870 2304 sub
897 2239 1020 2304 illa
1061 2246 1268 2303 essent
1280 2262 1308 2316 ;
1341 2239 1447 2307 ,sic
1468 2241 1663 2322 sacta
1700 2247 1797 2304 est
1821 2243 1891 2306 in
1918 2244 2107 2306 vitem
2142 2261 2301 2323 quae

185 2336 356 2412 fecit
371 2341 662 2420 palmites
685 2347 744 2402 et
769 2343 982 2405 emisit
1005 2361 1240 2405 ramos.
1277 2341 1374 2404 Et
1387 2341 1533 2422 fuit
1556 2339 1778 2422 aquila
1804 2341 2013 2406 altera
2040 2363 2298 2425 may‘na,

197 2453 439 2517 mayna
471 2442 594 2504 alis
628 2449 688 2506 et
715 2441 910 2524 plena
934 2441 1214 2524 plumis,
1269 2443 1360 2506 ad
1390 2462 1581 2524 quam
1622 2460 1752 2504 ecce
1788 2443 1945 2506 vitis
1980 2443 2131 2505 haec
2182 2463 2303 2524 ap-

177 2531 428 2614 plicuit
459 2543 700 2606 radices
740 2564 928 2616 suae,
979 2550 1039 2604 et
1063 2541 1373 2624 palmites
1408 2563 1561 2606 suos
1598 2543 1782 2605 misit
1813 2542 1905 2605 acl
1935 2541 2155 2618 illam,
2210 2543 2302 2604 ad

187 2635 597 2720 immundum
629 2665 770 2706 eam
809 2663 890 2706 eoe
917 2642 1154 2706 areolis
1183 2644 1615 2724 plantationis
1652 2643 1807 2726 ejus,
1854 2644 1927 2706 in
1958 2661 2118 2724 ayro
2146 2643 2300 2706 bono

183 2743 367 2818 apud
403 2763 608 2824 aquas
644 2742 888 2806 multas
935 2745 963 2806 τ’
965 2742 1060 2806 lla
1091 2742 1401 2826 plantata
1414 2791 1429 2820 ,
1484 2745 1575 2807 ad
1603 2743 1982 2826 faciendum
2022 2761 2295 2818 ramum,

183 2844 240 2898 et
281 2844 374 2905 ad
390 2845 778 2924 portandum
791 2845 1101 2925 fructum,
1143 2851 1218 2908 ut
1241 2852 1405 2906 esset
1431 2845 1501 2907 in
1524 2846 1715 2907 vitem
1740 2843 2295 2926 maynificentiae“

183 2937 400 3005 XVII:
445 2949 475 3004 1
516 2945 594 3005 ad
628 2947 700 3022 ὃς
753 2949 950 3023 agitur
975 2946 1056 3006 ibi
1091 2945 1166 3006 de
1200 2949 1629 3008 instauratione
1664 2947 1973 3008 Ecclesiae
2008 2946 2295 3023 spiritua-

181 3037 256 3102 lis
291 3063 330 3106 a
362 3045 649 3116 Domino,
701 3052 760 3106 et
808 3047 1169 3108 describitur
1227 3046 1312 3107 ibi
1358 3050 1649 3130 insensu
1696 3051 1926 3110 interno
1972 3062 2297 3126 processus

179 3139 628 3206 instaurationis
681 3147 812 3224 ejus
859 3163 971 3206 seu
1003 3151 1473 3224 regenerationis
1522 3149 1827 3210 hominum
1876 3150 2012 3228 ejus
2058 3166 2095 3208 a
2128 3152 2295 3226 prin·
2336 3156 2494 3223 [320]

182 3243 338 3322 cipio
407 3245 486 3304 ad
527 3245 733 3323 finem3
789 3252 850 3306 et
881 3263 991 3324 per
1024 3250 1276 3324 primam
1311 3248 1599 3326 Aquilam
1655 3249 2013 3311 describitur
2045 3265 2299 3336 proces-

185 3357 294 3405 sus
333 3348 811 3422 regenerationis
835 3347 1122 3408 naturalis
1149 3364 1261 3408 seu
1287 3353 1520 3410 externi
1550 3350 1803 3410 hominis
1836 3368 1948 3427 per
1972 3351 2302 3412 scientifica

183 3451 242 3503 et
275 3463 392 3524 per
432 3448 798 3524 cognitiones
835 3464 905 3506 ex
932 3447 1137 3506 Verbo
1156 3467 1172 3523 3
1225 3453 1286 3508 et
1318 3465 1431 3526 per
1462 3449 1714 3508 alteram
1742 3450 2023 3525 Aquilam
2063 3450 2295 3510 descri-

176 3537 342 3606 bitur
391 3563 716 3623 processus
767 3549 1237 3624 regenerationis
1277 3548 1607 3624 spiritualis
1642 3565 1753 3608 seu
1793 3549 2007 3606 interni
2039 3546 2296 3608 hominis

179 3659 292 3720 per
325 3663 474 3706 vera
509 3664 584 3707 ex
617 3647 773 3708 bono
788 3667 806 3724 3
860 3647 1000 3706 inde
1045 3664 1155 3724 per
1197 3649 1449 3724 primam
1484 3648 1763 3724 Aquilam
1798 3646 2163 3724 significatur
2196 3648 2292 3705 in-

177 3747 512 3823 telligentia
545 3747 832 3808 naturalis
867 3747 1119 3807 hominis
1134 3793 1151 3823 ,
1209 3753 1270 3806 ot
1302 3762 1415 3823 per
1448 3746 1698 3806 alteram
1734 3746 2128 3823 intelligentia
2162 3750 2293 3823 spi-

179 3847 414 3906 ritualis
437 3847 726 3908 hominis:
765 3850 974 3925 paucis
1004 3849 1182 3910 etiam
1207 3848 1451 3922 dicetur,
1491 3846 1636 3923 qnid
1667 3845 1905 3924 singula
1926 3845 2295 3922 significant:

176 3943 400 4024 Aquila
433 3950 634 4025 prima
667 3948 884 4013 dicitur
917 3965 1135 4024 magna
1169 3949 1319 4019 alis,
1351 3946 1795 4026 longapennis,
1832 3946 2015 4025 plena
2049 3945 2290 4022 plumis,

181 4053 241 4106 et
273 4065 386 4124 per
419 4047 534 4108 illa
569 4048 933 4126 significatur
980 4051 1156 4126 copia
1203 4049 1587 4110 scientiarum
1624 4053 1683 4108 et
1716 4047 2117 4126 cognitionum
2164 4048 2297 4109 veri

183 4153 242 4205 et
272 4147 442 4222 boni,
499 4167 577 4209 ex
611 4167 732 4233 qua
767 4152 958 4226 prima
989 4149 1383 4228 intelligentia
1426 4167 1580 4228 quae
1630 4154 1723 4210 est
1755 4147 2147 4227 intelligentia
2178 4167 2291 4207 na·-

185 4248 387 4308 turalis
425 4249 715 4328 hominis3
769 4249 904 4312 ideo
941 4248 1155 4310 dicitur
1190 4255 1288 4314 cui
1321 4253 1702 4332 acupictura,
1739 4268 1849 4330 per
1885 4253 2296 4330 acupicturam
