2700 4792
417 361 526 414 154
813 347 1314 405 APOCALYPSIS
1366 347 1798 405 EXPLICATA.
1880 348 1929 416 §.
1972 357 2101 410 119.

415 508 612 568 solum
648 512 850 583 potest
885 523 959 566 ex
995 513 1100 582 eo,
1135 507 1296 584 quod
1323 521 1539 567 sensus
1575 508 1845 566 internus
1874 508 1953 566 sit
1984 509 2047 566 in
2082 505 2335 583 singulis
2360 503 2511 566 Ver·
2628 504 2631 506 ’

219 603 378 666 [108]
419 608 511 681 bi,
565 613 628 666 et
657 623 894 684 quoque
929 607 992 666 in
1025 607 1363 668 nominibus
1398 623 1791 684 personarum
1826 613 1891 664 et
1920 607 2215 680 iocorum,
2270 613 2333 666 ct
2366 606 2518 683 qnod

415 711 480 768 in
519 707 624 766 illo
673 723 858 766 sensu
900 725 1018 766 non
1063 713 1278 786 agatu-
1325 711 1443 768 nisi
1494 707 1573 768 de
1622 707 1803 768 rebus
1860 704 2028 768 Coeli
2078 713 2137 767 et
2187 706 2512 781 Ecclesiae,

415 808 554 868 inde
589 823 826 885 quoque
863 823 974 884 per
1009 810 1246 866 nomina
1287 806 1569 867 Jchudae
1620 814 1679 867 et
1719 806 2003 883 Israe'lis3
2060 815 2121 866 et
2170 809 2313 882 quia
2364 807 2515 884 apud

413 908 551 970 illos
591 909 864 967 instituta
910 909 1020 966 fuit
1054 907 1348 978 Ecclesia,
1388 909 1451 966 in
1477 923 1601 984 qua
1640 910 2160 984 repraesentativa
2194 913 2257 966 et
2290 908 2513 984 signifi-

415 1010 614 1070 cativa
671 1007 1022 1068 coelestium
1070 1008 1313 1068 fuerunt
1360 1010 1585 1082 omnia,
1656 1007 1791 1068 ideo
1842 1024 1953 1084 per
2004 1007 2261 1066 Nomina
2312 1025 2515 1066 eorum

415 1107 810 1186 significatum
847 1115 942 1167 est
976 1108 1036 1167 id
1065 1107 1226 1186 quod
1261 1107 1667 1168 essentialiter
1700 1108 1844 1166 facIt
1876 1107 2243 1180 Ecclesiam,
2300 1125 2514 1183 nempe

413 1212 478 1269 in
511 1225 792 1285 supremo
827 1224 1012 1268 sensu
1040 1207 1182 1284 Ipse
1207 1209 1523 1283 Dominus,
1556 1214 1615 1268 et
1642 1209 1701 1266 in
1738 1209 1969 1266 interno
1999 1207 2265 1266 Verbum
2294 1206 2511 1283 Ipsina

415 1325 488 1370 ac
521 1311 584 1368 in
623 1313 868 1368 externo
901 1308 1191 1368 Doctrina
1227 1325 1304 1368 ex
1339 1305 1574 1382 Verbo,
1613 1315 1683 1366 ut
1716 1323 1901 1384 supra
1936 1307 2161 1366 dictum
2198 1314 2327 1366 est:
2388 1307 2513 1365 inde

415 1415 614 1487 patet,
661 1415 950 1484 quantum
989 1407 1432 1468 hallucinantur
1468 1409 1571 1484 qui
1606 1407 1935 1467 secundum
1968 1407 2203 1466 literam
2240 1407 2507 1480 credunt,

415 1509 576 1586 quod
621 1508 845 1568 Judaei
891 1507 1218 1570 reducendi
1265 1511 1385 1567 sint
1432 1511 1493 1567 in
1546 1515 1767 1568 terram
1818 1506 2195 1578 Canaanem,
2248 1514 2311 1567 et
2360 1505 2513 1583 quod

409 1609 501 1670 illi
531 1608 708 1669 electi
751 1615 812 1670 et
859 1607 1142 1668 destinati
1193 1611 1314 1668 sint
1356 1609 1433 1667 ad
1472 1607 1707 1668 coelum
1740 1625 1887 1685 prae
1924 1607 2089 1683 aliis3
2145 1625 2279 1666 cum
2316 1615 2511 1666 tamen

411 1711 594 1788 pauci
645 1725 721 1767 ex
763 1708 868 1768 illa
919 1715 1096 1786 gente
1148 1709 1489 1784 salvantur,
1556 1711 1832 1785 quoniam
1880 1725 1999 1768 non
2052 1709 2156 1768 alii
2206 1707 2511 1766 salvantur

417 1824 597 1887 quam
633 1811 734 1883 qui
769 1809 1020 1868 credunt
1059 1811 1120 1867 in
1153 1808 1495 1884 Dominum,
1544 1816 1604 1867 ct
1639 1811 1741 1884 qui
1774 1808 1963 1870 credit
1996 1811 2055 1867 in
2096 1808 2425 1867 Dominum
2457 1809 2509 1864 in

411 1907 652 1982 mundo,
689 1910 742 1966 is
779 1908 968 1968 credit
1005 1911 1068 1967 in
1109 1909 1318 1985 Ipsum
1354 1915 1497 1985 post
1530 1909 1757 1967 obitum
1774 1930 1789 1985 3
1846 1917 1909 1968 et
1940 1909 2047 1967 illa
2080 1923 2227 1984 gens
2264 1921 2509 1984 prorsus

414 2026 454 2068 a
501 2023 614 2067 sua
663 2007 780 2067 fide
831 2009 1042 2086 rejecit
1085 2009 1312 2086 Ipsum.
1396 2008 1573 2084 Quod
1622 2025 1735 2085 per
1783 2008 2087 2069 Jehudam
2146 2007 2508 2083 intelligatur

411 2108 704 2168 Dominus
760 2108 960 2183 quoad
1007 2109 1280 2184 Regnum
1327 2125 1505 2168 suum
1558 2115 1619 2167 et
1656 2109 1853 2184 quoad
1886 2109 2187 2178 Verbum,
2240 2114 2506 2166 constare

409 2213 616 2285 potest
649 2223 688 2266 a
718 2207 1078 2284 Prophetico
1126 2208 1375 2268 Israiilis
1423 2209 1499 2268 de
1547 2207 1685 2266 filiis
1737 2211 1899 2284 suis,
1954 2209 2113 2286 quod
2159 2225 2298 2267 cum
2342 2206 2503 2267 evol·

409 2308 574 2366 vitur
601 2325 712 2385 per
747 2323 990 2366 sensum
1026 2310 1323 2368 internum
1358 2315 1561 2386 patet,
1606 2308 1750 2385 quid
1784 2312 2157 2386 unaquaevis
2196 2308 2419 2367 Tribus
2450 2307 2507 2363 iu

409 2407 688 2468 Ecclesia
718 2410 1218 2485 repraesentavit.
1287 2408 1467 2484 Quod
1502 2409 1723 2468 Tribus
1768 2409 1812 2470 J
1815 2409 2049 2468 ehudae
2084 2413 2500 2485 repraesenta-

413 2510 570 2568 verit
619 2508 894 2585 Regnum
941 2509 1185 2568 Domini
1235 2525 1347 2567 seu
1388 2507 1725 2568 Ecclesiam
1778 2509 1883 2568 ubi
1926 2509 2228 2577 Verbum,
2282 2512 2504 2568 constat

415 2609 760 2683 manifeste,
823 2625 962 2666 nam
1009 2607 1084 2668 de
1121 2607 1162 2667 J
1167 2607 1407 2666 ehudah
1453 2609 1667 2667 dieitur
1716 2605 2038 2682 „Catulus
2072 2606 2275 2668 leonis
2310 2607 2500 2667 Jeku-

415 2707 574 2776 dala.
629 2727 672 2767 a
708 2705 960 2787 praeda
1009 2706 1389 2782 ascendisti,
1432 2705 1547 2788 fili
1585 2707 1719 2768 mi:
1771 2727 1895 2769 non
1926 2707 2165 2771 recedet
2198 2713 2503 2786 sceptrum

409 2805 490 2866 de
540 2805 840 2868 1εῆαᾶαή
854 2853 871 2883 ,
927 2827 1038 2868 mc
1092 2804 1467 2887 Leyislator
1516 2807 1594 2868 ab
1638 2807 1807 2870 inter
1841 2807 2040 2888 pedes
2086 2808 2224 2892 ejus
2242 2851 2259 2879 ,
2321 2823 2505 2887 usque

407 2905 565 2968 dum
592 2905 760 2967 venit
793 2905 1010 2969 Sobila
1024 2953 1044 2979 ,
1087 2913 1148 2968 et
1183 2906 1333 2968 huic
1376 2906 1684 2967 adhaesio
1708 2905 2124 2988 populorum,
2176 2907 2293 2986 qui
2330 2906 2497 2987 liya-

407 3005 502 3066 bit
545 3005 635 3065 ad
681 3007 871 3068 vitem
911 3006 1172 3088 pullum
1217 3006 1551 3068 asininum
1596 3027 1813 3082 suum,
1876 3015 1935 3068 et
1986 3009 2076 3070 ad
2108 3009 2301 3069 vitem
2332 3005 2501 3068 nobi·

409 3103 534 3165 lem
557 3103 777 3186 filium
809 3109 1034 3168 asinae
1068 3127 1224 3168 auae
1239 3126 1268 3178 ;
1321 3106 1480 3168 dum
1514 3104 1743 3168 laverit
1782 3107 1853 3168 in
1892 3109 2035 3169 vino
2072 3107 2503 3169 vestimentum

409 3224 628 3282 suum,
693 3214 753 3267 et
805 3208 877 3267 in
935 3206 1252 3286 sanquine
1275 3226 1292 3240 ⁴
1307 3225 1582 3268 uvarum
1630 3205 1911 3268 velamm
1968 3211 2204 3270 πιανῶ(
2270 3207 2500 3268 Genes:

405 3304 644 3366 XLIX:
704 3310 763 3366 9.
814 3310 922 3366 10.
970 3310 1092 3382 113
1160 3307 1322 3382 quod
1366 3307 1607 3382 singula
1652 3309 1803 3366 haec
1854 3309 2191 3384 significent
2236 3307 2499 3384 Regnum

405 3404 645 3466 Domini
681 3423 794 3466 seu
819 3405 1170 3480 Ecclesiam,
1212 3407 1493 3466 videatur
1526 3408 1588 3464 in
1624 3401 1899 3468 Ancaeus
1928 3407 2373 3483 Gonnus-mus,
2408 3405 2501 3464 ubi

402 3505 508 3564 illa
551 3507 941 3583 explicantur.
1024 3505 1142 3581 Qui
1174 3509 1315 3582 scit,
1363 3506 1522 3582 quod
1556 3525 1668 3583 per
1705 3508 1746 3568 J
1751 3507 2009 3566 ehudam
2042 3507 2415 3583 intelligatur
2446 3507 2501 3562 iu

403 3611 690 3681 supremo
741 3619 926 3662 sensu
969 3605 1290 3682 Dominus,
1368 3613 1430 3665 et
1472 3607 1531 3664 in
1579 3609 1813 3667 interno
1860 3609 2136 3684 Regnum
2186 3607 2391 3682 Ipsius
2438 3620 2502 3662 ac

404 3703 704 3777 Verbum,
769 3705 934 3762 acin
979 3712 1228 3766 externo
1271 3706 1541 3766 doctrina
1594 3724 1627 3765 e
1679 3707 1918 3777 Verb0,
1986 3723 2057 3766 ac
2110 3709 2170 3765 in
2228 3707 2501 3783 opposito

401 3802 712 3864 sensu.illi
749 3805 849 3879 qui
885 3811 1106 3881 negant
1151 3804 1471 3865 Dominum
1516 3813 1577 3864 et
1622 3806 1963 3866 adulterant
1990 3806 2294 3880 Verbum,
2354 3807 2503 3864 scire

400 3907 607 3979 potest
651 3903 791 3978 quid
823 3921 935 3979 per
979 3901 1017 3964 J
1025 3904 1283 3965 ehudam
1329 3905 1603 3982 plurimis
1653 3908 1715 3963 in
1748 3907 1898 3966 locis
1934 3909 1995 3964 in
2032 3906 2237 3965 Verbo
2276 3903 2501 3982 signifi-

401 4006 606 4076 catur3
661 4008 729 4061 ut
763 4005 822 4062 in
865 4005 1258 4082 sequentibus
1294 4005 1389 4064 his
1428 4003 1722 4080 „Audite
1756 4005 1986 4066 domus
2020 4004 2265 4080 Ja00b2·‚
2304 3999 2504 4064 vocati

257 4112 274 4128 ·
398 4099 648 4162 nomine
693 4101 994 4178 Israelis,
1061 4109 1122 4164 et
1167 4123 1247 4164 ex
1311 4105 1500 4184 aquis
1556 4103 1847 4166 Jehudae
1896 4105 2271 4166 eoeiverunt‘·
2331 4103 2499 4179 Esaj:

397 4199 693 4262 XLVIII:
741 4207 767 4261 1
794 4224 810 4279 3
869 4205 1079 4263 domus
1107 4204 1321 4262 Jacobi
1360 4211 1421 4262 et
1457 4203 1702 4262 Isra'clis
1734 4212 1827 4264 est
1863 4204 2137 4264 Ecclesia
2148 4223 2165 4279 3
2223 4221 2297 4264 ex
2336 4203 2496 4278 aquis

2651 2612 2665 2746 -V—
2651 2518 2660 2563 —-
2651 2357 2663 2447 --..
