2700 4792
3 7 110 433 Ῐ
411 350 650 407 CAPUT
691 348 1060 418 QUARTUM.
1782 351 1995 415 VERS:
2037 364 2093 418 4.
2254 367 2367 422 449

255 514 478 591 5708.
516 513 744 572 7973:
783 509 990 572 Simile
1026 510 1184 588 quod
1216 510 1312 572 hic
1345 511 1715 589 significatur
1746 530 1859 590 per
1884 514 2149 593 thronos,
2184 533 2370 596 super

247 613 480 691 quibus
514 616 746 672 sessuri
771 612 1085 674 duodecim
1109 611 1405 688 Apostoli,
1445 611 1519 673 de
1546 611 1765 696 quibus
1802 615 1966 692 apud
2001 616 2371 680 Matthaeum

253 759 290 790 2
313 711 450 775 Vos
484 712 596 792 qui
633 711 884 792 sequuti
915 712 1073 772 estis
1111 709 1217 771 Me
1255 710 1324 772 in
1361 713 1854 792 regeneratione,
1907 733 2102 794 quum
2134 717 2373 783 sederit

247 810 480 874 Pilius
513 811 788 872 hominis
824 831 1016 891 super
1059 809 1310 874 'ivm-ono
1349 810 1599 891 gloriae
1634 832 1804 889 suae,
1840 813 2140 876 sedebitis
2172 823 2235 878 et
2260 839 2372 882 voe

243 931 450 992 super
489 911 736 973 thronis
756 911 1129 994 judicantes
1171 910 1507 973 duodecim
1550 911 1789 974 Tribus
1822 911 2148 975 Israelie“
2188 918 2365 978 XIX:

252 1016 374 1074 28.
429 1013 588 1072 Luc:
626 1013 844 1072 XXII:
889 1014 1020 1088 303
1073 1029 1186 1088 per
1237 1011 1556 1072 duodecim
1612 1015 1921 1090 apostolos
1956 1016 2367 1092 significantur

247 1115 458 1173 omnia
487 1130 638 1172 vera
681 1115 746 1172 in
789 1111 1138 1188 complexu:
1193 1111 1465 1172 similiter
1506 1115 1569 1173 in
1603 1115 1993 1190 sequentibus
2029 1116 2091 1176 in
2122 1109 2367 1194 Apoea-

245 1215 414 1291 lypsi
450 1256 489 1288 „
513 1210 670 1275 Vidi
695 1211 950 1272 thronos
961 1256 978 1286 ,
1019 1217 1080 1272 et
1113 1210 1522 1274 comederunt
1556 1231 1747 1291 super
1770 1211 1929 1286 illie,
1968 1217 2027 1274 et
2036 1214 2368 1297 judicium

247 1312 484 1374 datum
519 1317 616 1372 est
657 1303 844 1374 illis“
909 1312 1054 1372 XX:
1096 1315 1168 1388 43
1235 1313 1397 1389 quod
1424 1313 1716 1390 judicium
1753 1314 1957 1373 datum
1997 1317 2076 1374 sit
2107 1317 2225 1377 illis
2262 1321 2367 1396 qui

240 1413 540 1473 >sederunt
579 1429 764 1489 super
807 1413 1064 1486 thronis,
1119 1412 1415 1490 significat
1449 1413 1609 1490 quod
1634 1413 1927 1490 judicium
1964 1415 2043 1472 sit
2078 1417 2191 1494 soli
2228 1417 2357 1476 Do-

247 1515 448 1588 mino,
503 1531 640 1572 nam
687 1530 798 1588 per
831 1515 1098 1572 seniores
1135 1514 1196 1570 in
1232 1512 1437 1572 Verbo
1474 1512 1886 1589 significantur
1920 1530 2125 1573 omnes
2164 1518 2267 1590 qui
2300 1519 2363 1574 in

247 1614 414 1673 veris
451 1630 526 1672 ex
559 1613 715 1674 bono
751 1619 914 1688 sunt,
974 1618 1034 1671 et
1069 1611 1369 1672 abstracte
1420 1630 1562 1673 vera
1598 1631 1671 1672 ex
1705 1612 1861 1671 bono
1898 1630 1973 1672 ex
2008 1612 2227 1691 quibus
2252 1616 2359 1693 ju·

245 1713 504 1774 diciumz
551 1715 654 1789 qui
679 1712 868 1771 credit
903 1712 1062 1788 quod
1095 1714 1158 1770 in
1183 1712 1387 1773 Verbo
1422 1730 1533 1790 per
1562 1711 1843 1775 Seniores
1874 1720 1935 1773 et
1959 1729 2068 1790 per
2096 1713 2363 1792 Aposto-

5 1853 8 1889 ,
245 1813 344 1874 los
403 1813 812 1890 intelligantur
859 1812 1139 1872 Seniores
1199 1819 1260 1871 et
1305 1813 1615 1890 Apostoli,
1678 1813 1930 1872 multum
1980 1813 2237 1892 fallitur,
2299 1819 2363 1874 in

5 1892 6 1901 ἵ
243 1912 551 1991 spirituali
584 1929 768 1972 sensu
802 1912 990 1972 Verbi
1023 1930 1142 1971 non
1177 1913 1415 1990 aliquae
1450 1930 1747 1989 personae
1779 1916 2211 1992 percipiuntur,
2247 1917 2357 1976 sed

242 2030 346 2076 res
383 2014 686 2072 abstracte
723 2030 760 2070 a
785 2015 1084 2089 personiS,
1123 2030 1258 2072 nam
1295 2014 1609 2089 spirituale
1646 2031 1764 2073 non
1790 2014 2013 2091 aliquid
2048 2033 2359 2076 commune

241 2113 432 2174 habet
466 2130 602 2172 cum
638 2115 941 2189 personiS,
977 2111 1151 2172 aliter
1185 2115 1244 2171 in
1279 2129 1463 2172 sensu
1497 2112 1708 2172 literae
1736 2113 1941 2188 Verbi,
1982 2118 2083 2190 qui
2120 2122 2213 2176 est
2246 2133 2359 2174 na-

242 2212 488 2284 turalis,
539 2215 602 2271 in
661 2212 775 2270 hoe
825 2229 1008 2272 sensu
1070 2229 1188 2271 non
1224 2212 1401 2272 modo
1456 2215 1833 2272 nominantur
1866 2230 2193 2288 personae,
2250 2215 2362 2274 sed

246 2315 433 2372 etiam
463 2313 601 2372 idea
633 2328 925 2390 personae
959 2301 1353 2372 inest'multis
1389 2311 1665 2384 vocibus,
1708 2311 1783 2369 ob
1820 2328 2066 2372 eausam
2102 2319 2169 2374 ut
2196 2314 2358 2374 Ver-

252 2409 402 2469 bum
435 2414 508 2468 sit
535 2415 598 2470 in
631 2414 756 2472 suis
792 2413 1014 2472 ultimis
1043 2412 1334 2486 naturale,
1382 2416 1443 2470 et
1476 2412 1562 2470 sic
1597 2410 1763 2468 basis
1789 2414 1995 2469 sensui
2030 2413 2357 2489 spirituali:

253 2525 400 2569 cum
436 2511 847 2585 significatione
896 2515 1194 2572 seniorum
1251 2511 1443 2572 simile
1496 2517 1589 2570 est
1636 2526 1707 2569 ae
1755 2527 1888 2568 cum
1924 2512 2355 2587 significatione

241 2609 587 2681 hiantum,
618 2612 964 2684 Puerorum,
996 2609 1328 2686 Juvenum,
1370 2611 1613 2687 Senum,
1651 2610 1980 2687 Virginum,
2016 2609 2354 2688 Mulierum,

243 2717 312 2770 et
345 2709 602 2788 plurium
654 2714 786 2790 ejus
822 2715 1089 2790 generis3
1141 2712 1257 2771 hae
1295 2719 1357 2772 et
1406 2712 1493 2770 illi
1527 2729 1646 2771 non
1681 2708 2261 2788 comprehenduntur
2294 2713 2357 2771 in

241 2811 506 2872 naturali
540 2794 721 2872 sensu
759 2813 933 2871 aliter
965 2815 1028 2871 in
1062 2812 1202 2872 idea
1236 2829 1414 2888 quam
1448 2819 1518 2870 ut
1551 2828 1868 2890 personae,
1920 2811 2029 2870 sed
2072 2811 2135 2867 in
2169 2825 2356 2870 sensu

242 2911 543 2986 spirituali
581 2929 692 2988 per
723 2912 990 2972 Infantes
1025 2911 1379 2989 intelligitur
1410 2911 1775 2987 Innocentia,
1812 2929 1922 2991 per
1944 2911 2175 2971 Pueros
2204 2911 2353 2970 eha-

241 3011 426 3083 ritas,
459 3029 568 3087 per
601 3011 872 3072 Juvenes
906 3012 1319 3089 intelligentia,
1350 3029 1462 3089 per
1498 2997 1703 3072 Senes'
1723 3015 2036 3092 sapientia,
2072 3027 2181 3090 per
2206 3011 2351 3072 Vir-

240 3112 414 3188 gines
451 3110 684 3171 affectio
721 3115 847 3172 veri
884 3119 944 3173 et
976 3113 1149 3187 boni,
1189 3118 1250 3171 et
1281 3129 1393 3188 per
1419 3111 1705 3172 Mulieres
1740 3113 1901 3174 bona
1936 3129 2091 3191 quae
2127 3113 2347 3174 Eccle-

239 3212 404 3280 siae,
459 3217 519 3270 et
553 3215 640 3271 sic
673 3214 736 3270 in
771 3215 1060 3273 caeteris:
1118 3211 1311 3273 simile
1349 3218 1443 3270 est
1493 3230 1628 3272 cum
1662 3213 1923 3274 naturali
1972 3219 2033 3274 et
2066 3212 2359 3291 spirituali

239 3327 426 3370 sensu
462 3311 751 3388 Proximi,
807 3316 871 3371 in
917 3311 1178 3372 naturali
1227 3327 1415 3372 sensu
1462 3330 1571 3392 per
1605 3313 1949 3374 Proximum
2001 3314 2354 3393 intelligitur

241 3412 440 3486 quivis
475 3409 670 3488 homo,
709 3411 820 3472 sed
851 3414 912 3471 in
947 3411 1242 3489 spirituali
1273 3414 1470 3490 ipsum
1504 3412 1745 3484 bonum,
1776 3431 2001 3484 verum,
2036 3415 2355 3483 sincerum,

231 3511 498 3588 justum,
537 3529 720 3592 ,quae
764 3518 905 3571 sunt
960 3515 1024 3572 in
1082 3529 1342 3589 persona
1354 3531 1372 3586 3
1432 3514 1845 3589 unusquisque
1904 3513 2007 3589 qui
2070 3511 2354 3586 expendit

236 3615 441 3686 potest
487 3611 672 3682 scire,
737 3611 896 3688 quod
929 3612 990 3672 id
1023 3614 1084 3670 in
1119 3612 1414 3689 spirituali
1460 3627 1643 3670 sensu
1690 3613 1769 3668 sit
1801 3611 2115 3670 Proximus
2123 3651 2142 3683 ,
2209 3609 2343 3686 quis

239 3711 398 3768 enim
434 3718 596 3769 amat
627 3728 948 3788 personam
983 3730 1057 3772 ex
1091 3710 1240 3786 alio3
1295 3710 1515 3768 bonum
1566 3710 1723 3766 enim
1768 3716 1829 3769 et
1862 3700 2072 3768 verum
2120 3707 2345 3768 faciunt

235 3808 557 3886 hominem,
599 3818 658 3870 et
689 3812 918 3872 faciunt
952 3818 1018 3871 ut
1043 3812 1220 3871 homo
1255 3815 1505 3878 ametur,
1542 3812 1604 3866 et
1636 3823 1755 3866 non
1781 3807 1984 3870 vultus
2022 3812 2083 3866 et
2109 3823 2345 3884 corpus

239 3907 365 3968 Sed
397 3917 771 3971 revertamur
805 3913 880 3972 ab
916 3911 1007 3972 his
1043 3912 1122 3971 ad
1146 3909 1635 3988 significationem
1662 3905 2009 3967 Seniorum:
2048 3906 2207 3982 quod
2238 3922 2351 3984 per

233 4007 372 4067 illos
409 4011 814 4087 significentur
848 4029 994 4072 vera
1030 4029 1184 4089 quae
1222 4029 1296 4072 ex
1329 4011 1523 4084 bono,
1579 4014 1855 4068 constare
1888 4013 2092 4084 potest
2128 4023 2165 4066 a
2198 4006 2347 4066 loeis

234 4110 298 4167 in
334 4108 539 4169 Verbo
578 4111 682 4170 ubi
713 4114 1090 4172 nominantur
1101 4131 1118 4187 3
1173 4117 1241 4169 ut
1286 4110 1449 4188 apud
1481 4109 1723 4185 Esajam
1769 4152 1809 4184 „
1824 4105 2003 4170 Τιιησ
2043 4107 2350 4170 erubescet

234 4203 411 4284 luna,
457 4214 518 4269 et
531 4210 816 4292 pudefiet
841 4207 958 4282 eol,
1003 4215 1063 4270 et
1103 4209 1393 4290 reymbit
1416 4207 1699 4276 Jehovah
1724 4207 2009 4270 Zebaoth
2034 4207 2104 4268 in
2116 4206 2348 4269 Monte

347 4312 780 4378 Swede'nborg,
823 4325 1230 4380 Apoca1.expl.1-
1947 4311 2033 4369 29
