2700 4792
346 373 587 434 CAPUT
641 374 1046 434 SECUNDUM.
1173 423 1181 432 .
1331 422 1336 430 .
1728 373 1937 430 VERS:
1982 385 2074 440 11.
2232 389 2341 442 165

221 535 380 614 quid
415 542 621 594 autem
655 539 1101 611 perornatum,
1143 531 1419 592 videatur
1452 549 1523 590 n:
1570 531 1831 592 10536.
1878 534 2151 594 105401
2200 537 2341 612 quid

215 655 344 714 per
380 635 679 705 armillae,
721 652 792 692 n:
839 634 1050 695 3103.
1093 634 1322 692 3105:
1362 631 1507 709 quid
1538 649 1651 709 per
1683 639 1975 709 torquem,
2011 652 2081 694 n:
2124 636 2337 698 5320:

219 735 378 814 quid
413 753 525 812 per
557 734 808 808 monile,
863 751 937 792 n:
980 734 1208 792 4551:
1249 731 1488 808 etquid
1522 750 1633 808 per
1664 735 1943 804 inaures,
2002 736 2331 798 ιιι-4551.

227 838 506 896 10402.
589 833 874 895 Similiter
925 825 1224 909 sapientia
1275 849 1433 910 quae
1483 849 1557 891 ex
1605 833 2039 908 cognitionibus
2103 838 2229 894 veri
2276 843 2337 898 et

217 938 376 997 boni
425 953 502 994 ex
550 935 754 1018 Verbo
805 940 864 992 et
921 951 991 992 ex
1039 936 1167 992 vita
1210 932 1539 992 secundum
1584 932 1750 1008 illas,
1810 933 2178 1010 significatur
2230 953 2340 1012 per

223 1037 537 1099 Coronam
573 1037 635 1093 in
669 1033 946 1111 pluribus
987 1033 1122 1092 aliis
1157 1032 1306 1092 locis
1339 1034 1401 1091 in
1437 1032 1671 1108 Verbo,
1710 1039 1777 1091 ut
1810 1034 1987 1110 Esaj:
2027 1034 2337 1096 XXVIII:

237 1138 278 1198 5
367 1135 597 1196 Jerem:
639 1133 814 1194 XIII:
863 1135 972 1192 18.
1029 1133 1250 1196 Thren:
1288 1132 1367 1191 V:
1410 1133 1521 1192 15.
1561 1135 1669 1194 16.
1708 1131 1945 1192 Ezeeh:
1992 1133 2180 1194 XXI:
2226 1137 2335 1196 30.

231 1240 352 1298 31.
397 1235 565 1312 Gap:
602 1234 850 1294 XXIII:
893 1236 1005 1293 42.
1046 1232 1236 1292 Sach:
1273 1232 1394 1292 VI:
1441 1235 1549 1292 ll.
1598 1222 2049 1321 12.13.[14.]
2102 1235 2335 1295 Psalm:

207 1335 598 1400 LXXXIX:
643 1337 750 1395 39.
795 1335 908 1392 40.
957 1333 1192 1393 Psalm:
1229 1331 1569 1394 CXXXII:
1617 1337 1725 1392 17.
1767 1336 1875 1394 18.
1928 1334 2107 1396 Hiob:
2146 1335 2334 1396 XIX:

233 1441 298 1498 9.
355 1437 563 1513 Apoc:
612 1433 730 1494 III:
797 1437 902 1492 11.
961 1433 1118 1509 Cap:
1173 1433 1300 1492 IV:
1354 1437 1415 1495 4.
1505 1431 1684 1508 Quod
1717 1433 1921 1510 Reges
1958 1441 2331 1511 coronentur,

233 1546 336 1597 est
385 1553 456 1595 ex
493 1537 752 1611 antiquis
791 1534 1162 1610 temporibus
1201 1533 1443 1609 quando
1478 1535 1785 1592 sciverunt
1818 1539 2337 1610 repraesentativa

235 1642 304 1697 et
336 1636 752 1712 significativa3
807 1635 1116 1704 sciverunt
1151 1636 1308 1696 enim
1351 1633 1515 1710 quod
1564 1633 1764 1710 Reges
1810 1642 2339 1711 repraesentarent

225 1737 556 1796 Dominum
597 1735 796 1812 quoad
832 1733 1120 1794 Divinum
1153 1734 1419 1803 Verum,
1472 1740 1533 1793 et
1568 1735 1727 1810 quod
1764 1733 1997 1794 Corona
2033 1737 2333 1812 &gnifica-

221 1845 370 1898 tura
405 1843 570 1896 esset
615 1837 1000 1912 sapientiam:
1055 1834 1214 1911 quod
1248 1835 1451 1911 Reges
1488 1839 2079 1911 repraesentaverint
2114 1837 2327 1896 Domi-
2372 1840 2531 1904 [115]

219 1956 373 1997 num
401 1935 600 2014 quoad
623 1937 909 1995 Divinum
935 1935 1181 2008 Verum,
1213 1935 1489 1996 videatur
1514 1953 1583 1995 11:
1612 1925 1660 1993 ‘1
1680 1939 1839 1997 672..
1872 1938 2082 2000 2015,
2118 1941 2331 1999 2069.
2376 1914 2388 1926 ’

227 2040 450 2099 3009.
507 2038 722 2096 4581.
774 2020 987 2096 4880.
1061 2035 1269 2096 5068.
1333 2037 1545 2098 6148.
1631 2035 1813 2111 Quod·
1856 2035 2057 2114 Reges
2106 2055 2177 2098 ac
2220 2037 2331 2098 filii

219 2139 416 2215 Regis
455 2137 730 2196 dieantur
769 2140 874 2214 qui
905 2139 967 2200 in
1001 2137 1164 2201 veris
1213 2143 1381 2211 sunt,
1442 2153 1627 2213 supra
1662 2155 1730 2194 n:
1782 2137 1905 2212 313
1962 2145 2023 2198 et
2058 2141 2203 2216 quia
2244 2137 2331 2198 illi

223 2239 510 2298 dicuntur
565 2253 742 2314 reges
785 2239 847 2296 in
894 2236 1130 2310 Verbo,
1187 2243 1248 2296 et
1293 2236 1537 2313 regibus
1588 2243 1681 2296 est
1730 2253 1975 2313 corona,
2030 2238 2165 2298 ideo
2213 2238 2327 2314 hic,

223 2339 338 2398 ubi
369 2338 444 2398 de
479 2337 600 2396 illi-s
643 2339 868 2414 agitur,
908 2337 1124 2396 dicitur
1159 2337 1320 2412 quod
1347 2339 1654 2413 accepturi
1692 2354 1969 2399 eoronam
2008 2341 2182 2398 vitae.
2375 2406 2384 2415 ,

396 2441 529 2496 127
545 2483 557 2494 .
609 2437 856 2498 Habens
893 2455 1098 2496 aurem
1143 2437 1348 2496 audiat
1389 2436 1530 2513 quid
1570 2438 1816 2512 spiritus
1854 2436 1996 2496 dicit
2021 2420 2333 2512 Ecclesiisj

237 2536 409 2614 quod
463 2536 750 2610 significet
799 2537 961 2614 quod
1023 2539 1125 2613 qui
1183 2536 1465 2612 intelligit
1512 2535 1815 2598 auscultet
1856 2535 2001 2612 quid
2050 2536 2335 2596 Divinum

231 2637 474 2696 Verum
507 2637 828 2710 procedens
867 2656 906 2696 a
943 2637 1201 2698 Domino
1239 2638 1415 2696 docet
1449 2643 1512 2696 et
1546 2637 1689 2695 dicit
1720 2634 1845 2694 illis
1878 2638 1981 2711 qui
2006 2636 2083 2693 ab
2116 2636 2331 2695 Eccle-

223 2740 328 2797 sia
379 2730 584 2814 Ipsius
623 2744 790 2814 sunt,
845 2737 1124 2804 videatur
1173 2755 1361 2818 supra
1408 2755 1478 2796 n:
1538 2738 1706 2811 108,
1770 2735 1876 2797 ubi
1925 2736 2199 2798 dicuntur
2245 2738 2331 2794 si·-

220 2838 412 2899 milia.

393 2941 552 3000 128.
636 2940 713 2999 Ε1
749 2941 996 3003 vincens
1037 2957 1154 3000 non
1188 2937 1467 3000 laedetur
1514 2957 1553 3000 a
1594 2946 1783 3002 morte
1818 2937 2119 3016 secunda,
2174 2939 2334 3016 quod

233 3039 532 3117 significet
585 3040 750 3115 quod
799 3043 904 3117 qui
949 3047 1264 3116 permanet
1305 3042 1371 3102 in
1410 3043 1671 3120 genuina
1720 3040 2033 3102 affectione
2083 3042 2209 3100 veri
2258 3041 2335 3100 ad

223 3139 410 3200 finem
447 3141 612 3200 vitae
657 3157 808 3200 suae
842 3143 904 3198 in
939 3141 1188 3214 mundo,
1242 3143 1305 3199 in
1344 3159 1565 3202 novum
1614 3141 1849 3204 coelum
1893 3148 2183 3204 venturus
2236 3142 2331 3215 sit,

225 3246 468 3300 constat
503 3257 580 3298 ex
625 3241 1331 3320 significationevincere
1355 3285 1371 3312 ‚
1410 3259 1543 3302 eum
1584 3241 1659 3302 de
1692 3242 1813 3304 illis
1855 3245 1957 3317 qul
1992 3242 2337 3302 desiderant

226 3342 598 3417 cognitiones
647 3340 780 3400 veri
822 3348 882 3399 01
923 3340 1065 3402 boni
1115 3359 1190 3401 ex
1237 3341 1473 3411 Verbo,
1538 3340 1697 3419 qnod
1747 3345 1825 3402 sit
1868 3359 2221 3419 permanere
2274 3343 2333 3398 in

223 3441 490 3518 genuina
528 3439 844 3500 affectione
881 3443 1010 3498 veri
1045 3457 1240 3517 usque
1282 3441 1361 3503 ad
1394 3441 1569 3502 finem
1606 3445 1767 3505 vitae
1795 3445 1857 3502 in
1893 3442 2139 3515 111u2d03
2178 3439 2330 3498 diei-

221 3547 327 3598 tur
364 3540 640 3615 vincens,
697 3543 840 3617 quia
873 3539 963 3602 illi
998 3548 1138 3600 sunt
1175 3543 1278 3618 qui
1319 3542 1697 3618 spiritualem
1732 3543 2141 3610 tentationem,
2176 3553 2331 3620 quae

221 3645 326 3702 est
361 3657 400 3698 a
437 3639 612 3700 malis
651 3647 710 3700 et
743 3641 950 3715 falsiS,
989 3641 1279 3717 subeunt,
1337 3648 1399 3700 et
1432 3648 1731 3720 pugnant,
1770 3639 1987 3716 quibus
2024 3639 2329 3712 resistere,

221 3746 289 3800 et
325 3756 482 3817 quae
511 3739 757 3803 domare
795 3749 854 3800 et
893 3741 1218 3818 subjugare
1262 3744 1419 3802 sieut
1463 3758 1608 3800 suos
1644 3740 1879 3812 hostes,
1938 3744 2033 3796 est
2066 3739 2327 3796 vincere.

222 3838 354 3900 Sed
387 3857 562 3900 nemo
599 3843 812 3917 vincit,
871 3844 988 3905 nisi
1023 3849 1386 3918 permaneat
1420 3845 1483 3901 in
1518 3841 1827 3904 affectione
1867 3839 1996 3895 veri
2032 3835 2332 3913 spirituali

219 3956 424 4025 usque
459 3940 538 4002 ad
577 3940 754 4002 finem
792 3945 954 4002 vitae
996 3943 1058 4002 in
1093 3944 1339 4017 mund0,
1398 3949 1539 4002 tunc
1576 3936 1906 3999 absolvitur
1950 3955 2103 4015 opus
2123 3983 2139 4013 ,
2192 3955 2335 3998 nam

222 4040 412 4104 homo
449 4042 510 4100 in
550 4048 862 4104 aetornum
895 4049 1098 4102 manet
1133 4043 1330 4120 qualis
1368 4049 1509 4101 tunc
1543 4046 1666 4110 est,
1716 4055 1933 4116 nempe
1972 4040 2166 4116 qualis
2206 4039 2339 4118 ejus

220 4143 354 4200 vita
391 4140 470 4199 ad
502 4137 694 4202 illum'
718 4144 1038 4204 terminum
1081 4144 1222 4218 fuit,
1285 4159 1446 4202 mors
1502 4147 1597 4201 est
1650 4140 2151 4216 complementum
2188 4140 2337 4217 ejus.

222 4238 348 4306 Sed
399 4243 636 4304 vincere
685 4261 862 4314 nemo
913 4249 1156 4328 potest,
1221 4245 1336 4306 nisi
1391 4242 1561 4303 solus
1610 4241 1909 4304 Dominus
1924 4261 1943 4318 3
2004 4227 2183 4302 hom'o
2236 4231 2343 4319 qui
