2700 4792
420 367 530 422 3⁷⁶
863 320 1356 410 'APOCALYPSIS
1398 353 1835 413 EXPLICATA.
1890 355 1937 425 ς.
1978 363 2108 416 237.

421 521 594 593 patet
629 512 770 590 quid
803 512 1152 590 intelligitur
1185 530 1296 588 per
1331 529 1753 572 aerumnosum
1764 533 1781 590 3
1836 513 2001 590 quod
2034 511 2193 571 tales
2246 513 2391 588 sint,
2446 519 2533 572 est

421 618 564 694 quia
597 615 866 673 doctrina
897 631 1108 673 eorum
1141 613 1425 673 fundatur
1470 629 1656 690 super
1694 613 1937 673 duobus
1984 614 2303 690 principiis
2353 613 2529 687 falsiS,

421 733 576 794 quae
638 721 778 774 sunt
835 713 967 772 sola
1010 713 1160 773 fides
1219 720 1281 772 et
1322 714 1673 790 justificatio
1726 729 1842 790 per
1888 713 2087 788 illam,
2156 729 2343 790 quare
2390 712 2533 771 falsa

415 816 558 876 inde
589 815 782 874 fluunt
814 817 876 872 in
911 816 1190 874 continua
1225 816 1413 889 serie,
1452 831 1523 873 ac
1558 832 1731 889 vera,
1791 832 1947 892 quac
1992 832 2075 873 ex
2112 829 2303 872 sensu
2336 812 2533 872 literae

420 917 612 976 Verbi
674 915 978 974 adducunt
1038 914 1116 972 ad
1177 915 1580 975 confirmanda
1636 914 1773 988 illa,
1826 915 2241 991 infringuntur
2278 918 2339 973 et
2372 913 2531 972 falsi-

417 1018 696 1089 ficant-ur,
753 1022 816 1076 et
849 1014 1162 1074 falsificata
1195 1033 1342 1076 vera
1384 1017 1445 1073 in
1490 1032 1557 1074 se
1596 1023 1735 1074 sunt
1768 1015 1939 1075 falsa.
2013 1015 2157 1074 Hoc
2190 1014 2533 1074 describitur

417 1115 622 1178 multi-s
679 1117 741 1174 in
801 1116 949 1174 locis
993 1117 1054 1174 in
1089 1115 1323 1190 Verb0,
1382 1133 1453 1174 ac
1502 1115 1850 1192 intelligitur
1898 1133 2013 1192 per
2052 1117 2361 1174 vanitates
2396 1129 2533 1189 quas

417 1217 750 1296 prophetae
785 1216 1024 1288 vident,
1079 1221 1140 1274 et
1169 1231 1284 1292 per
1317 1215 1631 1275 mendacia
1666 1233 1823 1292 quae
1856 1217 2227 1292 loquuntur3
2277 1221 2399 1272 tum
2432 1213 2528 1270 de·-

415 1318 694 1382 scribitur
727 1333 840 1393 per
869 1321 1150 1392 rupturas
1179 1333 1484 1374 murorum
1522 1324 1583 1374 et
1616 1317 1919 1388 domuum,
1954 1333 2159 1392 usque
2196 1321 2267 1373 ut
2300 1313 2527 1372 cadant:

413 1420 642 1497 pariter
673 1433 786 1494 per
819 1415 982 1474 idola
1017 1421 1077 1476 et
1109 1415 1445 1494 sculptilia,
1502 1434 1657 1493 quae
1694 1417 1910 1476 artifex
1950 1418 2101 1475 facit
2140 1422 2207 1475 et
2246 1413 2530 1474 connectit

412 1537 525 1596 per
561 1524 805 1577 catenas
841 1523 908 1575 ut
941 1515 1304 1576 cohaereant
1314 1536 1331 1592 3
1362 1533 1476 1592 per
1508 1517 1670 1576 idola
1708 1520 1865 1576 enim
1904 1524 1965 1575 et
2000 1516 2319 1592 sculptilia
2354 1513 2524 1588 signi-

413 1620 668 1679 ficantur
713 1617 870 1676 falsa
917 1615 1256 1692 doctrinae3
1309 1617 1584 1678 similiter
1619 1635 1731 1694 per
1774 1623 2065 1694 rupturas
2120 1631 2424 1674 murorum
2474 1618 2529 1670 et

415 1719 726 1793 domuu1u3
754 1719 982 1794 pariter
1004 1733 1116 1793 per
1144 1718 1477 1794 prophetas
1506 1705 1829 1795 quivident
1854 1719 2163 1800 vanitates
2192 1722 2255 1774 et
2281 1714 2523 1796 loquun-

415 1826 516 1877 tur
548 1817 884 1888 mendacia,
919 1834 1030 1894 per
1065 1818 1394 1894 prophetas
1420 1821 1581 1878 enim
1614 1817 2027 1894 intelliguntur
2070 1817 2398 1883 doctrinae,
2430 1827 2525 1890 pcr

415 1920 714 1978 vanitates
749 1917 896 1976 talia
929 1935 1083 1993 quae
1120 1918 1342 1978 nullius
1376 1922 1467 1978 rei
1500 1926 1670 1990 sunt,
1726 1924 1787 1977 et
1831 1937 1943 1996 per
1987 1917 2311 1977 mendacia
2354 1913 2519 1983 falsa3

415 2019 528 2080 sed
561 2019 699 2094 quia
733 2017 887 2076 haec
922 2025 1326 2082 memorantur
1360 2020 1739 2098 perpluribus
1774 2021 1834 2077 in
1869 2018 2019 2078 locis
2054 2022 2125 2078 in
2161 2015 2379 2088 Verbo,
2414 2027 2517 2070 non

414 2125 670 2198 possunt
715 2118 792 2177 ob
846 2121 1078 2196 copiam
1118 2119 1365 2195 adduci,
1436 2139 1623 2198 quare
1670 2119 2178 2196 supersedentur,
2238 2124 2297 2176 et
2344 2113 2517 2173 solum

415 2220 620 2297 aliqua
669 2219 1040 2278 adducentur
1063 2265 1080 2295 ,
1134 2219 1237 2278 ubi
1289 2219 1567 2280 dicuntur
1611 2237 1933 2280 aerumnae
1984 2227 2047 2278 et
2093 2217 2409 2288 maceries,
2458 2216 2517 2267 ut

413 2322 640 2381 sciatur
675 2321 833 2396 quod
867 2337 978 2396 per
1011 2320 1149 2380 illas
1187 2321 1595 2398 significentur
1630 2322 2016 2380 infractiones
2052 2321 2187 2380 veri
2222 2334 2330 2395 per
2362 2313 2511 2382 falsa,

413 2428 476 2482 et
521 2423 608 2480 sic
657 2420 826 2480 nulla
871 2422 1285 2498 cohaerentia3
1355 2423 1517 2499 apud
1562 2423 1805 2500 Esajam
1876 2464 1915 2495 „,
1936 2419 2282 2500 Sapientia
2324 2421 2432 2476 tua
2461 2414 2514 2469 et

411 2521 682 2584 scientia
719 2527 834 2582 tua
871 2521 1137 2583 seduxit
1179 2527 1266 2596 te,
1325 2521 1485 2583 dum
1519 2521 1763 2584 diaeieti
1800 2521 1870 2582 in
1906 2519 2093 2582 corde
2128 2526 2273 2590 tua,
2322 2531 2429 2595 eqo
2462 2515 2513 2568 et

409 2641 536 2685 mn
575 2622 744 2685 siout
783 2605 896 2703 epo
939 2627 1296 2702 praeterea,
1350 2621 1493 2683 ideo
1532 2623 1715 2684 cadet
1756 2641 1948 2701 super
1986 2626 2047 2682 te
2080 2635 2385 2682 aerumna
2396 2658 2411 2688 ,
2459 2613 2511 2668 et

375 2725 612 2785 menia
653 2741 843 2804 super
877 2729 938 2784 te
977 2723 1382 2784 devastatio“
1418 2724 1691 2783 XLVII:
1736 2728 1765 2782 1
1784 2726 1845 2782 Ο.
1888 2726 1917 2780 1
1940 2726 1969 2780 1
1998 2743 2014 2797 3
2072 2726 2255 2782 etiam
2288 2720 2381 2777 hic
2413 2713 2511 2771 de·-

419 2825 761 2884 scribuntur
797 2827 900 2900 qui
935 2824 1182 2883 credunt
1217 2841 1284 2884 se
1335 2828 1535 2883 omnia
1582 2827 1768 2896 scire,
1825 2841 1895 2881 ac
1940 2823 2342 2899 intelligentes
2390 2827 2506 2872 esse
2620 2885 2622 2888 Α

409 2941 558 3002 prae
595 2924 869 3004 omnibus
903 2924 1069 2994 aliis,
1111 2941 1246 2984 cum
1283 2932 1482 2984 tamen
1515 2925 1662 2984 nihil
1688 2927 1818 2984 veri
1852 2927 2045 2983 sciant
2080 2931 2143 2982 et
2176 2917 2505 2993 intelligant,

413 3030 478 3081 et
513 3023 674 3098 quod
707 3023 842 3082 ideo
879 3024 1185 3084 auferatur
1217 3026 1338 3084 illis
1373 3025 1717 3084 intellectus
1740 3025 1899 3099 νοτίς
1936 3023 2087 3083 fides
2126 3037 2329 3106 eorum
2364 3009 2505 3092 quod

413 3121 906 3199 intelligentiores
937 3124 1056 3182 sint
1081 3126 1355 3184 omnibus
1386 3126 1519 3184 aliis
1542 3125 1893 3202 intelligitur
1916 3142 2026 3201 per
2052 3124 2215 3201 quod
2233 3113 2503 3196 sapientia

413 3233 522 3282 tua
559 3229 620 3282 et
654 3223 906 3282 scientia
932 3231 1036 3282 tua
1063 3225 1304 3284 seduxit
1337 3233 1417 3301 te,
1458 3225 1595 3284 dum
1624 3225 1827 3284 dixisti
1842 3227 1912 3282 in
1938 3225 2138 3297 corde,
2174 3237 2286 3298 ego
2320 3223 2379 3278 et
2398 3225 2499 3270 non

411 3325 570 3382 sicut
603 3340 714 3400 ego
751 3331 1070 3400 praeterea
1078 3345 1095 3402 3
1151 3332 1210 3384 et
1233 3327 1479 3402 jactura
1526 3327 1717 3384 omnis
1762 3324 2101 3384 intellectus
2138 3324 2267 3383 veri
2298 3311 2497 3378 intelli·-

411 3426 574 3501 gitur
612 3441 730 3504 per
783 3425 944 3501 quod
993 3424 1168 3486 cadet
1201 3443 1385 3503 super
1432 3431 1493 3484 te
1542 3443 1857 3500 aerumna,
1922 3431 1983 3484 et
2013 3428 2218 3484 veniet
2248 3431 2418 3496 super
2446 3416 2495 3466 *θ

415 3525 770 3589 devastatio.
851 3525 1029 3602 Apud
1063 3526 1447 3606 Ezechielem
1500 3569 1537 3600 „
1556 3525 1885 3587 Aerumna
1928 3543 2117 3603 super·
2158 3525 2493 3583 aerumnam

411 3627 638 3700 veniet,
693 3625 834 3686 ideo
871 3631 1166 3704 quaerent
1204 3625 1511 3687 visionem
1556 3645 1599 3686 a
1625 3625 1991 3706 prophetis,
2042 3623 2154 3686 sed
2190 3619 2292 3684 lew
2317 3607 2491 3698 periit

407 3743 454 3786 a
490 3725 837 3802 sacerdote,
889 3731 950 3785 et
993 3722 1332 3787 consilium
1357 3745 1401 3786 a
1426 3725 1807 3802 senioribus,
1850 3708 1967 3786 rea}
1996 3721 2231 3806 luyebit
2251 3725 2308 3782 et
2322 3711 2487 3798 prin·

409 3845 551 3906 ceps
591 3825 894 3890 induetur
931 3830 1234 3906 stupor-ss
1287 3825 1437 3885 VII:
1481 3830 1517 3884 2
1534 3829 1595 3886 6.
1639 3830 1675 3884 2
1692 3832 1749 3903 73
1810 3829 2008 3903 agitur
2052 3827 2148 3884 hic
2196 3825 2267 3884 de
2314 3819 2486 3876 vasta-

415 3929 574 3986 tione
605 3927 948 4002 Ecclesiae,
987 3943 1142 4003 quae
1181 3934 1275 3986 est
1313 3927 1549 4003 quando
1574 3944 1697 3984 non
1720 3945 1933 3986 verum
1966 3929 2083 3986 nisi
2118 3922 2482 3984 falsificatum?

323 4047 326 4052 ·
408 4025 626 4083 falsum
681 4045 756 4086 ex
790 4027 946 4086 falso
991 4027 1338 4104 intelligitur
1390 4045 1500 4104 per
1534 4045 1879 4086 aerumnam
1928 4045 2111 4104 super
2145 4021 2477 4085 aerumnam

411 4121 642 4177 visioa
675 4126 968 4199 propheta
1005 4133 1097 4185 est
1131 4127 1433 4199 doctrina,
1483 4128 1592 4186 hic·
1618 4127 1887 4186 doctrina
1919 4127 2088 4202 salsi;
2142 4127 2237 4185 lex
2270 4114 2423 4198 periit
2448 4121 2479 4162 a

415 4217 730 4276 sacerdot-e
767 4227 860 4279 est
895 4226 1050 4296 quod
1087 4225 1357 4285 Verbum
1392 4243 1507 4296 non
1544 4227 1945 4304 intelligatur,
2003 4227 2100 4286 lex
2138 4227 2283 4285 enim
2316 4208 2471 4289 Signi·
