2700 4792
343 357 584 414 CAPUT
625 357 1026 449 SECUNDUQ.
1674 361 1857 416 VERS
1876 382 1889 414 ε
1939 372 2028 426 18.
2192 375 2305 428 207

173 520 328 579 nihil
365 521 626 588 sentiat,
673 526 734 578 at
771 521 1019 595 spiritus
1057 525 1272 595 postea
1303 521 1527 578 sentiat
1562 537 1756 598 aeque
1794 538 1865 581 ae
1900 525 2100 598 prius:
2146 526 2307 602 qnod

175 622 442 697 spiritus
477 620 736 678 hominis
784 637 980 695 aeque
1017 619 1253 690 videat,
1307 619 1513 680 audiat
1532 663 1549 692 ,
1606 623 1827 680 sentiat
1872 630 2011 699 post
2044 624 2302 686 solutio-

173 739 324 781 nem
366 739 406 778 a
451 737 741 796 corpore,
803 726 872 778 ut
913 723 1080 796 prius
1125 723 1186 778 in
1230 737 1513 796 corpore,
1568 720 1845 782 videatur
1887 725 1949 782 in
1988 723 2189 801 Opere
2226 727 2301 786 de

175 821 394 882 Contu
449 840 529 880 m·
586 821 870 880 Iun-:nno
923 839 991 880 n:
1057 823 1191 880 461
1241 819 1320 878 ad
1362 823 1535 896 4693
1606 830 1926 897 praeterea
1971 825 2045 884 de
2092 843 2295 887 corre·-

173 922 550 1000 spondentia
593 921 934 980 intellectus
973 939 1112 980 cum
1148 922 1284 979 visu
1319 921 1505 995 oculi,
1550 925 1611 980 in
1651 924 1927 982 AncAms
1962 923 2298 988 Corinnam·

172 1043 302 1086 nus
349 1041 422 1082 n:
493 1024 686 1082 4403
739 1021 816 1080 ad
865 1024 1080 1080 4421.
1153 1022 1345 1081 4523
1404 1021 1482 1080 ad
1526 1024 1739 1082 4534.
1832 1025 2016 1101 Apud
2072 1026 2299 1088 bestias

177 1127 376 1186 etiam
419 1125 666 1182 interior
718 1140 926 1182 earum
960 1125 1114 1196 vita,
1169 1139 1326 1198 quae
1364 1139 1601 1200 quoque
1639 1126 1837 1182 anima
1872 1142 2079 1184 earum
2112 1144 2298 1188 voca-

175 1233 322 1295 tur,
374 1227 600 1300 pariter
647 1241 758 1299 per
793 1238 1022 1300 organa
1057 1227 1306 1282 externa
1349 1225 1617 1298 corperis
1664 1241 1869 1283 earum
1917 1229 2130 1302 sentit,
2186 1229 2296 1290 sed

176 1343 326 1386 eum
378 1324 746 1394 differentia,
800 1323 962 1402 quod
1009 1339 1129 1382 non
1172 1323 1545 1382 rationaliter
1582 1324 1737 1383 sicut
1779 1325 1987 1400 home,
2038 1330 2125 1387 ita
2172 1345 2291 1390 non
2333 1322 2496 1384 [141]

175 1445 264 1487 ex
285 1425 612 1486 ’intellectu
647 1431 708 1484 et
741 1423 1051 1484 voluntate
1088 1423 1224 1497 tali,
1265 1423 1461 1499 qualis
1500 1430 1594 1484 est
1635 1423 1890 1496 homini,
1927 1427 2201 1488 videatur
2232 1433 2297 1490 in

179 1525 396 1604 Opere
451 1526 527 1585 de
577 1525 778 1584 Coeno
831 1543 908 1583 m·
943 1525 1222 1584 Iun-enno
1273 1543 1339 1583 n:
1385 1526 1585 1598 1083'
1614 1532 1673 1585 et
1709 1524 1785 1586 de
1824 1526 2071 1588 Uin-nuo
2108 1529 2293 1590 Juni-

175 1646 280 1688 cio
325 1645 398 1686 n:
442 1628 555 1686 25.
609 1626 756 1686 Inde
793 1643 950 1686 nunc
986 1632 1080 1684 cst
1115 1624 1275 1701 quod
1309 1643 1421 1701 per
1456 1624 1715 1686 Oculum
1752 1630 1815 1686 in
1866 1627 2067 1688 Verbo
2106 1633 2295 1707 signi·-

174 1729 396 1788 ficetur
441 1726 792 1786 Intellectus
839 1727 996 1800 veri,
1059 1741 1172 1784 seu
1232 1725 1635 1802 Intelligentia
1686 1733 1749 1788 et
1808 1726 2155 1807 Sapientia,
2229 1738 2298 1791 ut

172 1836 460 1889 constare
496 1834 698 1904 potest
733 1845 769 1886 a
817 1826 1208 1903 sequentibus
1241 1825 1336 1886 his
1373 1826 1523 1886 locis
1549 1847 1565 1903 3
1621 1829 1784 1904 apud
1817 1829 2065 1907 Esajam
2106 1830 2295 1907 „Dio

162 1924 413 2010 populo
450 1927 628 1997 hnic,
678 1927 900 1988 audite
933 1923 1280 2001 audiendo,
1333 1926 1448 1987 sed
1472 1945 1604 1988 non
1636 1927 2011 2009 intelliyite,
2076 1949 2153 1992 ac
2188 1932 2289 1993 vi-

176 2029 322 2090 dete
357 2029 626 2090 videndo
663 2033 724 2088 et
748 2047 870 2088 non
903 2013 1286 2106 co'qnosoite,
1278 2046 1294 2062 ·
1330 2026 1671 2107 impingua
1698 2047 1803 2090 cor
1817 2029 2050 2110 populi
2074 2031 2288 2116 hujus,

176 2136 242 2191 et
281 2149 474 2192 aure-9
505 2129 645 2211 qius
679 2146 1004 2208 aym-ava,
1065 2133 1126 2187 et
1163 2125 1379 2188 oculos
1412 2128 1551 2210 ejus
1586 2127 1820 2216 oblim,
1869 2151 1947 2191 ne
1970 2133 2153 2212 sorte
2188 2134 2289 2195 vi-

175 2231 332 2292 deat
381 2228 583 2291 occdi-9
635 2230 826 2290 suie‘
884 2229 1004 2289 VI:
1063 2231 1122 2288 9.
1179 2230 1288 2288 10.
1360 2229 1511 2289 Joh:
1548 2229 1704 2308 XII:
1746 2233 1869 2307 430
1926 2234 2136 2294 oculos
2174 2235 2287 2294 ob-

174 2333 370 2392 linere
405 2350 482 2390 ne
517 2332 666 2390 forte
705 2331 908 2390 videat
941 2329 1132 2390 oculis
1159 2331 1318 2400 saie,
1356 2337 1450 2390 est
1482 2329 1877 2392 obtenebrare
1914 2334 2290 2395 intellectum

176 2451 256 2493 ne
299 2432 610 2508 intelligat.
687 2431 874 2508 Apud
912 2431 1181 2491 Eundem
1246 2429 1563 2508 „Effudit
1607 2429 1893 2493 Jehovak
1938 2451 2131 2513 cuper
2176 2453 2289 2495 voe

181 2531 497 2612 spiritam
529 2528 994 2601 somnolentiae,
1051 2536 1112 2590 et
1145 2527 1413 2592 occlusit
1446 2527 1660 2592 oculos
1692 2537 1961 2608 vestros,
2006 2531 2285 2614 prophe·-

185 2637 299 2692 ta⁸
335 2636 397 2689 et
431 2631 639 2709 capita
671 2637 877 2692 vestra
891 2676 906 2702 ,
945 2631 1227 2692 vidente-⁹
1263 2631 1503 2692 obtexit
1512 2634 1547 2664 “
1590 2632 1844 2692 XXIX:
1899 2637 1928 2694 l
1948 2637 1987 2693 Ο
2011 2653 2028 2709 ;
2078 2634 2287 2694 occlu-

180 2735 266 2794 sit
300 2732 538 2807 oculoS,
589 2733 916 2809 prophetas
955 2741 1014 2792 et
1049 2734 1286 2810 capita,
1341 2741 1403 2792 et
1435 2732 1708 2792 videntes
1744 2733 2002 2804 obtexit,
2064 2741 2159 2793 est
2188 2736 2289 2793 in·-

181 2833 492 2894 tellectum
527 2835 690 2902 veri,
749 2834 1082 2910 prophetae
1135 2833 1313 2892 etiam
1365 2840 1507 2892 sunt
1545 2835 1647 2910 qui
1694 2834 1911 2894 docent
1957 2852 2127 2911 vera,
2182 2837 2289 2913 qui

183 2937 365 3001 etiam
399 2942 691 2994 vocantur
725 2936 926 3010 capita
963 2937 1105 3011 quia
1139 2941 1324 3010 eaput
1350 2933 1645 3011 significat
1677 2935 2163 3013 intelligentiam3
2226 2944 2293 2998 et

181 3052 422 3111 quoque
465 3043 758 3094 vocantur
793 3035 1064 3095 videntes
1116 3054 1190 3094 ex
1251 3035 1617 3095 revelatione
1670 3036 1873 3096 Divini
1924 3036 2071 3096 Veri
2124 3037 2291 3115 apud

178 3135 335 3194 illos,
403 3135 586 3212 Apud
620 3135 890 3194 Eundem
927 3135 1124 3211 „Non
1159 3135 1564 3196 connivebam
1598 3132 1765 3196 oculi
1806 3135 2189 3220 videntium,
2228 3144 2289 3199 et

179 3253 372 3296 aures
433 3233 840 3296 audientium
898 3233 1394 3297 auscultabunffl
1456 3235 1739 3296 XXXII:
1810 3239 1879 3315 33
1950 3239 2281 3300 videntium

182 3337 346 3394 oculi
375 3353 484 3412 pro
529 3337 766 3396 illorum
803 3339 906 3412 qui
939 3336 1279 3414 intelligunt
1329 3353 1491 3395 vera.
1570 3337 1752 3422 Apud
1786 3339 2058 3400 Eundem
2100 3338 2290 3414 „Qui

177 3433 456 3496 occludit
490 3434 704 3498 oculos
739 3455 890 3498 euos
927 3457 1003 3498 ne
1041 3435 1300 3498 videant
1327 3433 1600 3498 malum:
1634 3437 1879 3517 Reyem
1903 3438 1973 3500 in
1986 3435 2284 3518 pulchri-

175 3535 404 3598 tudine
439 3556 564 3598 ena
597 3536 894 3600 videbunt
921 3534 1090 3599 oculi
1115 3538 1262 3600 tui“
1297 3537 1617 3598 XXXIII:
1664 3542 1692 3596 l
1714 3540 1772 3598 5.
1812 3543 1839 3597 l
1862 3543 1893 3597 7
1913 3559 1930 3614 3
1968 3537 2287 3598 occludere

173 3637 388 3704 oculos
421 3655 500 3696 ne
537 3638 784 3697 videant
818 3639 1071 3714 malum,
1129 3646 1223 3700 est
1255 3639 1480 3698 malum
1517 3656 1635 3698 non
1670 3638 1983 3697 admittere
2018 3639 2081 3696 in
2122 3639 2291 3714 cogi-

170 3742 494 3814 tationem:
551 3756 756 3815 regem
806 3741 868 3798 in
929 3739 1373 3816 pulchritudine
1440 3755 1552 3798 sua
1612 3738 1901 3798 videbunt
1950 3737 2137 3810 oculi,
2194 3745 2291 3798 est

174 3840 338 3915 quod
377 3839 740 3899 intellecturi
789 3857 996 3901 verum
1046 3842 1106 3899 in
1157 3858 1272 3900 sua
1327 3841 1465 3900 luce
1521 3857 1653 3898 cum
1710 3839 2100 3912 amoenitate,
2150 3854 2291 3898 nam

171 3957 284 4016 per
345 3958 554 4017 regem
609 3941 695 4000 ibi
743 3957 863 4000 non
917 3941 1266 4020 intelligitur
1318 3959 1453 4016 rex,
1531 3939 1641 3998 sed
1693 3955 1938 4013 verum,
2010 3937 2293 4000 videatur

171 4055 362 4118 supra
395 4059 468 4100 n:
514 4043 626 4100 31.
707 4041 890 4118 Apud
925 4043 1254 4105 Jcremiam
1291 4038 1587 4116 „Audite
1622 4037 1800 4110 haec,
1845 4036 2085 4119 popule
2118 4036 2289 4102 etul-

174 4145 258 4214 te‚
305 4142 416 4204 cai
448 4161 576 4202 non
609 4159 742 4216 cor,
805 4143 1030 4222 quibus
1067 4139 1236 4204 oculi
1267 4161 1395 4202 non
1430 4138 1675 4214 vident,
1732 4144 1791 4200 et
1836 4139 2065 4218 quibua
2100 4159 2293 4204 aurea

174 4259 294 4303 non
331 4241 663 4304 audiunt“
709 4243 794 4303 V:
841 4247 954 4306 21.
1007 4225 1238 4304 Ezech:
1277 4241 1445 4302 XII:
1488 4245 1549 4302 2.
1602 4241 1675 4300 In
1703 4239 1960 4301 Threnis
1993 4238 2295 4315 „cecidit
