2700 4792
401 315 473 369 28
733 333 739 342 ·
827 302 1319 361 APOCALYPSIS
1372 299 1807 358 EXPLICATA·
1882 299 1934 368 §-
1976 309 2071 362 28.

401 462 482 524 de
507 459 692 523 Coelo
727 461 978 524 vmiem
1013 481 1206 542 super
1239 477 1451 522 omteo
1484 465 1580 518 est
1592 503 1610 536 ,
1648 463 1709 518 et
1746 457 1913 538 quod
1938 457 2109 523 vidit
2132 464 2195 523 et
2228 459 2508 538 audivit,

403 563 516 624 hoc
539 560 891 625 Testatur“
909 563 1020 622 111:
1060 567 1088 622 1
1111 566 1168 622 1.
1193 551 1365 650 [31]
1392 563 1503 620 32:
1536 559 1697 636 apud
1716 559 1987 620 Eundem
2018 558 2279 634 „Dixit
2290 559 2508 638 Jeme,

403 662 526 724 etei
576 661 726 744 Eyo
792 660 1016 724 Testor
1074 661 1152 722 de
1198 661 1307 722 Me
1364 661 1546 742 Ipso,
1618 679 1835 721 verum
1883 665 1979 720 eet
2046 657 2513 724 Testimonium

403 783 641 836 meum,
687 763 842 842 quia
878 762 1006 823 seio
1039 762 1208 823 unde
1251 761 1393 822 veni
1428 766 1488 820 et
1533 779 1653 843 quo
1696 759 1909 820 vado“
1962 761 2153 820 VIII:
2209 767 2331 838 143
2394 781 2511 840 per

404 864 566 942 quod
599 864 980 940 significatur,
1021 863 1182 940 quod
1217 869 1475 923 testetur
1512 861 1585 922 de
1624 860 1703 922 Se
1738 861 1883 938 Ipso
1922 879 1997 922 ex
2034 860 2113 921 Se
2150 862 2326 939 Ipso,
2366 867 2513 941 quia

369 971 533 1032 ,erat
566 963 852 1022 Divinum
886 965 1143 1024 Verum:
1227 964 1391 1040 apud
1440 962 1711 1022 Eundem
1774 961 2045 1038 „Quum
2095 962 2331 1024 venerit
2364 961 2509 1023 Pa-

400 1061 677 1126 rao-letus
711 1063 1002 1144 Spiritus
1046 1063 1369 1135 veritatis,
1430 1059 1543 1122 ille
1597 1061 1965 1124 Testabitur
1982 1061 2089 1121 -de
2133 1061 2287 1124 Mffl
2340 1063 2467 1124 XV
2490 1085 2515 1124 τ

407 1168 532 1235 26;
586 1164 942 1226 Paracletus
981 1164 1244 1242 Spiritus
1295 1167 1565 1224 veritatis
1616 1170 1708 1222 est
1750 1162 2035 1221 Divinum
2082 1165 2312 1224 Verum
2358 1181 2509 1240 pro-

401 1265 622 1326 cedens
667 1283 706 1323 a
749 1265 1038 1340 Domin0,
1099 1265 1375 1324 videatur
1434 1281 1507 1322 n:
1564 1265 1775 1322 9818.
1832 1265 2043 1323 9820.
2114 1265 2391 1329 10330:
2448 1272 2513 1324 et

403 1383 629 1444 supra,
698 1383 770 1424 n:
837 1367 964 1424 25:
1039 1372 1100 1425 et
1145 1366 1306 1443 apud
1351 1365 1621 1423 Eundem
1675 1362 1935 1439 „Dixit
1988 1361 2289 1436 Pilatus’,
2352 1384 2510 1424 num

399 1485 548 1546 eryo
597 1465 749 1525 Rex
805 1483 872 1524 eo
938 1463 1072 1540 Tu,
1132 1455 1463 1544 respondit
1506 1463 1732 1540 Jews,
1790 1468 1861 1524 tu
1896 1462 2093 1539 dieis,
2148 1464 2305 1544 quia
2354 1458 2507 1526 Rex

399 1565 551 1644 Eyo
597 1583 770 1638 eum,
837 1563 988 1644 Eyo
1049 1565 1118 1626 in
1171 1565 1285 1625 hoe
1327 1567 1523 1625 natae
1586 1583 1755 1635 eam,
1824 1569 1885 1626 et
1944 1563 2035 1624 ad
2082 1565 2195 1625 hoe
2245 1565 2387 1625 veni
2434 1564 2507 1624 in

401 1663 740 1740 mundum,
791 1669 866 1725 ut
905 1670 1093 1726 tester
1157 1664 1306 1729 Veri
1307 1664 1436 1726 tati
1445 1685 1475 1736 ,·
1528 1662 1733 1725 omnio
1774 1664 2055 1726 existens
2094 1683 2173 1725 em
2223 1665 2503 1738 veritate,

243 1776 368 1839 [22]
407 1764 598 1826 audit
632 1783 836 1826 meam
879 1784 1116 1827 vocem.-
1167 1772 1228 1826 et
1267 1765 1447 1826 dixit
1496 1762 1796 1840 Pilatus,
1861 1764 2021 1844 quid
2058 1771 2153 1826 eet
2202 1763 2507 1827 Veritasss

401 1866 652 1926 XVIII:
697 1867 804 1926 37.
851 1869 976 1942 383
1033 1867 1190 1943 quod
1224 1865 1519 1928 Dominus
1556 1867 1640 1924 ita
1675 1865 2082 1942 responderit,
2138 1882 2273 1926 cum
2314 1870 2504 1926 inter-

400 1974 649 2044 rogatus
688 1973 780 2025 est
819 1986 960 2026 num
1013 1976 1176 2028 esset
1209 1967 1371 2038 Rex,
1441 1972 1571 2026 erat
1624 1969 1767 2043 quia
1807 1966 2101 2026 Dominus
2138 1974 2205 2026 ut
2238 1967 2372 2026 Rex
2410 1973 2507 2026 est

399 2066 686 2126 Divinum
719 2067 976 2143 Verum,
1033 2087 1168 2127 nam
1203 2068 1319 2127 hoc
1357 2075 1451 2128 est
1484 2067 1739 2145 Regium
1773 2067 2015 2126 Domini
2049 2071 2109 2127 in
2146 2067 2348 2142 Coe10,
2386 2069 2504 2126 Di·-

400 2170 604 2226 vinum
656 2174 856 2227 autem
901 2168 1131 2226 Bonum
1179 2169 1382 2245 Ipsius
1442 2175 1537 2226 est
1589 2167 2003 2228 Sacerdotium
2036 2168 2117 2228 ibi
2129 2188 2145 2245 3
2202 2169 2340 2226 inde
2394 2178 2501 2242 est,

405 2268 561 2346 quod
589 2268 883 2327 Dominus
925 2269 1168 2342 dixerit,
1235 2269 1397 2344 quod
1430 2269 1559 2356 Rex
1598 2271 1703 2338 sit,
1758 2269 1918 2344 quod
1950 2272 2013 2327 in
2046 2269 2161 2328 hoc
2196 2275 2371 2327 natus
2408 2271 2499 2342 sit,

403 2376 466 2428 et
499 2369 576 2427 ad
609 2367 724 2428 hoc
758 2373 992 2429 venerit
1026 2371 1087 2428 in
1111 2369 1423 2443 mundum,
1464 2377 1531 2428 ut
1569 2367 1864 2430 Testetur
1903 2368 2203 2445 Veritati,
2258 2376 2316 2429 et
2340 2367 2509 2448 quod

400 2469 512 2549 qui
547 2468 618 2529 in
658 2468 920 2531 veritate
944 2474 1055 2545 eet,
1099 2469 1333 2532 audiat
1370 2487 1577 2530 vocem
1610 2467 1877 2549 Ipsius;
1930 2477 1993 2529 et
2030 2470 2165 2529 ideo
2206 2471 2505 2546 quaesivit

399 2571 668 2645 PilatuS,
731 2569 893 2649 quid·
938 2569 1221 2646 Veritas,
1277 2573 1365 2628 ita
1402 2589 1542 2628 num
1576 2571 1685 2629 illa
1724 2577 1893 2630 esset
1915 2571 2077 2630 Rex:
2135 2571 2295 2647 quod
2328 2571 2503 2628 Divi·-

398 2689 540 2729 num
575 2670 808 2730 Verum
845 2676 924 2730 sit
957 2672 1216 2748 Regium
1253 2671 1495 2730 Domini
1532 2673 1593 2730 in
1630 2671 1850 2742 CoeliS,
1886 2671 2162 2730 videatur
2194 2690 2253 2729 n.
2292 2673 2509 2742 3009,

411 2773 637 2846 50685
696 2778 755 2830 et
793 2773 952 2848 quod
990 2772 1126 2832 ideo
1172 2771 1375 2848 Reges
1422 2775 1483 2830 in
1517 2771 1721 2830 Verbo
1770 2771 2107 2848 significent
2140 2753 2275 2831 ilios
2312 2774 2415 2847 qui
2448 2773 2511 2828 in

405 2871 642 2930 Divinis
679 2869 857 2937 Veris
896 2879 1052 2948 sunt,
1091 2875 1176 2930 ita
1203 2873 1504 2931 abstracte
1542 2891 1579 2930 a
1612 2875 1885 2950 personis
1923 2873 2256 2950 significent
2286 2873 2512 2931 Divina

401 2969 596 3046 Vera,
637 2991 694 3030 n:
743 2975 952 3032 1672.
997 2974 1209 3032 2015.
1253 2975 1465 3032 2069.
1510 2974 1721 3032 4575.
1762 2975 1977 3032 4581.
2020 2975 2233 3032 4966.
2278 2975 2509 3032 5044:

403 3071 564 3148 quod
624 3073 826 3148 Reges
879 3071 1216 3150 significent
1265 3067 1399 3131 illos
1454 3076 1557 3150 qui
1604 3075 1665 3132 in
1718 3072 1955 3132 Divinis
2004 3075 2215 3149 VeriS,
2277 3073 2515 3150 patebit

403 3171 623 3230 clarius
663 3175 724 3231 in
759 3173 1176 3250 Explicatione
1215 3173 1596 3249 sequentium
1632 3176 1693 3231 in
1727 3175 2130 3251 Apocalypsi,
2173 3175 2277 3232 ubi
2312 3177 2511 3232 nomi-

402 3279 620 3330 nantur
654 3273 888 3350 RegeS,
941 3279 1001 3332 et
1029 3291 1168 3347 mox
1193 3274 1377 3347 infra,
1420 3261 1523 3332 ubi
1560 3274 1801 3348 dieitur,
1849 3273 2033 3334 Fecit
2070 3293 2185 3334 noe
2210 3275 2424 3353 Reyes
2450 3278 2518 3334 et·

400 3371 772 3434 Sacerdotes
800 3371 948 3433 Deo
969 3363 1046 3432 ‘et
1083 3372 1281 3434 Patri
1320 3391 1456 3434 suo·
1490 3361 1608 3432 ΕΞ
1643 3374 1740 3433 his
1776 3382 2049 3435 constare
2084 3381 2305 3452 potest,
2348 3374 2515 3450 quod

403 3491 514 3550 per
549 3491 586 3530 a
622 3472 780 3533 Jesu
819 3472 1054 3532 Christo
1065 3519 1080 3549 ,
1119 3475 1263 3550 Ipse
1301 3475 1505 3533 Testis
1532 3474 1755 3550 11110115,
1811 3475 2179 3552 significetur
2211 3477 2511 3534 Dominus

399 3573 598 3650 quoad
647 3575 1006 3650 agnitionem
1065 3575 1268 3634 Divini
1319 3575 1613 3649 Humani,
1687 3593 1725 3633 a
1776 3575 1909 3652 Quo
1964 3594 2137 3636 omne
2185 3593 2397 3634 verum
2446 3577 2511 3633 111

399 3673 602 3734 Coelo,
1436 3741 1441 3752 Ι

555 3774 666 3830 28.
731 3772 872 3850 Ipse
921 3774 1359 3853 Primogenitus
1416 3795 1488 3836 ex
1535 3779 1821 3852 mortuis„
1881 3777 2041 3853 quod
2088 3776 2383 3854 significet
2431 3794 2509 3836 ex

399 3872 534 3948 Quo
573 3889 744 3932 omne
779 3873 997 3934 bonum
1049 3877 1157 3949 ibi,
1219 3885 1455 3937 constat
1504 3897 1578 3938 ex
1616 3878 2049 3954 significatione
2099 3879 2510 3954 Primogeniti,

399 3990 534 4030 cum
564 3971 636 4031 de
664 3974 935 4051 Domino,
977 3977 1138 4054 quod
1165 3979 1242 4036 sit
1276 3977 1560 4038 Divinum
1588 3978 1823 4036 Bonum
1853 3980 1915 4036 in
1954 3977 2171 4052 Coelo,
2225 3980 2310 4036 ita
2334 3993 2509 4036 omne

395 4073 617 4132 boumn
665 4076 772 4152 ibi3
840 4077 999 4154 quod
1047 4077 1487 4154 Primogenitus
1537 4080 1597 4138 id
1656 4078 1985 4156 significet,
2061 4086 2153 4140 est
2205 4081 2348 4162 quia
2398 4094 2510 4154 per

399 4172 830 4238 Generationes
867 4180 926 4240 in
962 4196 1185 4256 genere
1223 4187 1284 4240 et
1318 4181 1379 4236 in
1408 4183 1614 4257 specie
1643 4179 2053 4256 significantur
2091 4181 2507 4258 generationes
