2700 4792
405 373 518 427 470
801 361 1291 416 APOCALYPsrs
1333 361 1769 416 EXPLICATA.
1856 361 1905 430 §-
1952 369 2085 422 277.

401 523 744 597 Ecclesiae,
801 539 870 579 n:
915 523 1127 582 9863.
1187 521 1401 580 9865.
1458 521 1669 578 9868.
1716 520 1935 579 9873.
1984 519 2221 593 99053
2280 521 2383 596 qui
2434 536 2543 577 vo-

399 629 613 684 cantur
669 621 904 699 lapides
965 623 1150 698 ignis,
1232 622 1373 697 quia
1424 622 1577 696 ignis
1639 618 1943 696 significat
2005 619 2243 678 bonum
2303 621 2540 693 αιτιοι-13,

399 741 472 783 n:
515 725 677 783 934.
719 723 932 781 4906.
977 723 1186 782 6314.
1234 722 1446 780 5215.
1492 721 1716 794 6832;
1772 721 1919 796 quia
1972 737 2094 797 per
2126 719 2369 796 Regem
2406 718 2545 794 Tyri

399 823 770 900 significatur
802 821 1193 898 intelligentia
1241 837 1314 880 ex
1349 821 1569 880 Divino
1604 819 1797 894 Vero,
1856 825 1923 878 et
1976 819 2101 878 hoc
2139 818 2403 879 custodit
2432 833 2533 876 seu

401 925 692 1002 protegit,
745 922 880 980 ideo
941 921 1077 982 Rex
1111 921 1258 999 Tyri
1321 925 1569 984 vocatur
1604 917 1927 980 Cherubus
1982 919 2292 996 expansio
2340 923 2535 994 prote-

402 1024 616 1100 gentis,
700 1020 993 1098 Quoniam
1027 1039 1146 1080 non
1182 1021 1332 1080 adiri
1382 1025 1639 1098 possunt
1675 1018 1843 1080 Coeli
1882 1021 2253 1096 superiores
2290 1019 2403 1076 nisi
2436 1031 2537 1092 per

403 1123 623 1182 bonum
659 1123 876 1181 amoris
914 1128 975 1180 et
1009 1121 1351 1195 charitatis»,
1406 1121 1522 1179 hoc
1560 1127 1685 1195 est,
1724 1137 1837 1198 per
1876 1121 2117 1179 cultum
2159 1125 2223 1177 et
2257 1135 2371 1194 per
2403 1132 2537 1192 pre-

401 1240 504 1283 ces
541 1225 655 1283 nisi
691 1239 846 1297 quae
881 1222 1214 1299 procedunt
1248 1239 1323 1279 ex
1356 1220 1461 1279 illo
1494 1220 1677 1294 bono,
1732 1220 1871 1281 ideo
1902 1220 2217 1279 Dominus
2252 1218 2532 1293 loquutus

401 1329 498 1381 est
531 1339 664 1382 cum
691 1321 861 1382 Mose
899 1329 960 1382 et
983 1322 1286 1391 Aharone,
1321 1338 1457 1380 cum
1485 1322 1855 1379 intraverunt
1882 1318 2352 1391 Habitaculum,
2388 1318 2535 1373 inter

401 1421 572 1484 binos
611 1421 922 1482 Cherubos
977 1425 1075 1498 qui
1111 1438 1296 1498 super
1333 1421 1524 1495 Arca,
1578 1422 1781 1480 Exod:
1819 1421 2038 1480 XXV:
2084 1423 2214 1492 223
2270 1423 2338 1475 ut
2388 1431 2530 1490 quo-

403 1541 522 1601 que
561 1528 794 1583 constat
841 1523 1003 1599 apud
1036 1523 1246 1582 Mosen
1301 1519 1629 1596 „Quando
1669 1521 2017 1601 inqresaua
2069 1525 2171 1579 eet
2215 1515 2430 1577 Moses
2465 1512 2530 1572 in

411 1621 783 1684 Teutonum
833 1628 1194 1698 conventus,
1263 1620 1522 1682 audivit
1570 1638 1773 1681 vocem
1823 1616 2189 1700 loquentem
2221 1615 2312 1678 ad
2348 1610 2528 1675 illum

204 1722 364 1784 [310]
405 1722 672 1802 desuper
706 1719 1174 1800 Pfiopitiatorio
1211 1720 1379 1801 quod
1424 1740 1615 1802 super
1650 1721 1825 1782 Area
1866 1716 2238 1782 testimonii
2275 1716 2355 1776 ab
2376 1713 2532 1774 inter

403 1821 568 1884 duos
593 1820 952 1883 Ohmboa“
989 1822 1174 1881 Num:
1206 1821 1346 1881 VII:
1384 1825 1495 1881 89.
1548 1822 1707 1898 Quia
1742 1827 1835 1881 est
1861 1823 2166 1882 Divinum
2202 1813 2522 1896 procedens

404 1940 443 1980 a
474 1923 732 1982 Domino
769 1920 928 1998 quod
959 1922 1238 1998 providet
1271 1929 1333 1981 et
1368 1922 1657 1997 custodit,
1709 1921 1845 1981 ideo
1880 1921 1964 1981 de
2000 1923 2265 1980 Domino
2302 1915 2520 1979 dicitur,

404 2023 564 2098 quod
600 2022 810 2082 sedeat
857 2038 1042 2098 super
1079 2020 1404 2096 CherubiS,
1485 2021 1665 2099 Esaj:
1703 2021 2057 2081 XXXVII:
2109 2022 2218 2080 16.
2295 2011 2513 2075 Psalm:

403 2121 650 2182 XVIII:
725 2123 836 2182 10.
898 2125 1007 2180 11.
1085 2121 1324 2182 Psalm:
1390 2121 1662 2182 LXXX:
1718 2126 1779 2181 2.
1858 2121 2111 2182 Psalm:
2176 2114 2399 2180 XCIX:
2455 2115 2508 2168 l·

415 2227 444 2281 1
504 2222 676 2281 Samt
723 2222 832 2282 IV:
875 2225 938 2281 4.
1025 2225 1061 2281 2
1107 2221 1279 2282 Sam:
1330 2221 1447 2281 VI:
1493 2225 1553 2281 2.
1652 2222 1955 2298 Quoniam
2020 2225 2083 2281 in
2142 2221 2259 2279 hoc
2316 2213 2510 2289 Capite

404 2326 602 2398 agitur
636 2322 710 2382 de
747 2321 1114 2381 ordinatione
1151 2323 1413 2381 omnium
1448 2322 1526 2380 ad
1563 2322 1893 2397 Judieium,
1936 2323 2079 2382 ideo
2118 2322 2297 2381 etiam
2332 2313 2511 2389 agitur

397 2421 498 2482 hic
533 2422 610 2482 de
645 2421 967 2492 Cher-ubis,
1017 2423 1130 2482 hoc
1167 2429 1290 2497 est,
1347 2421 1422 2480 de
1454 2423 1741 2482 Custodia
1778 2429 1838 2482 et
1862 2422 2258 2483 Providentia
2288 2406 2509 2475 Domini

401 2541 478 2582 ne
517 2522 685 2583 Coeli
728 2525 1069 2600 superiores
1107 2522 1401 2581 adeantur
1446 2525 1562 2583 nisi
1610 2540 1724 2599 per
1756 2523 1981 2582 bonum
2026 2522 2249 2582 amoris
2286 2521 2345 2574 et
2377 2511 2509 2572 eha-

399 2625 626 2694 ritatis,
677 2640 814 2681 nam
849 2625 964 2682 nisi
997 2623 1116 2683 hoc
1151 2623 1377 2680 factum
1410 2623 1626 2682 fuisset
1662 2629 1799 2681 ante
1834 2623 2168 2696 Judicium,
2207 2608 2503 2696 periclitati

399 2723 662 2800 fuissent
693 2725 977 2800 ipsissimi
1013 2721 1178 2782 Coeli
1213 2724 1274 2780 in
1308 2723 1529 2799 quibus
1564 2725 1693 2782 veri
1727 2722 1972 2800 Angeli,
2037 2742 2113 2783 ex
2150 2733 2332 2778 causa
2378 2708 2503 2787 quia

400 2823 489 2880 illi
527 2824 696 2883 Coeli
733 2826 832 2898 qui
867 2825 1144 2899 perituri,
1203 2822 1276 2880 de
1326 2823 1542 2898 quibus
1591 2824 1795 2900 Apoc:
1842 2822 2005 2900 Cap:
2046 2819 2234 2884 XX1=
2280 2821 2343 2886 1,
2396 2821 2497 2867 non

399 2923 463 2979 in
497 2921 655 2981 bono
693 2926 909 2981 amoris
974 2931 1034 2981 et
1068 2922 1378 2980 charitatis
1416 2923 1689 2992 fuerunt,
1740 2922 1849 2982 sed
1884 2925 2063 2983 modo
2111 2925 2172 2980 in
2220 2908 2493 2989 aliquibus

401 3023 592 3095 veris3
629 3021 869 3079 fuerunt
903 3025 1059 3081 enim
1089 3021 1176 3080 ibi
1212 3039 1287 3080 ex
1317 3022 1657 3082 Christiano
1686 3021 1847 3082 Orbe
1880 3022 1969 3082 illi
2007 3026 2109 3101 qui
2144 3023 2203 3079 in
2230 3008 2504 3076 Doctrina
2623 3035 2638 3063 .

367 3119 478 3202 *de
515 3119 648 3177 sola
681 3119 828 3191 fide,
888 3139 1062 3197 quam
1109 3121 1294 3196 aliqui
1349 3123 1772 3181 confirmarunt
1824 3139 1901 3180 ex
1948 3119 2247 3182 nonnullis
2290 3109 2427 3172 locis
2460 3117 2489 3158 e

403 3217 644 3289 Verbo,
700 3225 761 3276 et
795 3237 906 3294 per
950 3221 1013 3278 id
1048 3221 1311 3295 aliquam
1349 3223 1825 3299 conjunctionem
1861 3227 2025 3283 nacti
2061 3227 2198 3282 sunt
2231 3230 2357 3275 cum
2389 3203 2486 3266 Ul·

341 3395 350 3404 ·
403 3319 546 3376 timo
585 3317 801 3390 (3001ος
857 3320 965 3379 sed
1003 3320 1340 3395 conjunctio
1384 3321 1491 3380 illa
1526 3321 1801 3398 disrupta
1836 3329 1954 3397 est,
1996 3319 2231 3400 quando
2265 3312 2323 3372 id
2348 3306 2485 3366 006·

401 3418 555 3494 lum,
595 3417 755 3496 quod
790 3420 994 3497 Apoc:
1033 3417 1218 3478 XXI:
1258 3422 1318 3490 1,
1370 3429 1621 3480 vocatur
1655 3424 1822 3498 prius
1852 3422 2122 3494 Coelum,
2160 3413 2481 3488 dissipatum

405 3526 524 3597 est,
583 3528 640 3580 et
676 3525 816 3580 tunc
852 3521 1184 3580 ordinatum
1223 3527 1318 3579 est
1354 3537 1391 3578 a
1418 3520 1692 3596 Domino,
1732 3539 1806 3581 ne
1840 3523 2095 3599 posthac
2124 3513 2325 3592 aliquis
2350 3515 2470 3563 0⁰¹¹·

393 3621 682 3697 jungatur
709 3620 906 3680 Coelis
935 3622 1050 3680 nisi
1079 3623 1182 3698 qui
1207 3622 1269 3680 in
1295 3619 1453 3679 bono
1482 3623 1700 3680 amoris
1725 3624 1784 3679 in
1809 3621 2134 3681 Dominum
2168 3622 2229 3678 et
2258 3615 2311 3671 in
2341 3599 2466 3662 cha·

400 3720 578 3779 ritate
616 3739 760 3798 erga
793 3725 1124 3798 proximum
1165 3726 1288 3780 est:
1342 3721 1455 3780 hoc
1490 3723 1549 3779 in
1586 3723 1789 3797 specie
1828 3727 1920 3780 est
1955 3721 2115 3799 quod
2146 3703 2474 3781 intelligitur,

399 3835 512 3895 per
545 3820 650 3878 illa
685 3839 840 3897 quae
876 3839 1033 3881 nunc
1062 3827 1397 3898 sequuntur
1430 3823 1488 3879 in
1514 3821 1629 3879 hoc
1659 3819 1889 3897 Capite.
1930 3821 2051 3899 Qui
2072 3824 2266 3895 itaque
2290 3795 2472 3867 credit,

401 3921 559 3992 quod
600 3919 766 3980 Coeli
799 3922 1054 3996 posthac
1091 3921 1239 3979 adiri
1273 3923 1507 3996 possint
1540 3938 1653 3997 per
1687 3922 1913 3981 cultum
1948 3929 2011 3983 et
2042 3937 2152 3999 per
2182 3916 2379 3992 preces
2408 3889 2475 3952 ab

353 4037 368 4046 -
397 4017 474 4070 iis
511 4020 612 4086 qui
646 4019 705 4072 in
739 4021 870 4077 sola
901 4020 1020 4079 fide
1055 4027 1196 4078 sunt
1231 4027 1292 4079 et
1324 4037 1445 4079 non
1480 4021 1659 4079 simul
1691 4023 1752 4079 in
1788 4021 1945 4082 bono
1980 4013 2315 4082 eharitatis,
2344 3989 2483 4058 '¹¹⁰¹‘

400 4114 524 4164 tum
563 4111 820 4188 fallitur-3
873 4119 1070 4178 cultus
1108 4136 1314 4178 eorum
1362 4138 1481 4179 non
1516 4121 1775 4198 amplius
1818 4124 2109 4199 recipitur
2166 4125 2271 4172 nec
2297 4099 2483 4181 preces

399 4203 722 4262 audiuntur
755 4210 864 4269 sed
900 4217 1226 4276 attenditur
1250 4219 1427 4278 modo
1466 4220 1541 4278 ad
1576 4237 1839 4282 amorem
1864 4224 2024 4283 vitae
2054 4224 2292 4283 cottum
2324 4200 2485 4275 ‘luam
