2700 4792
339 384 580 442 CAPUT
612 353 1017 442 εΕουΝῡΠΜ.
1139 395 1144 400 ·
1684 382 2033 448 *Hills-219.
2190 398 2297 452 211

187 563 316 606 rum
332 590 349 621 ,
391 545 562 622 quod
595 545 715 604 sint
748 543 856 602 illa
893 559 1049 619 quae
1079 548 1217 602 sunt
1251 541 1581 602 voluntatis
1608 559 1719 604 seu
1746 548 1967 605 amoris
2002 547 2302 619 coelestis,

188 649 258 707 de
310 663 435 723 qua
485 661 676 722 supra
723 663 792 702 n:
850 645 936 702 98
955 663 972 719 3
1027 650 1088 703 et
1137 659 1213 702 ex
1263 644 1697 720 significatione
1752 645 2088 722 charitatis,
2142 648 2301 723 quod

191 751 306 807 sint
343 763 508 822 quae
557 751 712 804 sunt·
732 746 952 802 amoris
1001 742 1370 820 spiritualis;
1426 744 1584 821 qdod
1621 762 1735 822 per
1768 763 1953 822 opera
1998 755 2059 807 et
2097 748 2299 807 chari-

185 856 370 908 tatem
407 846 793 922 significetur
819 848 1117 904 internum
1153 844 1483 918 Ecclesiae,
1526 852 1620 904 est
1654 848 1794 923 quia
1835 847 1941 906 illa
1976 865 2131 925 quae
2160 855 2301 907 sunt

185 948 512 1008 voluntatis
565 963 678 1006 seu
727 948 948 1004 amoris
1002 946 1229 1004 faciunt
1271 944 1581 1004 Internum
1642 947 1771 1023 ejus
1790 992 1807 1022 ,
1877 953 1940 1004 at
1984 947 2089 1006 illa
2142 966 2298 1025 quae

191 1055 326 1108 sunt
370 1047 728 1107 intellectus
785 1051 844 1105 et
896 1045 1039 1104 fidei
1084 1046 1311 1103 faciunt
1357 1046 1686 1105 Externum
1738 1049 1887 1124 ejus.
1980 1045 2133 1106 Sunt
2173 1048 2300 1108 bini

193 1149 476 1222 Amores,
539 1148 644 1224 qui
678 1147 906 1205 faciunt
947 1144 1196 1206 Coelum
1231 1161 1344 1204 seu
1378 1145 1741 1222 Ecclesiam,
1781 1148 1965 1207 Amor
1998 1150 2061 1206 in
2086 1148 2299 1206 Domi-

189 1267 325 1328 num
363 1255 428 1308 et
468 1235 670 1308 Amor
707 1263 852 1322 erga
883 1246 1220 1322 proximum
1254 1262 1370 1304 seu
1406 1245 1713 1320 Charitas,
1761 1249 1947 1306 Amor
1981 1249 2042 1306 in
2076 1247 2296 1308 Domi-

191 1368 324 1408 num
379 1338 480 1408 est
533 1349 636 1423 qui
683 1355 935 1406 vocatur
984 1362 1150 1405 amor
1199 1346 1478 1409 coelestis
1497 1392 1514 1423 ,
1570 1354 1633 1407 et
1684 1365 1851 1406 amor
1898 1365 2043 1424 erga
2085 1351 2293 1424 proxi-

189 1468 376 1524 mum,
444 1433 568 1524 qui=
619 1453 711 1507 est
761 1446 1052 1521 charitas,
1111 1452 1204 1506 est
1257 1450 1361 1523 qui
1404 1454 1655 1508 vocatur
1708 1465 1873 1506 amor
1926 1448 2291 1525 spiritualis3

193 1551 344 1626 quod
377 1552 468 1608 ita
510 1548 811 1622 dicantur,
861 1553 954 1606 est
990 1564 1065 1606 ex
1101 1563 1174 1606 eo
1223 1547 1388 1623 quod
1435 1547 1682 1608 Coelum
1732 1549 2072 1609 distinctum
2122 1551 2199 1607 sit
2234 1551 2295 1608 in

191 1651 302 1709 duo
337 1651 590 1727 Regna,
645 1664 900 1731 quorum
933 1665 1117 1706 unum
1159 1655 1411 1712 vocatur
1446 1648 1721 1725 Regnum
1771 1648 2077 1724 Coeleste,
2136 1648 2293 1708 alte·

191 1771 318 1810 rum
359 1751 647 1828 Regnum
697 1747 1053 1825 Spirituale,
1107 1747 1246 1808 inde
1296 1766 1535 1825 quoque
1580 1750 1869 1818 Amores,
1923 1752 2024 1827 qni
2070 1750 2155 1808 ibi
2196 1767 2295 1813 re-

189 1858 397 1929 gnant,
456 1854 548 1909 ita
580 1854 900 1923 vocantur,
957 1848 1234 1910 videatur
1287 1847 1459 1924 Opus
1496 1849 1569 1908 de
1621 1849 1823 1909 Conco
1872 1869 1951 1910 ιιι·
1994 1841 2296 1923 Inmane,

192 1971 260 2012 n:
305 1954 390 2011 13
425 1950 510 2010 ad
545 1953 668 2024 19,
729 1956 788 2008 et
827 1951 917 2008 20
952 1948 1029 2008 ad
1060 1953 1182 2024 283
1237 1967 1308 2008 ac
1343 1948 1670 2008 Doc'rnnu
1716 1947 1933 2010 Nous.
1978 1949 2293 2012 Hmnoso-

191 2071 418 2124 um,
475 2069 552 2109 n:
617 2051 702 2110 54
735 2049 814 2107 ad
849 2051 958 2108 62.
1032 2057 1093 2110 et
1145 2052 1234 2108 84
1275 2049 1353 2108 ad
1402 2052 1572 2125 1003
1629 2049 1733 2108 ubi
1770 2053 1949 2110 etiam
1986 2057 2294 2111 ostensum

197 2160 311 2228 est,
365 2151 510 2228 quid
573 2151 760 2210 Amor
819 2149 1100 2210 coelestis
1163 2156 1224 2210 et
1284 2149 1427 2226 quid
1481 2151 1667 2210 Amor
1704 2151 2059 2227 spiritualia,
2135 2151 2297 2228 quod

195 2269 406 2329 nempe
435 2253 626 2312 Amor
661 2249 940 2310 coelestis
977 2252 1056 2308 sit
1082 2267 1157 2309 ex
1186 2250 1499 2310 affectione
1527 2252 1853 2310 voluntatis
1882 2253 2081 2312 facere
2108 2269 2290 2328 prae·

196 2359 371 2428 cepta
403 2352 675 2425 Domini,
729 2357 790 2410 et
837 2350 998 2426 quod
1031 2351 1216 2410 Amor
1251 2351 1581 2427 spiritualis
1617 2353 1696 2410 sit
1737 2368 1811 2408 ex
1847 2351 2159 2412 affectione
2194 2355 2291 2410 in-

195 2453 474 2512 tellectus
508 2453 706 2512 iacere
741 2458 1072 2528 praecepta
1104 2451 1379 2510 Domini:
1434 2458 1575 2510 sunt
1617 2451 1735 2509 duo
1772 2450 1935 2527 apud
1972 2451 2291 2525 hominem,

201 2569 361 2626 quae
413 2553 630 2612 iaciunt
681 2550 931 2611 Coelum
981 2559 1085 2610 aut
1143 2552 1479 2612 Ecclesiam
1534 2550 1697 2628 apud
1743 2551 1944 2625 illum,
1996 2551 2183 2610 Amor
2234 2557 2295 2609 et

205 2651 420 2721 Fides,
467 2652 646 2710 Amor
677 2652 902 2712 residet
935 2655 996 2711 in
1035 2652 1365 2712 Voluntate
1401 2653 1685 2726 hominiS,
1738 2669 1875 2710 nam
1924 2650 2085 2726 quod
2116 2650 2293 2710 homo

199 2761 360 2810 amat
394 2752 508 2812 hoc
545 2770 778 2830 quoque
814 2753 976 2828 vult3
1013 2753 1194 2813 Fides
1232 2758 1437 2812 autem
1472 2752 1697 2811 residet
1729 2753 1790 2810 in
1824 2749 2144 2810 Intellectu
2178 2749 2291 2809 ho·

197 2855 366 2912 minis
381 2898 400 2928 ,
455 2871 594 2912 nam
643 2854 804 2929 quod
842 2854 1018 2912 homo
1064 2852 1281 2928 credit,
1337 2853 1453 2913 hoc
1490 2870 1728 2932 quoque
1767 2854 2016 2928 cogitat,
2074 2857 2135 2910 et
2172 2849 2290 2909 Co-

197 2955 398 3029 gitatio
455 2961 551 3015 est
607 2954 983 3029 intellectus;
1038 2953 1347 3013 Internum
1394 2957 1601 3030 itaque
1636 2953 1947 3013 Ecclesiae
1991 2951 2291 3026 coelestis,

199 3061 290 3114 est
337 3072 407 3114 ex
458 3054 771 3114 affectione
817 3038 1178 3127 uoluntatis,
1243 3055 1493 3131 proinde
1548 3072 1617 3114 ex
1664 3071 1865 3112 amore
1915 3053 2059 3112 boni
2093 3054 2293 3112 facere

195 3162 523 3234 praece-pta
559 3156 801 3216 Domini
814 3175 830 3230 3
883 3152 1192 3214 Internum
1227 3161 1430 3213 autem
1468 3154 1775 3214 Ecclesiae
1826 3153 2157 3231 spiritualis
2201 3157 2295 3212 est

197 3271 268 3313 ex
293 3255 604 3316 affectione
634 3255 997 3329 intellectuS,
1036 3254 1286 3332 proinde
1324 3273 1401 3314 ex
1436 3271 1637 3314 amore
1674 3257 1831 3324 veri,
1870 3249 2083 3314 'facere
2107 3269 2290 3331 prae-

199 3361 370 3431 cepta
399 3357 675 3430 Domini,
723 3373 861 3414 nam
899 3354 1059 3431 quod
1091 3355 1292 3414 facere
1328 3363 1659 3431 praecepta
1694 3355 1935 3414 Domini
1971 3356 2050 3413 sit
2086 3367 2291 3412 amare

195 3452 428 3532 Ipsum,
483 3456 662 3516 docet
705 3456 878 3533 Ipse,
945 3454 1107 3532 apud
1153 3451 1495 3515 Johannem
1549 3455 1711 3532 Cap:
1758 3454 1942 3516 XIV:
1998 3457 2112 3512 21.
2160 3452 2290 3508 23:

193 3552 498 3616 Internum
531 3557 848 3616 Ecclesiae
897 3555 1178 3616 coelestis
1223 3561 1318 3614 est
1355 3555 1515 3632 quod
1554 3556 1906 3631 intelligitur
1930 3568 2041 3628 per
2067 3548 2289 3626 Opera,

195 3671 260 3714 ac
281 3655 588 3716 Internum
615 3655 928 3716 Ecclesiae
954 3656 1282 3732 spiritualis
1315 3662 1411 3716 est
1436 3656 1599 3732 quod
1624 3653 1971 3728 intelligitur
1992 3667 2103 3727 per
2127 3646 2290 3708 Cha-

192 3756 444 3816 ritatem.
513 3755 637 3816 Sed
675 3758 818 3833 quia
864 3757 1047 3830 haec,
1101 3763 1169 3815 ut
1203 3757 1366 3816 clare
1404 3757 1923 3833 appercipiantur,
1980 3765 2099 3807 non
2131 3765 2289 3823 pau-

195 3855 274 3913 cis
327 3859 548 3934 exponi
606 3863 890 3934 possunt,
955 3855 1272 3916 videantur
1327 3873 1485 3932 quae
1538 3855 1611 3914 de
1671 3853 1790 3912 illis
1851 3852 1913 3908 in
1964 3849 2293 3909 Doce-anu

193 3951 400 4016 Novar.
447 3956 936 4018 Hrnnosommn
991 3956 1150 4016 dicta
1201 3963 1373 4031 sunt,
1454 3971 1673 4031 nempe
1732 3951 1806 4011 de
1857 3949 2185 4010 Voluntate
2232 3952 2295 4008 et

193 4051 502 4116 Intellectu
554 4075 624 4116 n:
669 4059 756 4116 28
801 4057 878 4116 ad
923 4059 1036 4117 36.
1108 4057 1205 4116 De
1243 4056 1487 4116 Interno
1526 4060 1588 4113 et
1621 4053 1884 4112 Externo
1920 4051 2179 4122 homine,
2214 4067 2289 4106 ιιι

199 4154 280 4212 36
311 4157 390 4214 ad
425 4158 536 4218 53.
615 4157 710 4218 De
747 4158 971 4217 Amore
1007 4158 1068 4214 in
1105 4174 1359 4234 genere,
1398 4174 1467 4214 n:
1515 4155 1600 4216 54
1632 4153 1712 4212 ad
1744 4157 1854 4213 64.
1936 4153 2032 4212 De
2068 4151 2291 4210 Amore

197 4267 328 4329 erga
360 4257 698 4332 proximum
725 4273 836 4318 seu
865 4255 1192 4329 charitate,
1228 4274 1292 4314 n:
1339 4258 1428 4315 84
1462 4255 1539 4315 ad
1578 4259 1735 4315 107.
1800 4253 1877 4314 Et
1911 4253 1985 4312 de
2021 4251 2189 4321 Fide,
2216 4267 2292 4307 n:
2334 4249 2495 4324 [1441

1722 4358 1803 4412 14
1836 4349 1871 4386 *
