2700 4792
271 359 518 414 CAPUT
547 356 900 415 TERTIUM.
1582 367 1795 426 VERS:
1846 384 2010 437 1—6.
2204 387 2315 442 255

362 531 472 593 15.
527 515 720 584 Novi
773 532 899 585 tua
955 537 1200 613 opera,
1257 519 1460 615 quod
1515 547 1655 594 nec
1698 524 2006 621 frigidus
2048 531 2147 600 sis
2174 555 2316 602 nec

183 614 520 706 calidus5
578 615 856 684 utinam
909 616 1218 712 frigidus
1274 643 1477 690 esses
1530 639 1653 694 aut
1704 626 2007 699 calidus.

357 731 468 794 16.
539 717 794 812 Itaque
863 717 1036 813 quia
1097 719 1391 816 tepidus
1456 745 1534 791 es
1550 773 1571 808 ‚
1654 741 1727 794 et
1784 753 1921 797 nec
1976 729 2310 826 frigiduS,

183 841 334 886 nec
387 815 700 909 caliduS,
753 816 1077 887 futurum
1127 837 1201 890 te
1253 845 1580 891 evomam
1633 848 1720 892 ex
1774 851 1899 897 ore
1950 853 2137 900 meo.

353 933 469 998 17.
526 916 760 1012 {Quod
813 917 1018 988 dicas
1073 919 1277 1015 quod
1332 920 1535 992 dives
1592 925 1725 993 sim
1780 943 1854 996 et
1906 927 2311 1027 locupleta-

185 1034 343 1104 tuS,
395 1034 472 1087 et
523 1015 796 1088 nullius
853 1045 1039 1116 opus
1095 1019 1429 1108 habeam,
1486 1040 1560 1093 et
1610 1051 1761 1095 non
1806 1027 1951 1098 scis
1997 1030 2201 1126 quod
2234 1049 2316 1101 tu

191 1119 306 1188 sis
361 1143 831 1189 aerumnosus
885 1137 959 1190 et
1007 1121 1485 1209 miserabiliS,
1541 1141 1614 1195 et
1666 1151 1971 1224 pauper,
2024 1147 2101 1200 et
2151 1156 2315 1202 cae-

187 1243 355 1304 cuS‚
409 1235 486 1287 et
535 1219 796 1288 nudus.

354 1333 473 1398 18.
533 1317 824 1390 Suadeo
863 1320 1002 1392 tihi
1038 1346 1276 1392 emere
1323 1349 1367 1392 a
1400 1325 1519 1394 Me
1574 1351 1825 1396 aurum
1862 1328 2315 1427 exploratum

187 1419 386 1514 igne,
445 1437 528 1490 ut
577 1421 850 1492 ditatus
907 1422 1030 1508 εἰς,
1095 1440 1168 1494 et
1219 1424 1651 1496 vestimenta
1702 1427 1868 1498 alba
1920 1446 2002 1499 ut
2054 1431 2311 1501 indua-

185 1520 316 1608 ris,
373 1543 470 1589 ne
525 1538 872 1622 appareat
921 1521 1166 1620 pudor
1214 1524 1568 1596 nuditatis
1621 1544 1806 1611 tuae,
1873 1545 1945 1599 et
1997 1530 2313 1628 collyrio

187 1621 465 1718 inunge
521 1622 778 1695 oculos
833 1639 1001 1693 tuos
1037 1641 1120 1695 ut
1169 1623 1437 1695 videas.

346 1739 464 1803 19.
521 1727 677 1820 Ego
733 1748 1216 1821 quoscunque
1277 1749 1481 1813 amo,
1570 1751 1793 1824 arguo
1862 1748 1935 1801 et
2000 1732 2306 1828 castigO,

189 1822 352 1894 zelo
407 1849 540 1919 age
593 1849 766 1921 ergo
820 1841 893 1894 et
925 1825 1300 1922 resipisce.

345 1939 462 2003 20.
523 1929 721 1996 Ecce
777 1941 884 1996 sto
939 1925 1034 1996 ad
1087 1926 1355 1996 ostium
1406 1944 1480 1997 et
1530 1927 1747 2025 pulso
1764 1981 1785 2016 ,
1846 1931 1907 2000 si
1962 1931 2127 2027 quis
2182 1958 2305 2002 au-

187 2023 412 2096 dierit
465 2051 721 2097 vocem
773 2051 1038 2113 meam,
1105 2043 1178 2096 et
1230 2029 1600 2124 aperuerit
1655 2031 1955 2116 ostium,
2014 2032 2305 2104 intrabo

188 2124 283 2195 ad
333 2125 560 2208 illum,
618 2143 692 2196 et
743 2127 1075 2198 coenabo
1131 2151 1296 2198 cum
1348 2124 1481 2198 illo
1536 2146 1609 2199 et
1661 2129 1785 2200 ille
1840 2133 2147 2202 Mecum.

343 2241 460 2304 21.
519 2229 868 2314 Vincens,
923 2228 1117 2300 dabo
1170 2229 1238 2298 ei
1277 2227 1533 2299 sedere
1574 2231 1861 2300 Mecum
1904 2232 1982 2300 in
2034 2232 2302 2306 throno

184 2351 391 2413 meo,
461 2329 652 2398 sicut
721 2347 795 2400 et
845 2332 1003 2424 Ego
1065 2331 1241 2417 vici,
1323 2347 1399 2400 et
1452 2329 1675 2401 sedeo
1730 2355 1897 2400 cum
1947 2336 2158 2402 Patre
2225 2335 2300 2404 in

185 2426 496 2499 Throno
547 2429 744 2526 Ejus.

351 2542 471 2695 122.
533 2528 825 2600 Habens
891 2555 1136 2602 aurem
1199 2531 1449 2602 audiat
1515 2530 1695 2626 quid
1759 2530 2058 2628 spiritus
2121 2532 2304 2604 dicit

187 2627 348 2698 Ecc
382 2628 571 2698 esiis.
1077 2635 1080 2640 ’

747 2831 1723 2892 EXPLICATIO.

351 3015 380 3068 1
400 3014 515 3070 81.
567 3012 754 3071 Vers:
804 3013 833 3068 1
870 3009 948 3067 ad
980 3011 1038 3067 6.
1102 3007 1195 3068 Et
1231 3006 1481 3100 Apyelo
1515 3009 1587 3069 in
1614 3008 1934 3070 Sardibus
1967 3007 2301 3072 Ecclesiae

180 3111 378 3172 scribe
394 3133 414 3172 .·
489 3110 640 3172 haec
686 3108 846 3169 dicit
891 3108 1122 3170 habens
1171 3113 1404 3188 septem
1449 3107 1741 3188 Spiritus
1779 3111 1919 3171 Dei
1959 3117 2019 3172 et
2064 3116 2299 3192 septem

179 3210 468 3283 Stellam
515 3211 665 3272 novi
698 3214 814 3274 tua
837 3228 1046 3290 opera,
1091 3208 1260 3292 quod
1291 3228 1513 3269 nomen
1548 3209 1777 3272 habeas
1811 3211 1979 3292 quod
2017 3213 2199 3274 viva-s
2234 3218 2296 3275 et

178 3317 476 3372 mortuus
507 3331 592 3372 es.
654 3309 821 3372 Esto
864 3309 1181 3390 viyilane,
1229 3315 1288 3368 et
1323 3309 1627 3389 confirma
1670 3309 1917 3392 reliqua
1964 3331 2123 3392 quae
2156 3330 2293 3372 mo-

178 3409 416 3486 ritura,
467 3431 589 3472 non
627 3410 794 3472 enim
833 3411 1045 3472 invem·
1085 3417 1200 3472 tua
1241 3429 1431 3490 opera
1453 3408 1651 3490 plena
1686 3431 1899 3474 coram
1931 3411 2099 3472 Deo.
2148 3410 2291 3470 Me-

175 3517 383 3572 mento
417 3512 630 3591 ἐρέτην
662 3510 970 3590 quomodo
1003 3511 1315 3592 acceperis
1351 3516 1413 3571 et
1452 3511 1740 3574 audieris
1756 3558 1771 3588 ,
1822 3517 1881 3570 et
1908 3511 2189 3584 observa,
2232 3514 2294 3568 et

175 3609 484 3690 resipisce
504 3634 525 3672 .·
581 3613 643 3672 si
691 3631 840 3690 eryo
882 3630 1007 3671 non
1057 3609 1467 3692 viqilaveri&
1521 3612 1767 3672 veniam
1814 3627 2007 3688 super
2040 3613 2100 3667 te
2141 3613 2289 3668 tan-

172 3731 368 3790 quam
407 3711 560 3790 sur,
618 3719 677 3772 et
725 3712 963 3772 nescies
1017 3731 1146 3791 qua
1191 3711 1350 3772 hora
1386 3711 1633 3773 veniam
1682 3728 1871 3788 super
1922 3713 1998 3768 te.
2071 3705 2293 3768 Habes

161 3795 386 3890 pauca
418 3811 681 3874 nomina
715 3813 908 3872 etiam
943 3812 1014 3872 in
1053 3810 1375 3873 Sardibus
1392 3857 1407 3886 ,
1456 3828 1615 3890 quae
1646 3829 1771 3870 non
1804 3806 2293 3886 inquinaverunt

175 3911 553 3973 vestimenta
578 3931 716 3987 sua,
765 3917 825 3972 et
861 3910 1269 3974 ambulabunt
1293 3910 1545 3972 Mecum
1580 3909 1653 3973 in
1685 3906 1867 3984 albi-s,
1907 3907 2060 3988 quia
2098 3905 2289 3988 diym‘

176 4018 342 4074 eunt.
434 4011 700 4075 Vimens
715 4058 732 4088 ,
789 4012 852 4073 is
902 4013 1201 4074 vestietur
1249 4011 1320 4073 in
1366 4008 1754 4072 vestimentis
1806 4005 1973 4071 albis
1988 4054 2007 4082 ,
2052 4015 2112 4070 et
2167 4028 2294 4072 non

176 4110 384 4172 delebo
423 4133 650 4174 nomen
693 4106 830 4195 ejus
881 4132 914 4170 e
960 4111 1118 4173 libro
1167 4113 1367 4184 vitae,
1414 4116 1474 4172 et
1514 4111 1842 4192 confitebor
1882 4130 2105 4172 ‘nomen
2153 4110 2292 4194 effus

177 4229 388 4274 coram
426 4213 630 4274 Patre
663 4233 814 4288 me0,
863 4217 924 4272 et
957 4231 1170 4274 eoram
1203 4210 1477 4292 Anyelis
1511 4209 1702 4294 Ejus.
1774 4211 2039 4274 Haben-5
2068 4231 2290 4274 aurem
