2700 4792
313 331 561 389 CAPUT
621 331 1025 392 SECUNDUM.
1692 335 1904 393 VERS=
1957 345 2050 400 14.
2208 349 2317 402 185

191 495 397 554 Num:
441 491 659 554 XXII:
703 473 824 553 33J
895 493 1182 554 Auditum
1227 513 1263 553 a
1305 495 1578 556 Bileamo
1622 500 1780 557 sicut
1826 499 2015 557 Asina
2062 498 2317 575 loquuta

193 597 280 656 sit
314 595 404 654 ad
443 593 646 670 illum,
702 594 813 654 sed
847 611 1040 670 usque
1083 613 1203 655 non
1247 595 1355 654 illa
1388 595 1641 673 loquuta
1676 603 1797 674 est,
1862 615 2071 658 verum
2110 599 2317 658 audita

84 746 89 753 .
194 704 297 757 est
329 695 588 773 loquela
619 696 776 754 sicut
809 695 885 753 ab
931 694 1066 771 illa3
1121 695 1281 773 quod
1312 698 1401 755 ita
1444 699 1552 771 sit,
1606 715 1719 774 per
1752 700 1949 758 vivam
1986 701 2311 777 experien-

191 801 344 857 tiam
399 796 550 856 mihi
601 799 846 872 saepius
897 802 1204 855 ostensum
1254 803 1378 871 est,
1440 797 1646 856 datum
1708 804 1802 858 est
1860 799 2067 860 audire
2124 817 2311 875 equos

193 900 362 958 sicut
397 896 745 973 loquentes,
803 896 963 972 quod
1003 903 1204 956 tamen
1250 914 1371 956 non
1416 904 1547 957 erat
1594 898 1669 956 ab
1707 898 1825 958 illis
1875 900 1985 958 sed
2024 903 2180 959 sicut
2240 901 2315 958 ab

196 997 366 1057 illis:
427 1015 563 1058 cum
603 996 874 1055 Bileamo
917 996 1234 1056 actualiter
1269 999 1355 1055 ita
1402 998 1627 1058 factum
1672 1005 1795 1072 est,
1850 999 1926 1058 ob
1966 1016 2213 1059 causam
2250 1007 2317 1059 ut

199 1097 654 1159 describeretur
687 1097 939 1156 historia
971 1094 1079 1155 illa
1114 1098 1173 1155 in
1212 1096 1419 1156 Verbo
1454 1105 1702 1175 propter
1742 1115 1984 1159 sensum
2019 1102 2313 1160 internum

197 1202 262 1258 in
311 1198 576 1276 singulis
591 1242 608 1273 ,
661 1199 722 1255 in
785 1213 904 1274 quo
961 1197 1321 1257 describitur
1374 1199 1669 1274 quomodo
1731 1199 2024 1259 Dominus
2088 1207 2318 1260 tutatur

195 1300 340 1360 illos
398 1301 502 1376 qui
535 1301 598 1357 in
632 1300 792 1360 veris
831 1305 890 1358 et
939 1297 1112 1357 bonis
1158 1305 1323 1372 sunt,
1382 1316 1457 1358 ne
1500 1297 1817 1359 laedantur
1846 1317 1901 1358 a
1953 1301 2174 1359 talibus
2218 1305 2319 1378 qui

197 1400 538 1478 loquuntur
573 1400 858 1475 quasiex
890 1397 1323 1468 illustratione,
1388 1407 1447 1458 et
1480 1405 1681 1460 tamen
1714 1403 1976 1459 animum
2020 1409 2083 1460 et
2115 1402 2311 1462 inten-

203 1503 432 1560 tionem
477 1498 806 1558 seducendi
839 1506 1057 1576 gerunt
1067 1518 1084 1575 ;
1141 1502 1242 1575 qui
1279 1500 1471 1559 credit
1522 1499 1681 1576 quod
1731 1500 2039 1560 Bileamus
2078 1503 2316 1578 potuis.

203 1607 298 1661 set
349 1599 602 1661 laedere
653 1599 806 1658 filios
857 1599 1104 1659 Israelis
1162 1617 1274 1676 per
1318 1602 1711 1677 praestigias,
1764 1601 2016 1660 multum
2068 1599 2313 1677 fallitur,

201 1720 343 1761 nam
396 1700 760 1779 praestigiae
794 1699 941 1758 nihil
977 1702 1296 1777 quicquam
1331 1700 1667 1760 valuissent
1702 1709 1911 1760 contra
1952 1701 2107 1776 illos,
2150 1701 2313 1778 quod

207 1806 397 1863 etiam
431 1804 564 1878 ipse
598 1800 908 1860 Bileamus
945 1801 1196 1869 fatetur,
1261 1800 1510 1860 dicendo
1559 1819 1731 1875 „non
1776 1799 1945 1862 valet
1996 1801 2315 1862 divinatio

204 1909 430 1964 contra
483 1900 820 1976 Jacobum,
875 1917 985 1962 nec
1005 1900 1411 1980 praeetiyiae
1456 1906 1673 1961 contra
1715 1899 2072 1962 Israelem“
2120 1903 2313 1962 Num:

203 2003 461 2064 XXIII:
505 2003 617 2062 23.
685 1999 863 2078 Quod
898 2002 1204 2061 Bileamus
1243 2002 1535 2061 seducere
1574 2004 1871 2078 potuisset
1909 2003 2079 2062 illum
2113 2021 2314 2081 popu-

205 2105 336 2164 lum
376 2103 544 2180 dolo,
601 2109 733 2161 erat
773 2117 960 2162 causa
1004 2103 1146 2177 quia
1184 2101 1445 2179 populus
1483 2102 1585 2160 ille
1630 2102 1767 2162 talis
1803 2104 1915 2162 fuit
1954 2104 2313 2179 corde,.Je-

205 2204 429 2264 hovam
473 2203 646 2263 modo
706 2219 810 2262 ore
868 2201 1146 2262 colebant
1193 2203 1303 2262 sed
1350 2201 1777 2279 Baalpeorem·
1802 2204 2011 2280 corde,
2076 2211 2136 2264 et
2174 2207 2319 2281 quia

208 2306 368 2365 tales
417 2310 586 2364 erant
605 2348 623 2379 ,
679 2303 814 2362 ideo
859 2303 974 2364 hoc
1010 2305 1373 2379 permissum
1418 2303 1549 2362 suit.
1642 2302 1967 2364 Praeterea
2004 2306 2315 2365 sciendum

211 2412 340 2480 est,
399 2405 556 2481 quod
588 2404 769 2480 homo
799 2406 994 2482 possit
1019 2405 1080 2461 in
1106 2404 1503 2464 illustratione
1532 2418 1669 2462 esse
1700 2405 1900 2478 quoad
1925 2405 2311 2479 intellectum,

213 2505 461 2563 tametsi
497 2506 558 2561 in
601 2504 754 2564 malo
793 2512 886 2564 est
937 2505 1134 2581 quoad
1173 2504 1577 2580 voluntatem3
1639 2503 1895 2566 facultas
1946 2505 2101 2564 enim
2136 2504 2316 2563 intel-
2422 2572 2431 2578 .

222 2603 498 2664 lectualis
535 2612 808 2681 separata
844 2612 938 2664 est
984 2623 1024 2664 a
1059 2605 1346 2665 facultate
1382 2603 1721 2663 voluntaria
1759 2604 1920 2680 apud
1963 2621 2169 2664 omnes
2212 2606 2315 2680 qui

213 2721 336 2764 non
371 2707 703 2782 regenerati
741 2711 910 2780 sunt,
967 2712 1029 2765 at
1065 2706 1260 2766 solum
1295 2704 1458 2782 apud
1489 2703 1627 2764 illos
1666 2707 1766 2781 qui
1806 2705 2141 2782 regenerati
2179 2712 2317 2764 sunt

207 2823 395 2864 unum
449 2813 633 2884 agunt
644 2826 661 2884 3
716 2806 1054 2866 intellectus
1119 2807 1274 2866 enim
1323 2813 1417 2864 est
1474 2807 1659 2880 scire,
1724 2808 1987 2882 cogitare
2039 2812 2099 2864 et
2146 2805 2315 2882 loqui

207 2923 388 2981 vera,
443 2905 767 2967 voluntatis
823 2914 1024 2967 autem
1073 2913 1168 2966 est
1209 2906 1369 2966 velle
1414 2905 1521 2964 illa
1570 2923 1726 2982 quae
1776 2905 2081 2982 intelligit,
2136 2913 2196 2966 et
2241 2921 2317 2964 ex

209 3007 518 3066 voluntate
555 3024 666 3068 seu
703 3025 904 3067 amore
949 3007 1150 3067 facere
1193 3006 1326 3065 illa:
1384 3006 1735 3066 dissidentia
1767 3009 2077 3082 utriusque
2118 3023 2313 3084 appa-

208 3113 302 3165 ret
335 3108 653 3167 manifeste
693 3109 856 3184 apud
902 3110 1145 3184 spiritus
1194 3108 1387 3166 malos
1404 3152 1419 3182 ,
1476 3107 1713 3184 quando
1758 3106 1845 3167 illi
1884 3115 2311 3168 convertuntur

208 3207 287 3264 ad
323 3207 514 3267 bonos
577 3210 855 3285 spirituS,
923 3211 1100 3266 etiam
1147 3208 1488 3284 intelligunt
1535 3225 1681 3266 vera
1728 3214 1789 3266 et
1837 3227 2077 3286 quoque
2120 3223 2309 3284 agno·-
2336 3283 2349 3294 ι

213 3313 392 3364 scunt
426 3307 564 3383 illa,
624 3325 819 3384 paene
857 3311 1013 3367 sicut
1045 3308 1329 3367 illustrati
1381 3309 1605 3382 forent,
1672 3316 1767 3366 ast
1810 3315 1876 3367 ut
1934 3312 2193 3386 primum
2242 3324 2313 3366 se

207 3413 566 3467 convertunt
601 3409 676 3467 ab
710 3409 862 3479 illis,
923 3407 1176 3468 redeunt
1223 3408 1300 3467 ad
1342 3408 1669 3466 voluntatis
1714 3424 1861 3468 suae
1908 3425 2197 3476 amorem,
2252 3414 2313 3465 et

201 3506 357 3566 nihil
392 3509 524 3567 veri
562 3509 798 3582 vident,
849 3511 969 3567 imo
1004 3515 1226 3586 negant
1259 3508 1364 3568 illa
1400 3525 1554 3584 quae
1596 3507 1982 3581 audiverunt,
2042 3505 2313 3565 videatur

213 3609 278 3665 in
317 3605 522 3684 Opere
571 3609 646 3667 de
683 3608 886 3668 Conco
923 3627 1002 3667 m·
1049 3608 1330 3668 Ins-nuno
1360 3627 1433 3666 n:
1501 3610 1657 3668 153.
1692 3609 1853 3664 424.
1898 3607 2061 3664 455.
2134 3603 2312 3680 Quod

203 3706 566 3768 Intellectus
601 3710 663 3768 in
697 3709 1098 3768 illustratione
1132 3710 1326 3784 possit
1362 3725 1516 3782 esse,
1559 3708 1763 3766 datum
1790 3711 1882 3764 est
1908 3704 2131 3762 homini
2162 3721 2310 3779 pro-

200 3814 346 3886 pter
378 3809 895 3886 reformationem3
948 3811 1009 3868 in
1047 3807 1353 3868 voluntate
1392 3809 1545 3867 enim
1584 3805 1841 3865 hominis
1876 3802 2103 3862 residet
2136 3821 2310 3862 omne

201 3907 462 3978 malum,
515 3915 638 3968 tam
673 3911 735 3968 in
779 3909 938 3987 quod
971 3911 1270 3980 nascitur,
1307 3925 1487 3985 quam
1522 3908 1583 3964 in
1619 3904 1779 3983 quod
1816 3910 2009 3963 semet
2040 3904 2309 3964 introdu-

203 4010 318 4083 cit,
379 4015 441 4068 ct
483 4007 762 4070 voluntas
813 4027 936 4069 non
985 4009 1288 4070 emendari
1344 4013 1575 4085 potest,
1651 4007 1766 4064 nisi
1811 4005 1985 4064 homo
2042 4008 2195 4067 sciat
2252 4012 2312 4066 et

204 4125 317 4184 per
351 4108 722 4169 intellectum
769 4111 1060 4188 agnoscat
1104 4125 1250 4170 vera
1303 4115 1363 4168 et
1400 4108 1591 4182 bona,
1656 4112 1717 4167 et
1778 4123 2018 4184 quoque
2063 4107 2217 4166 lalsa
2252 4113 2313 4166 et

209 4209 400 4281 mala,
454 4209 720 4288 alioquin
763 4229 878 4272 non
915 4217 1120 4290 potest
1147 4211 1298 4270 haec
1323 4211 1590 4269 aversari
1629 4215 1687 4268 et
1718 4207 1823 4268 illa
1859 4224 2077 4268 amare.
2127 4205 2313 4266 Plura
