2700 4792
243 359 482 416 CAPUT
523 359 862 414 TERTIUM.
980 444 987 449 .
1680 363 1891 420 VERS:
1936 375 2028 428 18.
2186 377 2301 456 399,

157 525 497 600 gnitiones,
537 537 692 598 quae
719 520 1116 596 praecedunt,
1152 538 1222 580 ac
1257 523 1318 582 in
1345 523 1483 582 visu
1516 524 1777 584 naturali
1804 533 2101 603 apparent
2134 530 2291 590 sicut

157 623 358 694 credi,
409 639 530 680 non
567 623 736 698 prius
773 620 924 680 fiunt
957 620 1096 682 fidei
1115 667 1130 695 ‚
1165 621 1306 682 inde
1347 623 1631 700 estquod
1662 627 1829 684 visus
1874 630 2295 705 cognitionum,

158 726 268 800 qui
300 729 555 800 putatur
591 738 726 782 esse
767 721 939 790 fidei,
975 722 1224 781 recedat
1258 723 1334 781 ab
1370 722 1609 784 homine
1646 728 1987 788 successive
2025 739 2205 806 prout
2240 735 2291 792 is

157 825 372 900 incipit
409 822 570 882 male
606 825 870 898 cogitare
909 839 982 880 cx
1018 822 1175 882 male
1211 821 1401 896 velle,
1450 831 1511 884 et
1544 841 1783 903 quoque
1817 827 2045 888 recedit
2084 830 2160 889 ab
2186 831 2292 893 illo

155 933 302 1000 post
333 930 593 982 mortem
613 967 632 997 ,
687 939 820 982 cum
859 923 1036 980 homo
1075 923 1142 982 fit
1169 925 1453 1000 spiritus,
1492 928 1544 984 si
1576 942 1693 984 non
1731 929 2098 1004 cognitiones
2132 933 2290 990 irra-

157 1025 402 1084 dicatae
453 1029 592 1082 sunt
643 1026 804 1082 vitae
843 1025 1009 1100 ejus,
1064 1023 1180 1082 hoc
1229 1031 1353 1094 est,
1405 1025 1695 1084 voluntati
1755 1033 1859 1085 aut
1902 1031 2091 1088 amori
2138 1031 2290 1107 ejus.

155 1123 516 1185 must-retur
563 1123 678 1182 hoc
725 1142 840 1200 per
874 1126 1381 1199 comparationem
1419 1142 1554 1186 cum
1590 1127 1939 1186 ventriculis
1992 1131 2097 1205 qui
2133 1130 2298 1207 apud

157 1242 312 1286 aves
351 1232 418 1284 et
455 1224 618 1300 apud
651 1223 932 1282 animalia
969 1230 1165 1284 terrae
1185 1267 1200 1298 ‚
1254 1228 1357 1300 qui
1410 1232 1703 1284 vocantur
1738 1227 2075 1316 Venti-iculi
2108 1233 2295 1290 rumi-

156 1327 414 1399 natorii,
484 1327 547 1382 in
605 1324 720 1384 hos
775 1327 1034 1402 primum
1097 1325 1385 1403 colligunt
1447 1342 1621 1386 escas
1666 1342 1841 1402 suas,
1917 1335 1979 1388 et
2012 1330 2149 1390 dein
2183 1348 2294 1407 per

159 1426 394 1504 gradus
435 1431 756 1484 exsumunt
788 1425 960 1499 illas,
1015 1442 1088 1486 ac
1125 1425 1337 1499 edunt,
1394 1434 1459 1485 et
1492 1429 1579 1486 sic
1614 1430 1884 1486 nutriunt
1918 1433 2289 1509 sanguinem,

155 1527 251 1585 ita
283 1526 444 1586 flunt
475 1527 638 1584 vitae
687 1543 923 1585 eorum:
977 1511 1324 1586 ventriculis
1370 1527 1489 1586 illis
1538 1530 1967 1606 correspondet
2006 1535 2293 1592 memoria
2330 1540 2491 1604 [264]

159 1627 331 1705 apud
377 1626 712 1699 hominem,
782 1625 894 1685 hac
941 1627 1166 1703 gaudet
1211 1626 1391 1686 homo
1429 1628 1563 1688 loco
1602 1628 1867 1703 illorum,
1924 1634 2066 1714 quia
2110 1632 2288 1694 homo

161 1734 262 1787 est
297 1726 666 1804 spiritualis,
719 1729 784 1784 in
817 1727 971 1786 hanc
1006 1730 1264 1804 primum
1301 1728 1527 1805 colligit
1560 1727 1726 1790 cibos
1762 1733 2147 1808 spirituales,
2188 1737 2291 1811 qui

159 1837 308 1887 sunt
343 1828 747 1904 cognitiones,
799 1834 860 1886 et
895 1824 1032 1886 dein
1068 1831 1328 1888 exsumit
1360 1828 1499 1888 illas
1536 1831 1708 1906 quasi
1744 1834 2123 1908 ruminando,
2174 1834 2289 1896 hoc

161 1935 286 2004 cst,
327 1927 644 2005 cogitando
677 1935 736 1986 et
758 1927 1034 2000 volendo,
1073 1934 1134 1988 et
1169 1932 1515 2006 appropriat
1554 1930 1699 2004 sibi,
1742 1939 1801 1990 et
1834 1935 1921 1992 sic
1956 1933 2099 1994 facit
2126 1937 2286 1996 vitae

161 2045 346 2088 suae:
403 2047 482 2088 ex
515 2028 632 2086 hae
661 2031 1104 2105 comparatione
1131 2031 1371 2088 tametsi
1404 2029 1527 2090 levi
1564 2038 1841 2092 constare
1870 2039 2093 2108 potest,
2132 2036 2291 2112 quod

163 2133 538 2208 cognitiones
575 2129 692 2186 nisi
725 2129 1150 2205 implantentur
1185 2131 1346 2188 vitae
1393 2147 1505 2205 per
1544 2133 1809 2207 cogitare
1860 2139 1919 2191 et
1954 2133 2113 2194 velle
2148 2135 2289 2196 illas

167 2237 235 2290 et
263 2231 404 2290 inde
439 2231 641 2289 facere
665 2229 802 2288 illas
820 2274 837 2304 ,
879 2230 1104 2290 similes
1142 2233 1263 2290 sint
1298 2231 1455 2289 escis
1492 2247 1608 2288 non
1652 2234 1909 2291 comesis
1956 2235 2017 2292 in
2063 2239 2291 2296 ventri-

165 2332 324 2392 culis
361 2332 792 2404 ruminatoriiS,
847 2329 952 2389 ubi
985 2329 1083 2391 vel
1130 2336 1485 2408 putrescunt
1530 2331 1629 2389 vel
1666 2338 2039 2393 evomuntur.
2098 2336 2290 2397 Prae-

163 2439 346 2490 terea
391 2431 644 2490 circulus
691 2432 852 2489 vitae
885 2430 1140 2490 hominis
1177 2437 1272 2490 est
1323 2429 1527 2504 Scire,
1580 2430 1957 2507 Intelligere,
2014 2433 2191 2495 Velle
2230 2443 2291 2496 et

166 2531 442 2598 Facere,
489 2531 720 2590 inchoat
766 2534 920 2590 enim
964 2533 1090 2590 vita
1135 2531 1467 2608 spiritualis
1517 2530 1771 2590 hominis
1821 2548 1858 2589 a
1908 2534 2095 2604 scire,
2151 2535 2290 2594 dein

165 2633 554 2690 continuatur
584 2635 647 2691 in
677 2632 1050 2708 intelligere,
1103 2638 1318 2708 postea
1362 2633 1425 2690 in
1474 2630 1662 2706 velle,
1718 2637 1779 2689 et
1818 2631 2057 2700 demum
2090 2635 2152 2690 in
2186 2635 2283 2692 sa-

165 2749 337 2807 cerc3
393 2733 550 2791 unde
587 2750 826 2810 quoque
859 2739 1030 2810 patet
1043 2715 1068 2807 ,⁶
1117 2732 1276 2808 quod
1311 2733 1687 2808 cognitiones
1723 2733 1843 2790 sint
1876 2732 2055 2792 modo
2088 2735 2153 2791 in
2188 2735 2283 2791 in-

162 2834 350 2892 troitu
387 2833 464 2891 ad
495 2834 680 2892 vitam
708 2849 843 2892 cum
875 2835 938 2892 in
974 2835 1274 2906 memoria,
1315 2840 1377 2892 et
1404 2831 1565 2909 quod
1600 2849 1717 2892 non
1752 2831 1933 2909 plene
1960 2833 2285 2894 inhomine

164 2937 287 2994 sint
325 2951 504 3009 quam
533 2950 666 2992 cum
701 2936 762 2992 in
789 2934 990 3006 factis,
1033 2951 1104 2994 ac
1141 2951 1212 2992 eo
1237 2933 1475 3010 plenius
1516 2935 1577 2992 in
1602 2934 1774 2994 factis
1806 2951 1923 3012 quo
1952 2934 2189 3011 plenius
2225 2939 2287 2996 in

161 3034 478 3094 intellectu
525 3041 584 3091 et
611 3033 937 3094 voluntate.
991 3035 1178 3094 Porro
1208 3041 1517 3094 ostensum
1548 3041 1659 3109 est,
1702 3034 1864 3112 quod
1890 3035 2039 3096 fides
2078 3039 2286 3116 cogni-

162 3137 416 3209 tionum,
463 3142 780 3210 antequam
807 3134 874 3194 fit
896 3135 1046 3194 fides
1073 3136 1254 3209 vitae,
1283 3137 1362 3192 sit
1388 3134 1537 3193 fides
1566 3135 1869 3209 historica,
1904 3155 2058 3214 quae
2090 3139 2287 3215 qualis

163 3239 248 3294 sit
271 3242 484 3294 notum
517 3241 627 3309 est,
659 3235 823 3312 quod
847 3252 1064 3312 nempe
1081 3235 1361 3294 credatur
1383 3238 1469 3294 ita
1497 3251 1651 3308 esse,
1681 3239 1823 3312 quia
1845 3238 1999 3297 alius
2025 3239 2258 3300 dixerat
2268 3258 2285 3315 3

167 3337 284 3396 hoc
325 3343 650 3412 antequam
675 3335 742 3394 fit
775 3338 965 3412 ipsius
985 3335 1254 3395 ‘hominis
1291 3345 1386 3394 est
1410 3336 1671 3395 alienum
1708 3353 1818 3396 seu
1845 3339 2000 3398 alius
2034 3339 2289 3400 hominis

167 3437 334 3514 apud
369 3453 472 3511 se,
529 3443 592 3495 et
627 3453 864 3513 quoque
901 3443 995 3495 est
1029 3437 1167 3496 talis
1203 3435 1353 3496 fides
1388 3436 1703 3510 historica,
1760 3438 1953 3514 qualis
2004 3445 2097 3497 est
2130 3439 2283 3497 fides

166 3555 370 3598 rerum
405 3537 764 3613 ignotarum,
802 3555 940 3596 nam
977 3536 1191 3596 dicitur
1219 3537 1379 3613 quod
1413 3537 1710 3598 credenda
1744 3539 1865 3595 sint
1896 3539 2135 3596 tametsi
2168 3553 2287 3596 non

162 3637 616 3712 intelliguntur,
651 3639 770 3696 imo
807 3638 965 3714 quod
1003 3655 1118 3696 non
1152 3637 1589 3714 perscrutanda
1624 3638 1744 3694 sint
1778 3636 2106 3710 intellectu,
2149 3653 2285 3694 cum

165 3745 368 3796 tamen
405 3736 556 3796 fides
587 3738 916 3814 spiritualis
955 3738 1090 3796 talis
1129 3744 1238 3810 est,
1276 3747 1345 3795 ut
1380 3740 1441 3795 in
1475 3736 1581 3794 illa
1614 3739 1750 3810 ipsa
1777 3752 1923 3794 vera
1946 3735 2287 3806 videantur,

170 3845 232 3898 et
275 3839 366 3897 sic
423 3837 744 3896 credantur
756 3859 772 3914 3
827 3842 885 3897 in
933 3837 1116 3898 Coelo
1163 3855 1338 3896 nemo
1386 3836 1577 3896 credit
1628 3836 1871 3912 aliquod
1916 3851 2125 3893 verum
2172 3838 2293 3895 nisi

165 3939 373 3998 videat
428 3944 536 3996 aut
586 3938 805 3998 viderit
849 3939 1030 4015 illud3
1099 3939 1306 3998 dicunt
1354 3938 1544 4010 enim,
1614 3937 1747 4012 quis
1793 3941 1994 4012 potest
2040 3934 2287 3994 credere

172 4040 336 4116 quod
369 4040 456 4098 ita
491 4041 570 4098 sit
601 4041 719 4098 nisi
753 4041 984 4111 videat,
1035 4040 1188 4099 forte
1223 4042 1425 4115 potest
1470 4052 1607 4096 esse
1644 4035 1890 4111 falsum,
1947 4042 2009 4098 et
2041 4035 2287 4098 credere

167 4141 388 4200 falsum
427 4157 544 4198 non
581 4148 838 4216 possunt
871 4139 974 4200 alii
1009 4157 1188 4217 quam
1226 4139 1390 4215 mali,
1428 4155 1563 4198 nam
1604 4135 1744 4196 mali
1782 4153 1856 4195 ex
1892 4138 2049 4198 malo
2086 4139 2293 4199 vident

167 4241 352 4313 falsa,
405 4247 469 4300 at
502 4240 643 4300 boni
680 4257 756 4300 ex
787 4241 946 4300 bono
979 4240 1183 4300 vident
1217 4259 1399 4311 vera,
1436 4248 1496 4300 et
1524 4241 1662 4317 quia
1696 4236 1919 4298 bonum
1956 4245 2051 4300 est
2086 4257 2125 4298 a
2154 4239 2289 4299 Do·-
