2700 4792
329 317 334 321 ’
381 337 618 395 CAPUT
667 336 970 397 ramum,
1354 342 1379 374 ·-
1745 297 1965 393 VERS=
2008 349 2099 403 13.
2258 353 2325 406 τι

383 499 498 558 65.
547 497 626 557 Et
647 499 1056 576 praecinctum
1085 497 1164 557 ad
1188 497 1485 557 mamillas
1512 515 1669 558 zona
1702 516 1905 574 aurea,
1944 499 2104 576 quod
2136 503 2325 580 signi·

199 601 364 660 ficet
394 599 682 658 Divinum
707 600 942 660 Bonum
977 598 1267 672 similiter,
1307 604 1544 657 constat
1573 616 1649 658 ex
1674 599 2105 676 significatione
2140 619 2323 678 prae—

199 702 384 778 cingi
441 700 520 758 ad
577 699 874 758 mamillas
924 715 1112 774 zona,
1169 699 1329 776 quod
1374 701 1455 758 sit
1504 701 1775 758 investiri
1826 700 2026 777 quoad
2077 709 2323 781 pectu83

201 801 526 860 mamillae
565 806 626 860 et
659 818 814 858 zona
849 801 1156 874 dicuntur,
1209 800 1353 875 quia
1386 799 1687 858 mamillae
1714 817 1747 859 e
1782 807 2027 876 pectore
2064 809 2321 878 exstant,

207 909 282 962 et
318 918 476 958 zona
509 903 786 975 investit3
841 899 1002 976 quod
1037 901 1114 958 sit
1147 899 1435 958 Divinum
1470 899 1701 958 Bonum
1748 901 2083 976 procedens
2122 919 2157 960 a
2190 902 2321 961 Do-

206 1003 400 1075 mino,
443 1001 603 1077 quod
649 1000 1032 1077 intelligitur,
1087 1007 1180 1060 est
1230 1002 1372 1076 qnia
1418 1000 1639 1060 Pectus
1688 1003 1749 1058 in
1785 1018 2035 1076 genere,
2092 1007 2153 1060 et
2186 1002 2322 1062 Ma-

205 1101 426 1164 millae
459 1103 522 1159 in
575 1102 782 1179 specie
827 1100 890 1159 id
939 1100 1306 1177 significant:
1364 1099 1524 1176 quod
1570 1101 1650 1158 sit
1695 1101 1917 1159 bonum
1966 1101 2321 1176 procedens,

211 1209 318 1262 est
345 1204 488 1278 quia
515 1204 718 1260 omnia
743 1202 1092 1260 indumenta
1117 1201 1455 1276 significant
1478 1200 1585 1258 illa
1612 1218 1770 1276 quae
1798 1200 2145 1276 procedunt,
2184 1210 2325 1262 sunt

213 1304 386 1364 enim
433 1309 602 1360 extra
648 1317 867 1378 corpus
922 1318 994 1360 ac
1040 1299 1292 1361 induunt
1336 1299 1513 1373 illud,
1570 1303 1727 1360 sicut
1770 1301 1875 1360 illa
1910 1317 2066 1378 quae
2099 1319 2319 1380 proce·
2361 1311 2366 1318 '

219 1402 380 1462 dunt
417 1403 593 1466 etiam
630 1408 802 1462 extra
837 1414 1056 1478 corpus
1093 1407 1234 1459 sunt
1283 1407 1344 1460 et
1395 1403 1639 1479 cingunt
1668 1400 1847 1478 illud3
1904 1400 2063 1478 quod
2104 1404 2191 1460 ita
2224 1404 2319 1478 sit,

227 1508 510 1564 constare
541 1509 742 1578 potest
777 1519 851 1560 ex
875 1501 994 1561 illis
1035 1517 1190 1578 quae
1227 1502 1286 1559 in
1323 1500 1524 1576 Opere
1561 1501 1636 1560 de
1669 1501 1877 1560 Gonno
1910 1520 1989 1560 nr
2024 1501 2319 1574 Iuram»,

223 1601 304 1660 de
355 1599 664 1672 Vestibus,
727 1599 946 1678 quibus
991 1601 1180 1659 induti
1227 1607 1369 1659 sunt
1416 1600 1664 1676 Angeli,
1732 1619 1801 1660 n:
1860 1605 1993 1660 177
2036 1601 2113 1660 ad
2162 1603 2317 1676 182,

217 1707 469 1762 ostensa
511 1709 686 1772 sunt,
742 1702 904 1777 quod
941 1718 1159 1778 nempe
1199 1703 1455 1777 quisque
1483 1701 1761 1758 induatur
1796 1701 2067 1762 vestibus
2096 1719 2318 1760 secun-

213 1801 363 1860 dnm
399 1818 572 1860 suam
618 1800 992 1879 intelligendi
1039 1809 1100 1862 et
1137 1800 1413 1876 sapiendi
1460 1800 1862 1875 affectionem,
1930 1809 1991 1860 et
2038 1801 2192 1862 haec
2228 1809 2322 1862 est

213 1919 379 1979 qnae
425 1902 700 1977 procedit
735 1902 812 1960 ab
863 1901 1012 1969 illias
1069 1907 1163 1961 est
1199 1903 1357 1960 enim
1404 1901 1667 1978 sphaera
1718 1918 1871 1978 quae
1922 1901 2194 1978 procedit
2242 1903 2319 1961 ab

211 2005 555 2077 unoquovis
592 2002 826 2080 Angelo
856 2009 915 2061 et
941 2003 1193 2078 spiritu,
1247 2019 1405 2078 quae
1444 2008 1537 2060 est
1570 2000 1830 2077 sphaera
1857 2002 2185 2076 affectionis
2204 2045 2221 2076 ,
2260 2008 2323 2062 et

209 2108 474 2160 vocatur
508 2102 770 2179 sphaera
803 2105 965 2162 vitae
995 2103 1525 2181 eJu8,-secund11m
1560 2100 1715 2160 hanc
1748 2102 1869 2164 illis
1904 2109 2046 2160 sunt
2081 2107 2319 2177 veste83

211 2201 385 2278 quod
421 2203 542 2262 sint
577 2220 652 2262 ex
693 2203 828 2281 illa,
883 2220 1004 2262 non
1045 2209 1303 2282 apparet
1338 2219 1539 2262 eoram
1574 2202 1765 2262 oculis
1804 2219 2027 2272 eorum,
2066 2201 2175 2261 sed
2210 2219 2319 2262 us·-

211 2318 340 2378 que
392 2304 586 2362 sciunt
641 2303 800 2381 quod
844 2305 992 2379 sint3
1057 2303 1132 2362 de
1173 2294 1294 2362 'hac
1343 2303 1608 2379 sphaera
1656 2302 1934 2363 videatur
1973 2321 2045 2361 n:
2106 2304 2319 2362 2489.

213 2404 439 2462 4464«.
493 2405 702 2462 5179.
749 2405 957 2463 7454.
1013 2405 1226 2463 8630.
1305 2403 1397 2460 Ex
1428 2403 1523 2462 his
1572 2411 1847 2462 constare
1881 2408 2115 2480 potest,
2162 2402 2323 2478 quod

213 2501 604 2562 Vestimenta
638 2503 878 2562 Domini
916 2504 1251 2580 significent
1285 2504 1568 2578 Divinum
1602 2503 1935 2578 procedens
1945 2545 1963 2576 ,
2028 2500 2190 2576 quod
2227 2508 2321 2560 est

211 2601 508 2662 Divinum
544 2602 774 2662 Verum
799 2604 1024 2662 unitum
1051 2603 1274 2662 Divino
1300 2603 1467 2660 Bono
1486 2646 1503 2674 ‚
1542 2602 1703 2678 quod
1740 2600 1950 2678 implet
1975 2601 2319 2659 universum

213 2701 500 2772 Goelum,
545 2719 615 2761 ac
651 2703 833 2761 intrat
864 2705 924 2760 in
959 2705 1243 2762 interiora
1281 2705 1527 2778 mentia,
1575 2709 1637 2762 et
1670 2701 1775 2760 dat
1808 2703 1897 2772 ei,
1952 2701 2053 2777 qui
2091 2700 2319 2775 recipit,

207 2801 671 2880 intelligentiam
711 2810 772 2862 et
810 2806 1196 2879 sapientiam3
1254 2803 1370 2864 hoc
1404 2801 1759 2878 intelligitur
1786 2819 1895 2878 per
1926 2799 2093 2858 indui
2128 2801 2319 2858 vesti-

213 2905 435 2962 mentis
485 2903 657 2962 albia.
745 2901 904 2979 Quia
953 2904 1239 2963 Divinum
1281 2904 1517 2962 Bonum
1561 2902 1893 2979 procedens
1954 2899 2323 2978 significatur

211 3019 330 3080 per
380 3020 618 3078 zonam,
699 3021 822 3080 qua
864 3005 1278 3080 praecinctus,
1328 3002 1465 3064 ideo
1512 3020 1667 3062 zona
1718 2993 2052 3079 apparebat
2112 3017 2319 3075 aurea,

217 3117 335 3177 per
370 3119 576 3161 aurum
605 3105 762 3162 enim
797 3103 1168 3180 significatur
1206 3105 1429 3163 bonum
1456 3105 1692 3177 amoris,
1730 3103 2007 3162 videatur
2040 3120 2109 3160 n:
2160 3105 2186 3159 l
2208 3104 2235 3160 l
2257 3104 2319 3161 3.

229 3201 442 3260 1551.
499 3205 704 3264 1552.
767 3205 976 3264 5658.
1031 3207 1242 3264 6914.
1299 3205 1507 3262 6917.
1565 3205 1776 3262 9510.
1836 3205 2047 3262 9874.
2106 3203 2319 3261 9881.

221 3299 402 3376 Quod
447 3303 744 3363 mamillae
788 3306 1169 3363 nominentur
1219 3304 1355 3362 loco
1403 3305 1699 3379 pectoriS‚
1764 3303 1926 3379 quod
1966 3307 2097 3361 erat
2133 3318 2319 3378 prae-

213 3403 478 3463 cinctum
497 3419 685 3478 zona,
743 3410 839 3462 est
868 3405 1010 3479 quia
1035 3403 1334 3462 mamillae
1372 3402 1706 3478 significant
1732 3419 1995 3462 amorem
2030 3401 2319 3476 spiritua-

209 3501 372 3571 lem,
411 3508 472 3560 et
509 3509 724 3577 pectus
760 3504 961 3580 ipsum
995 3504 1214 3562 bonum
1253 3504 1415 3580 eju33
1468 3502 1569 3560 ille
1608 3520 1773 3584 amor
1810 3504 1988 3562 etiam
2016 3497 2323 3574 significa-

211 3607 316 3660 tur
337 3617 451 3678 per
485 3602 784 3662 mamillas
811 3602 974 3680 apud
999 3604 1240 3664 Esaiam
1277 3601 1577 3677 „Ponam
1600 3605 1660 3660 te
1684 3603 1757 3662 in
1780 3596 2323 3680 maynificentiam

211 3700 647 3775 aeternitatis,
701 3701 1022 3781 yaudium
1046 3701 1476 3782 yma-ationis
1510 3706 1571 3760 et
1608 3698 2035 3780 ymerationia
2046 3717 2075 3770 ;
2132 3715 2324 3775 auyea

211 3797 324 3861 lac
340 3801 644 3880 qem‘ium,
677 3807 738 3860 et
755 3800 1088 3863 mamillas
1101 3821 1326 3882 reyum
1345 3803 1585 3882 θαρρῶ(
1610 3801 1752 3860 LX:
1780 3792 1841 3889 [1
1866 3789 1951 3888 5.]
1988 3803 2016 3858 1
2038 3803 2107 3875 63
2146 3814 2323 3874 reges

213 3908 360 3960 sunt
391 3917 538 3960 vera
573 3919 648 3960 ex
682 3902 836 3962 bono
875 3921 910 3962 a
945 3903 1220 3976 Domino,
1265 3901 1547 3962 videatur
1586 3917 1773 3978 supra
1806 3920 1876 3960 n:
1922 3904 2003 3962 31
2034 3921 2051 3977 ;
2090 3898 2326 3958 mamil-

210 4000 315 4060 lae
357 4007 419 4058 et
455 4007 672 4076 pectus
711 4010 852 4060 sunt
885 4002 947 4062 id
983 4002 1238 4072 bonum,
1287 4002 1448 4078 quod
1484 4008 1579 4062 est
1615 4001 1837 4060 bonum
1878 4003 2096 4060 amoris
2139 4001 2323 4076 spiri-

211 4099 418 4158 malis,
459 4099 634 4176 Quod
659 4102 882 4162 Pectus
911 4103 1208 4179 significet
1233 4102 1455 4160 bonum
1486 4103 1703 4160 amoris
1729 4101 2079 4177 spiritualis,
2120 4107 2323 4162 estex

209 4200 752 4277 correspondentia
787 4219 918 4262 cum
960 4201 1171 4278 Coelo;
1217 4207 1407 4262 totum
1436 4202 1593 4259 enim
1624 4198 1873 4262 Coelum
1900 4197 2327 4274 correspondet
