2700 4792
325 371 563 428 cAPu‘r
619 369 962 430 Teanum,
1676 371 1889 430 vens:
1931 385 2025 436 ιτ.
2183 389 2289 454 371

177 535 352 593 etiam
389 529 687 608 signffieat
732 529 974 589 haurire
1008 547 1154 590 vera
1189 535 1252 589 et
1278 532 1679 610 ,commiscere
1710 533 1821 592 illa
1854 535 2058 614 salsis3
2112 539 2293 599 nudi-

178 640 330 693 tates
385 648 537 708 quas
606 632 1054 706 introspiciunt,
1117 631 1453 707 significant
1516 632 1987 709 deprivationem
2047 642 2177 698 veri
2236 647 2299 700 et

177 735 308 793 inde
345 732 778 809 intelligentiae
815 748 884 788 n:
931 733 1140 790 1073.
1183 733 1394 792 5433.
1439 735 1657 807 99603
1710 739 2091 811 praeputium
2138 740 2300 816 quod

177 833 560 906 revelabitur,
601 831 896 907 significat
921 834 1479 907 conspumationem
1512 833 1668 902 boni,
1712 853 1782 894 n:
1826 837 1963 896 205
1982 840 2041 896 6.
2076 840 2209 899 341
2228 845 2292 901 2.
2332 836 2493 901 [246]

184 938 308 995 341
329 935 400 993 3.
441 934 654 993 4462.
698 937 729 990 7
747 934 907 992 225.
945 937 976 990 7
994 933 1129 990 245
1151 951 1166 1005 3
1204 931 1397 1007 gloria
1421 933 1717 1009 significat
1742 935 2023 994 Divinum
2049 937 2298 1012 Verum,

173 1039 252 1093 ita
282 1033 595 1103 Verbum,
659 1051 728 1091 n:
788 1034 1002 1090 4809.
1067 1033 1276 1090 5922.
1337 1033 1550 1092 8267.
1598 1035 1812 1093 8427.
1874 1038 2094 1113 9429;
2156 1039 2297 1100 inde

177 1142 338 1213 patet
391 1133 534 1209 quid
567 1134 822 1191 vomitus
871 1133 1297 1208 ignominiosus
1343 1129 1531 1209 super
1563 1133 1769 1210 gloria.
1840 1135 2023 1211 Apud
2054 1137 2300 1215 Esajam

179 1235 324 1309 „Hi
357 1253 480 1314 per
512 1233 730 1292 vinum
768 1237 1012 1302 errant,
1054 1251 1176 1311 per
1215 1232 1487 1292 siceram
1525 1234 1847 1310 aberrant,
1904 1236 2200 1298 sacerdos
2236 1244 2299 1300 et

171 1336 482 1416 propheta
521 1337 738 1394 mant
777 1351 898 1411 per
943 1332 1241 1406 siceram,
1299 1332 1707 1395 absorbentur
1748 1355 1792 1394 a
1830 1336 1975 1396 vino
1992 1356 2023 1409 3
2081 1345 2299 1400 mant

179 1437 340 1498 inter
383 1434 700 1504 videntes,
761 1433 1040 1496 titubant
1073 1432 1363 1514 judicio,
1412 1434 1569 1512 quin
1618 1434 1745 1494 imo
1792 1455 2003 1497 omnes
2048 1456 2303 1499 mensae

170 1536 398 1618 plenae
431 1539 585 1595 eunt
623 1533 866 1594 vomitu.
902 1532 1262 1614 eyeetionis,
1307 1553 1433 1594 non
1461 1531 1653 1611 locus,
1697 1547 2027 1614 quemnam
2061 1537 2303 1600 docebit

179 1637 564 1698 scientiam“
606 1634 902 1695 XXVIII:
951 1641 1006 1693 7.
1052 1637 1121 1710 8;
1177 1637 1379 1694 vinum
1414 1642 1477 1694 et
1512 1639 1707 1696 sicera
1740 1655 1853 1713 per
1888 1655 2043 1715 quae
2080 1647 2303 1711 errant,

180 1739 516 1816 significant
548 1753 694 1796 vera
728 1737 912 1794 mixta
943 1735 1113 1794 falsis
1129 1755 1146 1810 3
1201 1735 1485 1795 sacerdos
1522 1743 1585 1794 et
1615 1739 1930 1815 propheta,
1964 1739 2302 1817 significant

181 1840 312 1898 illos
353 1841 458 1915 qui
493 1838 711 1896 docent
745 1836 902 1894 bona
947 1843 1008 1894 et
1041 1853 1212 1910 vera,
1269 1843 1332 1895 et
1366 1839 1427 1895 in
1462 1845 1645 1896 sensu
1694 1838 1997 1898 abstracto
2046 1840 2203 1900 bona
2238 1847 2302 1900 et

187 1957 324 1999 vera
357 1939 706 2013 Ecclesiae3
759 1937 1033 1996 videntes
1081 1939 1238 1995 inter
1289 1954 1440 2012 quos
1496 1946 1724 2012 errant,
1782 1939 2117 2016 significant
2162 1941 2299 2002 illos

183 2043 280 2115 qui
301 2042 500 2098 visuri
525 2044 730 2096 essent
755 2055 925 2112 vera3
963 2036 1222 2096 titubare
1249 2038 1498 2113 judicie,
1533 2040 1829 2114 significat
1852 2042 2297 2118 insanitionem3

183 2157 421 2200 mensae
461 2138 798 2215 significant
826 2140 1021 2196 omnia
1048 2155 1200 2213 quae
1229 2140 1521 2196 nutrirent
1548 2139 1921 2215 spiritualem
1945 2145 2147 2217 vitam,
2186 2159 2301 2219 per

183 2257 418 2300 mensas
471 2241 628 2298 enim
671 2238 1082 2314 intelliguntur
1131 2238 1247 2296 cibi
1297 2241 1400 2312 qui
1446 2255 1632 2313 super
1680 2242 1785 2308 iiS,
1841 2247 1903 2298 et
1938 2242 2053 2300 cibi
2106 2244 2299 2320 signi-

183 2342 357 2400 ficant
391 2342 590 2399 omnia
623 2357 766 2398 vera
801 2347 863 2399 et
895 2339 1082 2411 bona,
1140 2341 1278 2415 quia
1310 2338 1416 2396 issa
1450 2346 1587 2396 sunt
1624 2357 1777 2415 quae
1814 2343 2079 2400 nutriunt
2112 2345 2302 2405 vitam

183 2441 584 2518 spiritualem3
636 2440 732 2498 hic
767 2443 972 2515 itaque
1007 2457 1118 2515 per
1153 2455 1395 2498 mensas
1428 2438 1641 2515 plenas
1676 2441 1903 2497 vomitu
1950 2445 2297 2519 egestionis,

191 2540 590 2616 significantur
625 2541 836 2600 eadem
863 2533 1179 2600 falsificata
1209 2547 1268 2598 et
1294 2540 1649 2598 adulterata.
1695 2539 1876 2615 Apud
1893 2539 2111 2598 Mosen
2149 2540 2301 2614 „Ne

173 2637 454 2720 polluite
491 2659 596 2700 vos
653 2641 942 2702 omnibus
973 2639 1108 2710 hie,
1157 2641 1312 2719 quia
1358 2639 1643 2702 omnibus
1678 2638 1783 2699 his
1811 2636 2102 2717 pollutae
2148 2646 2301 2700 sunt

181 2746 432 2820 ymas,
496 2759 662 2821 quas
711 2739 862 2820 Eyo
911 2740 1092 2822 ejicio
1146 2759 1360 2801 eoram
1412 2740 1612 2811 vobis,
1676 2739 1843 2800 uude
1883 2736 2142 2819 polluta
2199 2746 2299 2802 eet

183 2847 372 2914 tem-a,
409 2846 470 2901 et
495 2842 766 2902 evomuit
793 2847 964 2902 tem-a
989 2841 1374 2902 habitatores
1402 2859 1569 2916 euoe,
1596 2841 1695 2901 ita
1720 2860 1845 2905 non
1869 2847 2100 2901 evomet
2125 2845 2301 2903 terra

183 2962 288 3004 voe
302 2989 317 3018 ,
375 2940 904 3022 quemadmodum
937 2941 1211 3003 evomuit
1257 2947 1474 3022 yentes
1506 2961 1665 3020 quae
1702 2947 1849 3002 ante
1890 2959 2001 3002 vos
2010 2945 2051 2976 “
2084 2943 2296 3002 Levit:

182 3043 426 3104 XVIII:
482 3044 592 3102 24.
638 3045 748 3104 25.
793 3047 920 3118 283
985 3045 1180 3118 agitur
1224 3043 1308 3102 ibi
1358 3043 1431 3101 de
1468 3045 1658 3102 omnis
1694 3045 1929 3120 generis
1966 3044 2297 3117 adulteriis,

183 3163 290 3221 per
307 3161 470 3221 quae
496 3145 558 3200 in
577 3159 760 3203 sensu
779 3143 1077 3220 spirituali
1103 3143 1511 3220 intelliguntur
1532 3147 1729 3204 omnia
1746 3162 1970 3220 genera
1986 3144 2297 3205 adultera-

182 3248 408 3305 tionum
434 3244 580 3304 boni
601 3249 661 3302 et
686 3244 1162 3303 falsificationum
1189 3246 1335 3313 veri,
1364 3261 1475 3302 seu
1501 3243 2039 3323 prophanatione53
2072 3251 2131 3306 et
2158 3247 2299 3322 quia

188 3346 344 3404 mala
367 3352 427 3405 et
441 3345 618 3418 bona,
647 3352 772 3402 tum
789 3345 942 3402 falsa
960 3345 1102 3402 mali
1137 3349 1197 3403 et
1210 3362 1359 3402 vera
1374 3343 1645 3402 boninon
1662 3352 1917 3421 possunt
1942 3346 2120 3410 simul
2140 3361 2297 3414 esse,

188 3450 326 3522 quin
367 3446 697 3522 ejiciantur,
734 3445 870 3504 ideo
899 3445 1116 3508 dieitur
1145 3445 1303 3520 quod
1333 3450 1509 3518 terra,
1548 3445 1663 3504 hoc
1694 3451 1803 3518 est,
1840 3445 2115 3504 Ecclesia
2144 3459 2290 3505 evo-

186 3549 402 3607 muerit
415 3561 544 3604 eos.
573 3547 666 3604 Ex
689 3545 784 3604 his
807 3561 960 3604 nune
977 3554 1252 3604 constare
1273 3551 1495 3621 potest,
1524 3544 1666 3621 quid
1684 3544 1977 3619 significat
1996 3558 2290 3602 evomere.

338 3647 504 3706 236.
577 3646 751 3722 Quod
811 3646 974 3704 dicas
1026 3645 1184 3722 quod
1229 3645 1398 3704 dives
1457 3645 1571 3702 sim
1627 3651 1687 3702 et
1732 3643 2167 3722 locupletatus,
2232 3648 2294 3701 et

184 3747 406 3806 nullius
443 3763 596 3822 opus
631 3746 914 3822 habeam,
967 3746 1128 3822 quod
1161 3745 1454 3822 significet
1486 3741 1663 3802 fidem
1700 3759 1923 3814 eorum,
1962 3742 2121 3819 quod
2156 3759 2291 3801 ere-

185 3846 323 3906 dant
383 3864 455 3906 se
503 3849 565 3907 in
611 3849 773 3906 veris
833 3864 970 3907 esse
1031 3863 1179 3924 prae
1227 3846 1393 3918 aliis,
1461 3849 1695 3902 constat
1739 3859 1815 3902 ex
1860 3842 2295 3920 significatione

185 3945 410 4022 dicere,
461 3946 623 4024 quod
655 3947 924 4006 involvat
945 3948 1010 4006 id
1045 3947 1204 4023 quod
1239 3946 1314 4005 ab
1348 3944 1467 4003 illis
1506 3943 1783 4018 creditur,
1825 3951 1885 4003 et
1922 3944 2063 4019 quia
2096 3943 2295 4020 agitur

185 4045 274 4106 hie
311 4049 390 4107 de
424 4047 545 4106 illis
603 4050 704 4123 qui
739 4049 800 4106 in
834 4049 967 4106 sola
999 4046 1115 4106 fide
1151 4054 1316 4121 sunt,
1370 4044 1506 4104 ideo
1542 4043 1741 4103 dicere
1787 4043 2085 4122 signifieat
2114 4043 2297 4106 fidem

187 4163 422 4224 eorum;
463 4154 784 4225 praeterea
819 4149 1018 4208 dicere
1055 4150 1116 4205 in
1143 4164 1328 4209 sensu
1365 4144 1661 4222 spirituali
1686 4145 1979 4222 significat
2008 4149 2295 4224 cogitare,

188 4252 320 4322 quia
347 4248 510 4324 quod
535 4247 748 4308 dicitur
777 4252 900 4310 exit
927 4267 998 4309 ex
1022 4249 1398 4322 cogitatione,
1437 4261 1507 4305 ac
1534 4248 1815 4323 cogitatio
1846 4253 1939 4307 est
1964 4245 2293 4324 spiritualis

1886 4349 1921 4402 2
1937 4349 1974 4403 4
2006 4345 2028 4368 '
