2700 4792
367 363 476 415 500
683 348 1172 440 APOCALYPSIS
1215 321 1653 407 nxpuciii.
1738 351 1785 420 ς.
1830 359 1962 414 m.
2016 360 2145 413 288.

361 511 590 576 rabant
639 507 960 574 Viventem
999 509 1070 571 in
1106 505 1362 572 saecula
1404 507 1820 582 saeculorum,
1870 515 1930 571 et
1967 510 2344 594 afficiebant
2382 531 2489 573 co-

361 631 560 675 ronae
599 629 757 674 cuae
799 628 1012 672 eoram
1033 657 1040 664 .
1059 608 1331 681 Tkrmw,
1382 609 1677 688 dieentes,
1730 609 2026 692 Diynue·
2044 631 2130 689 ee,
2183 611 2492 684 Domine,

361 711 642 794 accipere
673 708 957 793 ylo-riam
993 717 1054 774 et
1080 709 1373 772 honorem
1409 717 1472 773 et
1492 718 1895 794 potestatem,
1938 712 2095 793 quia
2125 709 2227 774 Tu
2254 713 2493 774 creasti

363 812 578 874 omnia
590 858 607 890 ,
661 816 723 873 et
751 831 876 893 per
927 808 1330 876 Voluntatem
1382 817 1561 874 tuam
1602 818 1752 875 eunt
1804 817 1867 873 et
1910 818 2125 874 ereata
2163 817 2324 874 eunt.
2400 813 2484 872 Et

365 933 502 973 cum
533 913 1139 974 dederuntAnimalia
1165 912 1415 990 gloriam
1444 919 1505 973 et
1531 913 1817 975 honorem
1846 921 1908 974 et
1935 915 2255 992 gratiarum
2285 914 2481 972 actio-

363 1032 519 1090 nem,
560 1013 854 1092 significat
888 1013 1174 1074 Divinum
1206 1013 1431 1074 Verum
1470 1021 1531 1072 et
1563 1015 1843 1074 Divinum
1881 1013 2135 1091 Bonum,
2174 1031 2244 1074 ac
2280 1013 2492 1074 Glori-

363 1113 732 1176 fleationem:
815 1113 1062 1174 Sedenti
1123 1132 1312 1192 super
1347 1113 1625 1188 Throno,
1692 1123 1753 1176 et
1810 1113 2056 1175 Viventi
2114 1117 2175 1174 in
2234 1113 2489 1174 saecula

362 1215 764 1291 saeculorum,
803 1215 1099 1292 significat
1135 1233 1172 1275 a
1200 1215 1333 1292 Quo
1372 1218 1568 1277 omnia
1596 1213 1766 1276 Coeli
1802 1221 1863 1275 et
1884 1215 2213 1290 Ecclesiae,
2252 1222 2315 1274 et
2342 1215 2489 1274 Vita

362 1322 642 1377 aeterna:
695 1314 1090 1394 procidebant
1139 1317 1351 1393 viginti
1405 1322 1464 1377 et
1500 1323 1760 1395 quatuor
1796 1315 2076 1377 Seniores
2122 1331 2326 1374 coram
2360 1313 2481 1376 Se·

362 1417 540 1478 dente
581 1433 768 1494 super
805 1415 1076 1493 Throno,
1115 1416 1411 1494 significat
1444 1415 1913 1477 humiliationem
1952 1421 2012 1476 ot
2046 1422 2186 1476 tunc
2221 1407 2483 1494 agnitio-

359 1535 496 1578 nem
538 1516 614 1576 ab
650 1517 770 1577 illis
809 1517 910 1593 qui
943 1518 1002 1575 in
1039 1515 1203 1577 Vero
1242 1535 1316 1576 ex
1350 1517 1509 1578 bono
1546 1523 1698 1578 sunt
1723 1517 1884 1595 quod
1918 1535 1956 1576 a
1986 1517 2488 1576 Domino-omnia

361 1617 531 1678 Coeli
567 1623 628 1676 et
663 1615 1008 1677 Ecclesiae:
1065 1625 1126 1677 et
1159 1616 1491 1677 adorabant
1524 1617 1843 1678 Viventem
1880 1619 1941 1676 in
1974 1617 2222 1677 saecula
2256 1633 2483 1677 sac-cu-

358 1717 576 1792 lorum,
633 1716 932 1794 significat
980 1716 1454 1778 humiliationem
1516 1723 1577 1778 et
1636 1724 1776 1779 tune
1824 1719 2182 1796 agnitionem
2236 1717 2397 1796 quod
2442 1735 2487 1776 a.

357 1817 614 1876 Domino
664 1816 812 1875 Vita
872 1823 1155 1876 aeterna:
1223 1824 1285 1878 et
1337 1817 1703 1897 abjiciebant
1758 1835 2011 1880 coronas
2072 1835 2216 1876 suas
2261 1832 2484 1898 ‚coram

360 1915 633 1991 Throno,
698 1915 994 1995 significat
1039 1917 1515 1980 humiliatIonem
1566 1923 1627 1980 et
1683 1924 1825 1979 tunc
1870 1919 2229 1996 agnitionem
2294 1917 2481 1978 corde

359 2015 520 2095 quod
554 2016 702 2078 nihil
734 2016 877 2077 boni
911 2033 984 2078 ex
1021 2017 1166 2093 illis,
1222 2019 1332 2078 sed
1369 2019 1530 2098 quod
1564 2037 1738 2080 omne
1772 2037 1811 2080 a
1843 2019 2129 2078 Domino:
2184 2017 2479 2094 dicenteS,

357 2118 570 2196 dignus
609 2135 674 2178 ee
701 2117 957 2178 Domine
995 2123 1268 2198 accipere
1305 2119 1556 2198 gloriam
1592 2126 1653 2180 et
1675 2117 1962 2180 honorem
1999 2127 2061 2196 et
2086 2125 2477 2197 potestatem,

356 2219 649 2296 significat
681 2217 960 2279 Meritum
996 2227 1058 2277 et
1090 2220 1397 2282 ‚Iustitiam
1452 2238 1607 2298 quae
1641 2220 1858 2280 Divino
1892 2219 2173 2280 Humano
2210 2219 2474 2294 Domini,

357 2319 516 2396 qnod
553 2337 630 2378 ex
667 2335 738 2379 eo
776 2321 856 2378 sit
893 2336 1066 2380 omne
1101 2320 1387 2381 Divinum
1410 2320 1641 2381 Verum
1676 2337 1747 2380 ac
1782 2321 2065 2382 Divinum
2102 2319 2355 2394 Bonum,
2410 2325 2483 2379 et

357 2419 656 2480 Salvatio:
697 2421 838 2497 quia
865 2419 958 2478 Tu
988 2423 1208 2480 creasti
1234 2422 1449 2496 omnia,
1488 2420 1783 2499 signifieat
1816 2420 1977 2498 quod
2006 2420 2084 2482 ab
2107 2420 2255 2498 Ipso
2280 2421 2481 2481 omnia

357 2523 679 2584 existentia
714 2527 773 2580 et
801 2521 922 2578 vita
949 2523 1047 2591 eit,
1081 2537 1153 2580 ac
1179 2520 1431 2580 Coelum
1466 2520 1583 2582 illis
1614 2522 1715 2606 qui
1740 2523 2066 2599 recipiunt:
2106 2528 2165 2582 et
2200 2539 2312 2598 per
2336 2519 2477 2580 Vo-

354 2618 645 2681 liiutatein
681 2628 843 2681 tuam
878 2628 1018 2680 sunt
1054 2627 1114 2682 ct
1149 2627 1353 2682 creata
1386 2628 1555 2696 sunt,
1614 2621 1914 2698 significat
1950 2622 2113 2700 quod
2146 2639 2256 2699 per
2289 2621 2475 2682 Divi-

357 2739 498 2784 num
531 2721 766 2782 Bonum
803 2724 953 2793 sint,
1006 2728 1066 2782 et
1100 2739 1210 2799 per
1245 2721 1531 2780 Divinum
1570 2719 1795 2784 Verum
1832 2715 2111 2784 existant.

513 2824 679 2883 288.
730 2823 808 2882 Et
842 2839 979 2882 cum
1026 2822 1318 2883 dederunt
1354 2822 1655 2883 Animalia
1704 2822 1956 2900 gloriam
1992 2830 2053 2883 et
2085 2822 2369 2882 honorem
2406 2829 2479 2881 et

153 2932 315 2994 [330]
353 2925 679 3002 gratiarum
715 2925 1039 2999 actionem,
1094 2923 1250 3001 quod
1285 2922 1581 3000 significet
1611 2924 1899 2986 Divinum
1931 2922 2159 2983 Verum
2198 2929 2257 2983 et
2289 2921 2477 2982 Divi-

355 3039 498 3083 num
555 3020 816 3097 Bonum,
887 3039 958 3083 ac
1017 3023 1539 3102 glorificationem,
1604 3029 1841 3084 constat
1901 3041 1975 3083 ex
2037 3023 2476 3102 significatione

356 3121 580 3201 gloriae
619 3126 678 3180 et
710 3120 982 3194 honoria,
1017 3140 1154 3183 cum
1189 3123 1265 3184 de
1301 3123 1582 3202 Domino,
1621 3124 1780 3202 quod
1814 3126 1894 3183 sit
1926 3123 2212 3184 Divinum
2239 3121 2474 3182 Verum

359 3229 420 3283 et
452 3223 736 3282 Divinum
769 3219 1036 3298 Bonum,
1093 3222 1301 3283 Gloria
1332 3223 1619 3284 Divinum
1646 3221 1905 3300 Verum,
1944 3241 2017 3284 ae
2050 3223 2257 3284 Honor
2289 3223 2475 3283 Divi-

356 3340 498 3383 num
532 3320 800 3398 Bonum,
857 3321 932 3383 de
969 3341 1089 3402 qua
1114 3326 1417 3402 sequitur3
1474 3331 1534 3384 et
1570 3341 1643 3384 ex
1678 3322 2107 3402 significatione
2142 3325 2473 3402 'gratiarum

359 3425 640 3501 actionis,
696 3421 858 3501 quod
917 3426 995 3482 sit
1043 3423 1433 3502 glorificatio:
1492 3424 1630 3502 quid
1689 3441 1802 3504 per
1850 3423 2339 3503 glorificationem
2371 3421 2473 3483 hic

354 3525 720 3604 intelligitur,
756 3527 1011 3602 primum
1047 3524 1278 3586 dicetur
1288 3544 1306 3601 3
1362 3524 1739 3603 glorificatio,
1796 3541 1930 3585 cum
1966 3543 2004 3584 a
2037 3524 2319 3592 Domino,
2371 3528 2467 3582 est

353 3631 687 3706 perpetuus
723 3625 979 3686 influxus
1014 3625 1216 3686 Divini
1251 3625 1404 3684 Boni
1438 3627 1585 3686 uniti
1610 3624 1829 3686 Divino
1855 3625 2021 3686 Vero
2058 3624 2220 3704 apud
2254 3623 2461 3699 Ange·-

354 3725 448 3787 los
486 3733 546 3786 et
581 3725 742 3804 apud
774 3725 1044 3787 homines
1057 3746 1075 3803 3
1129 3733 1191 3786 et
1226 3726 1392 3803 apud
1426 3725 1537 3786 hos
1576 3733 1636 3784 ct
1670 3725 1804 3786 illos
1841 3725 2193 3804 glorificatio
2227 3724 2469 3784 Domini

355 3833 452 3887 est
484 3829 780 3904 receptio,
839 3834 896 3886 et
944 3829 1166 3904 agnitio
1211 3826 1420 3901 corde,
1478 3825 1634 3904 quod
1685 3843 1859 3887 omno
1911 3827 2133 3888 bonum
2182 3831 2243 3885 et
2292 3837 2467 3884 omne

353 3942 566 3986 verum
600 3943 637 3984 a
670 3925 928 3987 Domino
963 3929 1070 4002 sit,
1111 3934 1172 3987 ct
1205 3926 1344 3987 inde
1384 3927 1573 3987 omnis
1608 3925 2031 4005 intelligentia,
2071 3925 2372 4004 sapientia
2406 3927 2468 3983 et

355 4021 641 4096 relicita35
693 4023 806 4084 hoc
853 4028 915 4084 in
975 4043 1158 4086 sensu
1206 4027 1503 4104 spirituali
1564 4027 1932 4106 significatur
1982 4045 2095 4105 per
2140 4025 2469 4104 gratiarum

353 4116 662 4174 actionem.
720 4119 928 4182 Omnis
958 4128 1136 4184 etiam
1164 4125 1513 4202 glorificatio
1540 4126 1799 4204 Domini,
1838 4145 1995 4210 quae
2022 4127 2087 4186 fit
2114 4127 2191 4185 ab
2219 4123 2470 4202 Angelis

355 4209 521 4269 Coeli
559 4218 618 4270 et
653 4214 728 4304 ah
763 4217 1100 4280 hominibus
1127 4225 1466 4301 Ecclesiae,
1508 4241 1621 4284 non
1660 4235 1753 4286 est
1786 4225 1865 4285 ab
1900 4229 2079 4304 ipsiS,
2134 4225 2242 4286 sed
2277 4225 2475 4283 influit
