2700 4792
427 369 536 423 342
840 357 1330 413 APOCALYPSIS
1376 359 1807 414 EXPLIGATA.
1892 359 1939 428 ὗ.
1981 367 2113 420 222.

367 504 374 510 ’
422 536 611 596 supra
662 535 728 577 n:
771 522 914 578 220
951 535 1055 595 pr:
1097 535 1235 576 nam
1269 517 1563 577 Dominus
1617 525 1712 578 est
1758 535 1943 595 supra
1978 516 2227 592 Coelos,
2284 523 2521 595 apparet

425 621 581 679 enim
624 617 742 678 illis
793 619 896 696 qui
944 620 1006 676 in
1061 617 1243 678 Coelo
1306 626 1448 678 sunt
1499 625 1567 676 ut
1602 617 1737 690 Sol,
1787 618 2067 678 videatur
2110 622 2175 678 in
2218 617 2411 695 Opere
2453 619 2521 677 de

423 717 633 778 Conno
679 737 758 778 m·
783 719 1057 779 Inmane
1093 737 1162 778 n:
1209 721 1289 777 11
1311 720 1346 777 6
1381 719 1457 778 ad
1506 723 1533 777 1
1554 721 1675 792 253
1722 720 2005 778 Divinum
2041 719 2182 778 inde
2206 718 2523 795 procedens

423 817 583 898 quod
616 826 864 879 vocatur
899 820 1183 881 Divinum
1219 817 1481 889 Verum,
1526 828 1586 878 et
1620 819 1779 896 quod
1812 819 1955 880 facit
1990 819 2243 878 Coelum
2276 822 2338 877 in
2370 835 2519 879 com-

421 921 590 978 muni
617 925 677 979 et
703 921 764 978 in
789 927 983 997 parte,
1013 926 1108 979 est
1135 919 1294 996 quod
1321 923 1383 978 in
1403 919 1607 979 Verbo
1633 919 1985 996 intelligitur
2008 938 2124 997 per
2144 920 2375 996 Deum3
2398 918 2521 978 inde

423 1025 520 1080 est
547 1020 706 1096 quod
730 1020 950 1098 Angeli
975 1019 1247 1080 dicautur
1273 1020 1351 1079 dii
1368 1065 1383 1094 ,
1424 1027 1485 1080 et
1512 1021 1673 1097 quod
1698 1021 1869 1080 Deus
1904 1023 1965 1080 in
1992 1021 2234 1098 Lingua
2259 1019 2523 1079 Hebraea

421 1119 658 1179 dicatur
679 1121 908 1180 Elohim
949 1124 1010 1178 in
1048 1120 1297 1197 plurali3
1351 1139 1425 1182 ex
1468 1121 1561 1180 his
1603 1128 1775 1198 patet
1810 1137 1916 1182 cur
1942 1121 2241 1180 Dominus
2281 1121 2375 1178 hic
2401 1119 2523 1178 dicit

420 1219 654 1280 Nomen
690 1220 810 1280 Dm
836 1241 964 1296 mni,
1005 1237 1075 1280 ac
1111 1237 1314 1298 supra,
1354 1222 1571 1282 faciam
1608 1223 1769 1280 illum
1806 1221 2151 1282 columnam
2189 1225 2253 1280 in
2288 1219 2523 1295 Templo

419 1319 542 1379 Dm
569 1339 697 1392 mm,
727 1339 794 1381 n:
831 1324 992 1394 219,
1032 1339 1102 1382 ac
1129 1322 1299 1394 infra,
1328 1322 1585 1382 scribam
1625 1339 1809 1399 super
1832 1321 2001 1380 illum
2033 1340 2255 1383 nomen
2284 1321 2521 1380 civitatis

418 1419 542 1479 Dm
575 1440 714 1496 mm,
761 1440 954 1481 novae
997 1421 1453 1500 Hierosolymae
1494 1441 1649 1499 quae
1688 1423 1999 1482 descendit
2036 1441 2070 1480 e
2112 1422 2301 1484 Coelo
2330 1438 2365 1478 a
2394 1420 2521 1477 Dno

419 1539 580 1596 mne,
627 1541 696 1581 n:
739 1525 901 1582 223.
973 1521 1150 1598 Quod
1198 1523 1462 1582 scribere
1518 1539 1703 1601 super
1750 1523 2010 1600 aliquem
2070 1525 2154 1583 sit
2186 1521 2517 1599 implantare

421 1622 609 1698 vitae,
651 1630 744 1683 est
778 1625 918 1699 quia
953 1623 1211 1684 scribere
1251 1632 1344 1682 est
1382 1642 1456 1684 ex
1492 1627 1807 1693 memoria,
1843 1625 2213 1700 cogitatione
2250 1630 2311 1682 et
2342 1626 2520 1679 mente

423 1723 694 1782 emittere
731 1726 792 1784 in
829 1723 1094 1783 chartam
1135 1724 1198 1782 id
1233 1724 1394 1801 quod
1428 1741 1885 1800 permansurum
1926 1732 2047 1798 est,
2092 1741 2279 1801 quare
2314 1725 2372 1780 in
2404 1720 2517 1796 spi-

422 1822 624 1880 rituali
661 1840 846 1882 sensu
882 1823 1178 1900 significat
1213 1825 1274 1884 id
1321 1825 1480 1900 quod
1514 1841 1974 1901 permansurum
2020 1832 2120 1884 est
2172 1827 2234 1882 in
2269 1825 2389 1886 vita
2418 1819 2515 1878 ho·

421 1924 626 1997 miniS,
690 1923 777 1982 ssli
835 1926 1186 2001 inscriptum
1247 1933 1309 1983 et
1367 1925 1813 2002 implantatum3
1876 1927 1964 2010 sic
2011 1928 2271 1984 vertitur
2320 1935 2514 1981 sensus

425 2022 718 2082 naturalis
755 2025 921 2083 vocis
955 2023 1118 2083 illius
1154 2028 1214 2084 in
1244 2040 1487 2084 sensum
1524 2025 1927 2102 spiritualem3·
1958 2043 2099 2084 nam
2136 2023 2404 2083 naturale
2436 2023 2517 2078 est

422 2123 686 2183 scrihere
723 2140 908 2200 super
943 2125 1154 2185 charta
1183 2132 1244 2184 et
1277 2128 1340 2184 in
1374 2125 1547 2196 libro,
1584 2126 1695 2186 sed
1728 2126 2043 2203 spirituale
2083 2133 2181 2186 est
2212 2121 2511 2184 inscribere

421 2226 612 2298 vitae,
665 2225 822 2300 quod
856 2225 921 2283 fit
956 2243 1093 2285 cum
1130 2225 1516 2304 implantatur
1558 2225 1697 2286 fidei
1732 2233 1795 2285 et
1828 2229 2041 2300 amori,
2098 2243 2238 2284 nam
2276 2239 2431 2282 amor
2464 2225 2515 2277 et
2626 2255 2628 2260 -

419 2324 572 2384 fides
606 2324 830 2385 faciunt
864 2328 1048 2385 vitam
1097 2327 1468 2402 spiritualem
1518 2314 1807 2386 hominis:
1864 2329 2007 2404 quia
2042 2327 2308 2386 scribere
2343 2322 2508 2396 signi-

418 2425 562 2485 ficat
594 2426 950 2503 implantare
985 2430 1162 2501 vitae,
1199 2427 1336 2486 ideo
1378 2430 1555 2486 etiam
1592 2428 1807 2486 dicitur
1840 2428 1916 2486 de
1942 2426 2231 2487 Jehovah
2266 2442 2371 2486 seu
2394 2423 2506 2481 Do·

418 2528 609 2602 mine,
659 2527 818 2604 quod
865 2528 1089 2588 scribat
1139 2533 1198 2586 et
1233 2530 1546 2604 scripserit
1599 2530 1658 2585 in
1693 2527 1905 2602 Libro,
1951 2545 2064 2604 per
2112 2528 2275 2605 quod
2307 2521 2506 2584 intelli-

419 2632 579 2704 gitur
613 2628 674 2686 id
711 2627 868 2706 quod
906 2645 942 2686 a
976 2628 1232 2686 Domino
1279 2631 1633 2704 inscriptum
1684 2634 1779 2686 est
1814 2631 2047 2705 spiritui
2082 2629 2367 2695 hominis,
2410 2623 2509 2681 hoc

421 2737 546 2805 est,
611 2730 742 2806 ejus
788 2729 951 2787 cordi
1011 2735 1072 2787 et
1126 2730 1391 2802 animae,
1452 2745 1561 2788 seu
1611 2727 1770 2804 quod
1816 2728 2006 2803 idem,
2066 2729 2202 2805 ejus
2250 2726 2427 2786 amori
2456 2725 2507 2778 et

417 2829 594 2904 fidei3
649 2837 718 2886 ut
766 2827 926 2904 apud
959 2829 1257 2888 Davidem
1322 2875 1358 2902 „
1385 2827 1534 2887 Non
1584 2825 1781 2888 latuit
1826 2827 1916 2889 Te
1969 2847 2041 2887 os
2089 2847 2321 2900 meum,
2384 2837 2505 2883 cum

420 2929 634 2994 factus
671 2947 815 2988 eum
851 2928 922 2988 in
949 2926 1188 2989 occulto
1195 2973 1217 3007 ,
1261 2947 1451 3008 super
1479 2926 1678 2989 Libro
1718 2933 1828 2989 tuo
1870 2948 2078 2989 omnes
2117 2926 2344 3008 saepti
2376 2922 2506 2982 sunt

419 3027 587 3097 dies,
629 3027 854 3106 quibus
877 3029 1188 3108 formati,
1243 3035 1303 3089 et
1347 3047 1469 3090 non
1508 3049 1676 3090 unus
1720 3047 1799 3089 em
1832 3027 1975 3090 illis
2010 3029 2187 3090 deest
2206 3032 2243 3062 “
2290 3023 2500 3087 Psalm:

421 3128 770 3190 CXXXIX:
819 3130 923 3188 15.
971 3133 999 3186 l
1019 3131 1087 3188 6:
1145 3130 1307 3206 apud
1340 3129 1609 3190 Eundem
1671 3174 1703 3204 ‚,
1724 3127 2089 3192 Deleantur
2124 3150 2157 3189 e
2189 3128 2379 3190 Libro
2416 3119 2500 3181 vi·

418 3233 660 3304 tarum,
715 3233 774 3288 et
812 3248 952 3290 cam
975 3228 1187 3311 justis
1238 3249 1363 3290 non
1395 3229 1802 3292 scribantur“
1855 3231 2091 3290 Psalm:
2129 3228 2353 3290 LXIX:
2392 3221 2497 3282 29:

417 3331 581 3409 apud
625 3330 936 3389 Danielem
991 3375 1030 3405 „
1051 3329 1393 3409 Eripietur
1420 3328 1705 3409 populus
1754 3331 1991 3401 omnia,
2053 3330 2165 3409 qui
2212 3323 2501 3390 invenitur
2620 3317 2622 3326 '

420 3431 703 3512 scriptus
735 3430 806 3490 in
843 3429 1088 3492 Libro“
1131 3431 1285 3490 XII:
1333 3435 1395 3490 1:
1432 3431 1599 3507 apud
1632 3433 1842 3490 Mosen
1879 3429 2097 3507 „Dele
2122 3449 2221 3491 me
2243 3435 2497 3510 quaeso&

417 3530 616 3594 Libro
653 3549 831 3613 quem
872 3531 1230 3610 scripsisti:
1265 3537 1328 3591 et
1364 3529 1542 3591 dixit
1578 3529 1890 3606 Jehovah,
1942 3529 2134 3593 illum
2176 3530 2285 3612 qui
2296 3539 2493 3607 peeca-

219 3643 380 3709 [228]
419 3633 514 3693 vit
547 3631 749 3708 Mihi,
808 3629 1013 3692 delebo
1052 3651 1085 3690 e
1119 3629 1317 3692 Libro
1351 3633 1533 3692 meo“
1569 3632 1771 3692 Exod:
1809 3633 2091 3692 XXXII:
2136 3637 2245 3694 32.
2289 3629 2400 3688 33:
2442 3623 2489 3677 in

415 3733 788 3813 Apocalypsi
847 3777 886 3808 „
905 3731 1099 3793 Liber
1148 3732 1431 3812 scriptu-s·
1470 3733 1647 3792 intus
1704 3738 1765 3792 et
1816 3751 1857 3792 a
1892 3739 2099 3812 ter-90,
2154 3726 2491 3808 obsiynatus

413 3840 648 3915 septem
712 3829 961 3914 aiyillz‘s
975 3879 998 3912 ,
1065 3851 1244 3912 quem
1295 3851 1471 3894 nemo
1513 3833 1733 3912 potuit
1797 3832 2045 3913 aperire
2109 3850 2295 3914 quam
2338 3817 2488 3884 «wlff

413 3933 692 4015 Aynu8“
733 3937 810 3996 V:
857 3939 885 3994 1
954 3951 1096 4011 seq:
1171 3935 1313 3993 alibi
1379 3932 1805 4008 „Adorabunt
1842 3933 2105 3994 bestiam
2138 3947 2337 3994 omnes
2358 3935 2484 4003 quo·

349 4001 559 4116 ‘Qum
595 4055 721 4096 non
755 4035 1000 4115 scripta
1045 4037 1196 4096 aunt
1233 4035 1494 4096 nomina
1530 4033 1602 4094 in
1626 4032 1825 4096 Libro
1867 4034 2039 4094 vitae
2060 4033 2240 4114 Aym'
2258 4034 2295 4064 “
2335 4016 2483 4084 ΧΠῙι

425 4135 483 4187 s.
546 4132 702 4205 cap:
739 4135 951 4194 xm:
997 4138 1057 4194 8:
1096 4135 1256 4194 aubi.
1316 4181 1353 4210 „
1378 4133 1535 4198 Vidi
1582 4134 1751 4215 quod
1790 4133 1982 4196 [Aba
2020 4133 2228 4215 aperta·
2260 4129 2401 4194 sint,
2436 4117 2481 4174 et

419 4225 612 4285 Liber
655 4225 831 4291 alius
871 4237 1128 4310 apertus
1170 4235 1282 4313 qui
1314 4240 1409 4295 est
1444 4235 1639 4312 vitae,
1696 4241 1757 4294 et
1774 4233 2069 4319 judicati
2106 4238 2253 4296 sunt
2284 4212 2481 4289 mortui
