2700 4792
289 353 542 411 CAPUT
585 351 956 418 QUARTUM.
1691 351 1899 408 VERS=
1944 361 1996 412 6.
2154 364 2264 418 463

24 541 26 548 ·
99 523 268 576 sunt
301 513 508 586 mala,
547 519 610 572 et
645 527 822 588 reges
857 511 1030 570 multi
1065 517 1204 572 sunt
1235 511 1424 588 salea3
1478 512 1673 600 latera
1704 517 1903 573 terrae
1936 521 2077 574 sunt
2110 533 2265 592 quae

103 625 302 678 extra
341 613 688 673 Ecclesiam
710 656 727 682 ‚
765 617 826 670 et
863 629 1020 688 quae
1053 629 1174 672 non
1208 619 1350 672 sunt
1382 612 1725 682 Ecclesiae,
1779 619 1943 674 terra
1978 617 2135 688 enim
2173 623 2266 677 eet

99 716 453 788 Ecclesia3
513 731 628 776 vox
678 729 883 771 eorum
937 715 1094 771 sicut
1139 730 1305 772 mare
1341 713 1773 783 tumultuatur,
1826 721 1918 773 est
1963 715 2181 776 falsum
2230 734 2265 778 e

101 814 406 878 naturali
433 814 670 872 homine
699 829 765 872 se
795 813 1046 872 efferens
1075 819 1285 872 contra
1310 831 1521 872 verum
1546 813 1857 873 Ecclesiae
1867 834 1883 888 3
1912 817 2052 890 equi
2081 833 2269 893 super

103 918 362 996 quibus
409 917 708 990 equitant,
761 919 904 971 sunt
939 915 1254 972 ratiocinia
1301 931 1373 974 ex
1409 913 1667 972 fallaciis
1703 931 2006 973 sensuum.
2086 909 2267 992 Apud

104 1018 422 1080 Eundem
459 1012 794 1088 „Jehovah
829 1011 997 1073 dam
1025 1011 1221 1074 colem
1259 1013 1332 1074 in
1366 1010 1567 1074 lucem
1605 1011 1753 1088 diei,
1802 1019 2051 1076 statuta
2077 1012 2267 1077 lunae

101 1126 174 1180 et
223 1113 586 1179 stellarum
619 1112 688 1173 in
729 1110 926 1174 lucem
963 1113 1170 1174 noctis
1187 1158 1202 1185 ,
1259 1130 1643 1174 commovens
1687 1113 1875 1174 Mare
1912 1119 1986 1176 ut
2022 1114 2263 1178 tumul-

105 1223 410 1282 tuentur
426 1214 668 1293 fluctus
695 1213 874 1295 ejus“
929 1213 1179 1274 XXXI:
1215 1217 1336 1289 353
1376 1231 1487 1291 per
1512 1214 1703 1274 solem
1732 1232 1809 1275 ex
1840 1233 1959 1291 quo
1984 1216 2089 1276 lux
2126 1219 2266 1288 diei,

109 1318 520 1398 significatur
552 1314 772 1374 bonum
807 1316 1027 1373 amoris
1057 1314 1336 1374 coelestis
1368 1332 1443 1373 ox
1470 1331 1588 1390 quo
1614 1319 1923 1391 perceptio
1958 1319 2117 1392 veri3
2153 1336 2264 1394 per

112 1425 386 1481 statuta
417 1416 596 1475 lunae
633 1423 695 1472 et
728 1413 1036 1473 stellarum
1073 1432 1146 1473 ex
1186 1414 1404 1490 quibus
1440 1414 1543 1472 lux
1580 1417 1801 1489 noctis»,
1858 1417 2269 1491 significantur

114 1538 292 1581 vera
335 1533 412 1574 ex
447 1516 602 1574 bono
637 1514 968 1591 spirituali,
1025 1521 1085 1574 ct
1122 1532 1197 1574 ex
1234 1514 1698 1590 cognitionibuS,
1756 1533 1792 1572 a
1827 1515 2043 1590 quibus
2078 1515 2261 1576 intel-

113 1619 433 1699 ligentia3
485 1634 597 1692 per
644 1631 810 1674 mare
859 1614 1017 1690 quod
1051 1622 1475 1688 commovetur,
1534 1621 1593 1672 et
1628 1631 1737 1690 per
1770 1614 1989 1673 fluctus
2026 1617 2126 1693 qui
2162 1623 2263 1676 tu-

118 1720 535 1791 multuantur,
577 1714 986 1792 significantur
1011 1717 1348 1775 communia
1376 1717 1505 1774 veri
1538 1717 1599 1773 iu
1622 1715 1883 1774 naturali
1906 1715 2162 1792 homine,
2204 1724 2269 1777 et

126 1818 500 1880 scientifica.
583 1815 767 1892 Apud
818 1816 1062 1893 Esajam
1123 1859 1161 1890 „
1184 1813 1389 1894 [mpii
1436 1815 1604 1876 sicut
1650 1813 1837 1876 Mare
1896 1813 2263 1896 impulsum,

125 1916 402 2000 quando
438 1916 746 1996 quiescere
779 1933 904 1976 non
925 1920 1156 1993 potest,
1195 1915 1314 1976 aed
1337 1913 1599 1998 ejiciunt
1624 1935 1825 1996 aquae
1848 1916 1985 1998 ejus
2012 1936 2267 1980 coenum

131 2026 202 2080 et
231 2017 492 2080 lutum“
534 2015 736 2076 LVII:
773 2019 884 2088 203
932 2033 1043 2091 per
1078 2034 1246 2075 mare
1282 2016 1605 2096 impulsum
1636 2018 1797 2092 quod
1823 2020 2039 2093 impiiS,
2078 2021 2265 2094 signi-

135 2122 402 2182 ficantur
435 2117 746 2176 ratiocinia
782 2133 854 2174 ex
889 2115 1058 2174 falsis
1071 2137 1088 2191 3
1140 2134 1254 2192 per
1289 2133 1479 2191 aquas
1516 2131 1674 2190 quae
1726 2117 1971 2192 ejiciunt
2016 2135 2267 2177 coenum

143 2231 214 2280 et
256 2220 475 2292 lutum,
532 2216 940 2292 significantur
981 2219 1120 2292 ipsa
1164 2215 1346 2289 falsa,
1406 2231 1481 2274 ex
1530 2215 1750 2289 quibus
1801 2217 1961 2274 mala
1995 2220 2157 2276 vitae
2210 2226 2271 2278 et

145 2319 318 2376 falsa
352 2318 667 2376 doctrinae.
703 2316 882 2393 Apud
911 2316 1295 2376 Ezechielem
1331 2312 1756 2388 „Extendam
1780 2333 2042 2377 manum
2066 2335 2271 2378 meam

161 2434 356 2493 supet·
377 2414 821 2490 Philisthaeos,
861 2421 921 2491 et
947 2414 1324 2476 exscindam
1347 2411 1749 2487 Kerethaeos,
1789 2419 1849 2473 et
1864 2415 2140 2493 perdam
2164 2437 2267 2478 re-

159 2513 411 2594 liquias
459 2511 684 2604 litorie
711 2516 963 2578 munst
1018 2517 1235 2576 XXV:
1282 2520 1309 2574 1
1331 2519 1403 2590 63
1473 2531 1584 2590 per
1628 2513 2027 2573 Philiethaeos
2076 2518 2265 2591 signi-

147 2617 415 2677 ficantur
459 2617 556 2692 qui
601 2619 660 2676 in
709 2618 982 2678 doctrina
1031 2617 1104 2675 de
1141 2616 1273 2675 sola
1305 2616 1423 2676 fide
1434 2635 1451 2691 3
1508 2620 1569 2674 et
1605 2625 1723 2691 per
1749 2613 2035 2690 reliquias
2071 2615 2267 2674 litoris

148 2719 336 2778 maris
386 2733 538 2794 quae
586 2718 942 2794 perdentur,
999 2717 1407 2793 significantur
1442 2717 1639 2774 omnia
1674 2716 1820 2774 veri.
1900 2714 2093 2790 Apud·
2135 2714 2269 2772 Ho-

149 2819 397 2880 scheam
459 2861 498 2892 ‚‚
517 2815 670 2878 Non
721 2822 1004 2878 revertar
1057 2817 1147 2877 ad
1173 2815 1571 2895 perdendum
1611 2812 2071 2893 Ephraimam,
2115 2820 2269 2895 poet

149 2917 460 2980 Jelzovam
495 2917 676 2978 ibunt
691 2963 706 2990 ,
762 2923 821 2978 et
859 2937 1000 2978 cum
1038 2916 1266 2977 honore
1307 2915 1597 2976 accedent
1621 2911 1763 2996 filii
1798 2934 1842 2976 a
1879 2914 2050 2975 maa-2·
2062 2961 2076 2990 ‚
2128 2933 2271 2976 eam

145 3018 379 3104 Izopore
416 3016 750 3077 advenient
790 3017 959 3078 sicut
999 3016 1142 3078 avie
1187 3034 1268 3076 ex
1307 3016 1600 3096 Aeyypto
1613 3060 1630 3090 ,
1686 3022 1748 3075 et
1787 3015 1954 3077 sicut
1988 3013 2274 3078 columba

146 3139 180 3179 e
217 3124 394 3180 terra
429 3115 796 3196 Assyriae“
875 3118 1000 3178 XI:
1057 3121 1115 3177 9.
1163 3119 1191 3174 1
1211 3119 1272 3175 0.
1323 3120 1351 3174 1
1373 3121 1438 3190 1;
1494 3133 1604 3192 per
1637 3117 2022 3192 Ephraimum
2082 3120 2269 3194 signi-

145 3221 366 3280 ficatur
399 3215 676 3276 Ecclesia
711 3218 908 3294 quoad
953 3217 1322 3276 intellectum
1358 3219 1518 3290 veri3
1574 3235 1683 3292 per
1716 3216 1869 3276 filios
1918 3235 1955 3276 a
1991 3221 2138 3278 mari
2174 3220 2277 3294 qui

148 3318 469 3391 accedent,
525 3317 933 3394 significantur
969 3335 1112 3377 vera
1149 3334 1222 3376 ex
1259 3319 1559 3378 communi
1594 3318 1785 3390 fonte,
1844 3321 1947 3393 qui
1983 3327 2075 3378 est
2109 3319 2274 3378 Ver-

43 3415 48 3423 ’
146 3420 292 3479 bum
303 3439 322 3494 3
375 3434 486 3495 per
513 3433 684 3476 avem
723 3436 796 3477 ex
833 3419 1144 3494 AegyptO,
1181 3417 1549 3493 significatur
1582 3417 1975 3475 scientificum
2012 3435 2273 3476 concor-

149 3521 332 3594 dans;
387 3526 450 3578 et
482 3535 593 3594 per
627 3518 964 3577 columbam
999 3535 1074 3576 ex
1113 3525 1274 3576 terra
1300 3517 1626 3593 Assyriae,
1680 3515 2049 3591 significatur
2081 3517 2271 3572 ratio·-

145 3620 304 3679 nale.
361 3617 542 3694 Apud
577 3616 926 3677 Sachariam
963 3615 1094 3691 „In
1133 3615 1239 3676 die
1274 3613 1391 3674 illo
1428 3614 1690 3674 exibunt
1726 3631 1929 3692 aquae
1966 3612 2147 3672 vivae
2190 3629 2272 3672 eoe

147 3714 630 3797 Hierosolyma,
665 3737 828 3796 pare
853 3736 1072 3778 earum
1107 3715 1196 3778 ad
1221 3731 1398 3774 mre
1425 3709 1744 3784 orientale,
1783 3718 1844 3772 et
1860 3731 2025 3790 pare
2052 3731 2275 3773 earum

148 3818 242 3880 ad
280 3837 457 3878 mare
483 3817 856 3896 posterius“
911 3817 1083 3876 XIV:
1129 3820 1203 3884 8;
1257 3833 1367 3891 per
1402 3828 1591 3888 aquas
1649 3813 1819 3870 vivas
1872 3829 1947 3870 ex
1980 3812 2275 3870 Hieroso-

149 3920 316 3996 lyma
350 3918 762 3994 significantur
793 3935 940 3978 vera
987 3935 1062 3978 ex
1096 3914 1398 3994 spirituali
1432 3913 1655 3988 origine
1692 3913 1755 3968 in
1789 3911 2079 3980 Ecclesia,
2116 3927 2274 3986 quae

147 4037 300 4078 vera
333 4026 474 4078 sunt
510 4035 663 4094 quae
699 4021 1070 4095 recipiuntur
1103 4018 1179 4076 ab
1207 4016 1465 4089 homine,
1506 4010 1741 4088 quando
1782 4018 1875 4073 est
1906 4014 1968 4072 in
2002 4010 2269 4071 illustra-

150 4122 310 4178 tione
349 4136 386 4178 a
421 4120 676 4178 Domino
713 4135 848 4178 cum
883 4118 1030 4195 legit
1067 4118 1365 4193 Verbum3
1412 4112 1835 4190 Hierosolyma
1870 4120 1965 4174 est
1996 4112 2277 4174 Ecclesia

152 4219 349 4294 quoad
361 4219 718 4294 doctriuam3
746 4235 858 4294 per
883 4235 1048 4278 mare
1074 4217 1450 4294 significatur
1468 4213 1759 4274 naturalis
1785 4212 1983 4290 homo,
2012 4215 2072 4272 iu
2094 4231 2273 4292 quem
