2700 4792
404 370 514 424 120
823 355 1313 412 ArocALn’ffls
1358 355 1791 414 EXPLICATA.
1872 355 1921 424 ς.
1962 366 2086 420 100.

403 521 480 580 de
513 518 1094 595 appropinquatione
1125 515 1320 594 Regni
1339 515 1459 576 Dei
1484 532 1595 594 per
1620 517 1853 596 Ipsum,
1882 519 1969 576 ita
1998 533 2146 576 vera
2170 516 2497 596 Ecclesiae,

401 638 518 698 per
567 633 722 693 quae
777 619 1154 694 cognoscitur
1201 617 1499 678 Dominus
1554 623 1616 676 et
1672 619 2191 695 appropinquatur
2234 617 2505 694 Regnum

407 720 558 794 Dei3
599 715 874 794 Regnum
901 717 1020 778 Dei
1049 720 1106 776 in
1135 720 1306 778 terris
1345 725 1443 776 est
1468 717 1775 778 Ecclesia:
1815 717 2027 776 exinde
2056 723 2335 776 constare
2370 725 2508 794 pet·

411 827 505 880 est
544 817 688 895 quid
722 835 832 895 per
867 818 1194 895 Apostolos
1237 820 1298 876 in
1348 835 1533 878 sensu
1573 817 1869 895 spirituali
1904 817 2093 876 Verbi
2136 817 2507 895 intelligitur,

407 920 570 1004 quod
609 935 826 996 nempe
871 936 988 978 non
1041 918 1355 980 duodecim
1394 917 1671 996 Apostoli
1710 920 1813 993 qui
1850 920 2019 976 missi
2056 935 2093 976 a
2127 917 2393 978 Domino
2442 919 2515 976 ad

251 1029 372 1092 [ss]
415 1017 748 1082 docendum
785 1020 860 1079 de
892 1019 1038 1096 Ipso
1077 1027 1136 1078 et
1161 1018 1236 1078 de
1271 1017 1483 1095 Regno
1519 1018 1754 1096 IpsiuS,
1798 1018 1909 1077 sed
1944 1034 2149 1078 omnes
2190 1017 2281 1076 illi
2314 1022 2423 1102 qui
2458 1022 2514 1076 in

411 1121 586 1182 Veris
631 1119 938 1180 Ecclesiae
983 1127 1157 1195 sunt,
1215 1125 1276 1178 et
1311 1119 1615 1178 abstracte
1652 1135 1689 1176 a
1721 1120 1995 1195 personis
2044 1119 2179 1194 ipsa
2214 1135 2403 1178 vera:
2458 1122 2511 1176 in

409 1219 612 1282 Verbo
657 1223 812 1280 enim
853 1219 1102 1280 solenne
1153 1226 1246 1280 est
1281 1219 1357 1278 de
1390 1219 1675 1280 Perennis
1718 1219 1913 1294 loqui,
1972 1225 2035 1276 at
2078 1220 2181 1294 qui
2214 1220 2279 1276 in
2324 1235 2511 1279 sensu

411 1320 710 1400 spirituali
747 1321 879 1398 ejus
917 1325 1082 1395 sunt,
1133 1325 1201 1378 ut
1233 1326 1377 1378 sunt
1410 1319 1659 1395 Angeh,
1712 1318 1856 1378 nihil
1890 1335 2187 1395 personae
2224 1323 2510 1396 cogitant,

407 1422 516 1482 sed
555 1420 858 1480 abstracte
896 1420 971 1479 ab
1007 1419 1154 1494 illis,
1211 1420 1461 1496 proinde
1500 1419 1695 1478 solum
1734 1419 1807 1478 de
1842 1419 2055 1494 rebus3
2108 1435 2297 1479 causa
2334 1422 2509 1478 etiarn

409 1530 534 1597 est,
591 1523 732 1598 quia
785 1520 1098 1580 materiale
1148 1526 1240 1580 est
1282 1523 1546 1596 cogitare
1594 1519 1669 1578 de
1718 1521 2025 1596 personis,
2084 1526 2147 1576 at
2196 1519 2506 1595 spirituale

407 1625 676 1700 cogitare
715 1621 946 1698 absque
987 1621 1124 1680 idea
1157 1637 1457 1697 personae
1470 1641 1487 1696 3
1543 1622 1629 1680 sic
1668 1622 1845 1679 etiam
1888 1620 1990 1678 ubi
2034 1622 2420 1678 nominantur
2450 1623 2505 1677 in

413 1721 616 1782 Verbo
652 1721 983 1798 Discipuli,
1031 1721 1136 1780 ubi
1161 1719 1539 1798 Prophetae,
1581 1719 1687 1779 ubi
1722 1719 2115 1789 Sacerdotes,
2154 1720 2259 1778 ubi
2286 1720 2502 1797 RegeS,

407 1821 512 1882 ubi
548 1821 586 1881 J
593 1821 770 1880 udae-i
781 1865 797 1896 ,
867 1822 968 1880 ubi
1008 1820 1235 1892 Israe'l,
1301 1820 1405 1880 ubi
1448 1819 1839 1882 Habitatores
1874 1818 2077 1880 Zionis
2113 1827 2177 1880 et
2208 1819 2499 1880 llieroso-

405 1924 635 2000 lyntae,
673 1928 733 1979 et
772 1923 858 1982 sic
883 1939 1092 1998 porro;
1145 1923 1282 1998 ipsa
1319 1923 1501 1980 etiam
1532 1921 1785 1980 Nomina
1810 1937 2203 1997 personarum
2244 1929 2308 1978 et
2340 1921 2503 1982 loco·

407 2039 538 2082 rum
602 2027 917 2080 vertuntur
971 2023 1032 2080 in
1093 2039 1191 2082 res
1257 2021 1419 2098 apud
1481 2021 1777 2097 Angelos,
1860 2021 2137 2079 videatur
2196 2040 2269 2080 n:
2344 2025 2497 2080 768.

415 2125 627 2182 1224.
687 2124 896 2182 1264.
943 2125 1154 2182 1876.
1215 2124 1425 2182 1888.
1481 2121 1695 2182 4310.
1746 2124 1959 2180 4442.
2024 2123 2233 2182 5225.
2292 2123 2493 2182 5095.

413 2224 629 2282 6516.
680 2223 941 2282 10216.
1009 2221 1269 2282 10282.
1331 2225 1591 2282 10329.
1646 2222 1921 2298 10432;
1976 2229 2037 2281 et
2080 2223 2240 2298 quod
2289 2222 2500 2300 Angeli

409 2326 670 2400 cogitent
705 2322 1008 2383 abstracte
1043 2341 1080 2382 a
1115 2325 1409 2399 personiS,
1448 2341 1517 2382 n:
1560 2324 1771 2384 8343.
1808 2323 2020 2383 8985.
2058 2323 2270 2384 9007.
2330 2323 2499 2400 Quod

403 2423 710 2501 Discipuli
741 2423 986 2484 Domini
1022 2424 1166 2482 dicti
1201 2426 1322 2482 siut
1354 2423 1633 2499 Apostoli
1670 2441 1745 2482 ex
1782 2439 1854 2482 eo
1890 2423 2047 2499 quod
2079 2426 2247 2483 missi
2281 2427 2402 2483 sint
2426 2423 2499 2482 ad

405 2525 738 2586 docendum
779 2526 851 2585 de
892 2525 1038 2601 Ipso
1095 2531 1155 2582 et
1201 2523 1276 2583 de
1315 2524 1525 2600 Regno
1572 2524 1807 2600 Ipsius,
1866 2529 2036 2602 patet
2078 2524 2245 2601 apud
2278 2525 2499 2585 Lucam

405 2625 649 2702 „Jesus
696 2625 878 2686 misit
931 2623 1264 2686 duodecim
1315 2621 1705 2704 Discipulos
1752 2643 1905 2686 suos
1942 2624 2326 2703 praedicare
2370 2625 2499 2686 Re-

401 2747 601 2807 qnum
638 2725 780 2788 Dei
791 2747 818 2798 ;
871 2731 931 2786 et
957 2725 1196 2788 reversi
1227 2712 1531 2805 Apostoli
1552 2730 1974 2786 nam-averunt
2004 2723 2154 2805 Ipsa·
2188 2744 2497 2806 quaecun-

402 2846 517 2908 que
551 2827 881 2906 secer-tntu
943 2833 1001 2886 et
1059 2825 1252 2886 Jesas
1305 2823 1670 2905 loquebatur
1727 2823 1868 2886 illis
1917 2825 1995 2886 de
2039 2825 2265 2905 Reyno
2316 2825 2496 2888 De2·“
2569 2873 2576 2886 .

401 2926 528 2987 IX:
581 2929 638 2984 1.
685 2929 746 2984 2.
798 2928 904 2987 10.
959 2931 1081 2987 ll:
1135 2927 1320 3004 Apud
1354 2925 1623 2986 Eundem
1678 2923 1889 3001 „Cum
1922 2927 2150 3008 factus
2195 2931 2293 2986 est
2344 2926 2494 3000 dies,

401 3025 600 3086 Jesus
635 3027 878 3087 vocavit
913 3024 1303 3107 Discipulos
1350 3045 1534 3096 suos,
1586 3030 1647 3086 et
1678 3023 1921 3106 eliyem
1960 3047 2040 3087 ex
2078 3024 2220 3088 illia
2256 3026 2492 3088 duode-

399 3126 542 3196 cim,
577 3143 732 3204 quos
763 3133 822 3188 et
856 3125 1202 3208 Apostolos
1235 3126 1638 3188 nominavit“
1681 3127 1800 3186 VI:
1858 3131 1886 3186 1
1906 3129 1966 3186 3.
2019 3129 2204 3204 Apud
2228 3128 2495 3187 Eundem

403 3224 716 3302 „Mittam
747 3229 838 3290 ad
885 3226 1036 3290 illos
1087 3225 1449 3305 Prophetas
1484 3232 1543 3287 et
1577 3224 1953 3306 Apostolos,
2008 3233 2069 3288 et
2102 3246 2183 3290 ea·
2217 3224 2363 3288 illis
2396 3243 2495 3287 oc-

398 3324 606 3388 cident
639 3335 698 3390 et
719 3329 1221 3410 persequentur“
1257 3328 1381 3388 XI:
1437 3329 1551 3386 49.
1614 3328 1958 3406 Prophetae
1996 3335 2057 3387 et
2090 3327 2371 3406 Apostoli
2404 3327 2493 3388 di·

397 3436 638 3506 cuntur,
693 3434 832 3508 quia
882 3446 992 3506 per
1035 3425 1369 3504 Prophetas
1416 3445 1608 3505 aeque
1660 3444 1731 3488 ac
1766 3447 1875 3506 per
1908 3429 2235 3506 Apostolos
2272 3428 2492 3488 intelli·-

393 3537 612 3607 guntur
649 3534 750 3609 qui
785 3529 954 3588 missi
989 3528 1229 3586 suntad
1267 3529 1600 3588 docendum
1634 3545 1813 3600 vera,
1865 3530 1975 3588 sed
2008 3547 2117 3608 per
2156 3530 2488 3607 Prophetas

391 3630 479 3690 illi
518 3635 620 3709 qui
668 3635 729 3692 in
764 3629 974 3688 Veteri
1025 3627 1443 3704 Testamento‚
1510 3636 1568 3688 et
1614 3647 1723 3706 per
1776 3630 2101 3706 Apostolos
2150 3631 2238 3688 illi
2286 3631 2389 3706 qui
2432 3631 2491 3688 in

391 3731 594 3792 Novoz
659 3728 820 3806 quod
867 3728 1191 3805 prophetae
1236 3732 1298 3788 in
1353 3729 1557 3788 Verbo
1612 3729 1945 3806 significent
1994 3731 2279 3790 docentes
2330 3745 2491 3799 vera,

393 3837 455 3890 et
487 3830 793 3888 abstracte
831 3845 868 3886 a
905 3831 1180 3906 personis
1216 3832 1355 3906 ipsa
1390 3847 1565 3905 vera,
1625 3829 1903 3890 videatur
1934 3850 2007 3890 n:
2052 3831 2267 3890 2534.
2339 3828 2492 3904 Quia

391 3928 707 3990 duodecim
743 3927 1022 4006 Apostoli
1057 3930 1393 4006 significant
1425 3932 1563 4007 ipsa
1597 3947 1743 3990 vera
1786 3929 2131 4006 Ecclesiae,
2170 3931 2307 3990 ideo
2344 3929 2489 3991 dici-

389 4029 574 4086 turin
598 4027 969 4108 Apocalypsi
996 4074 1034 4106 „
1043 4028 1282 4092 Murus·
1307 4029 1531 4091 Novae
1552 4027 2048 4111 Hiero-solymae
2070 4029 2301 4091 habene
2324 4029 2487 4110 sun-

391 4125 690 4188 damenta
730 4128 1088 4204 duodecim,
1145 4135 1206 4191 et
1241 4131 1313 4192 in
1343 4127 1485 4190 illie
1519 4129 1806 4191 Nomina
1840 4129 2172 4193 duodecim
2206 4132 2485 4210 Aposto-

315 4277 323 4280 .
390 4223 597 4289 lorum
643 4229 870 4315 Aqni“
944 4230 1130 4292 XXI:
1205 4233 1323 4308 143
1391 4226 1548 4309 quod
1595 4249 1707 4308 per
1742 4249 1956 4292 novam
2009 4231 2486 4308 Hierosolymam
