2700 4792
313 341 572 434 CAPUT'
597 377 1000 448 sncunoum.
1648 379 1865 434 vane:
1920 390 2013 441 23.
2208 395 2317 446 «ιρι

193 546 527 616 percutere
577 545 830 598 matrem
876 553 1086 615 super
1105 537 1260 598 filios
1295 539 1377 597 sit
1411 539 1721 599 destruere
1756 543 1955 599 omnia
1988 541 2318 619 Ecclesiae,

193 658 262 697 n:
309 642 404 698 42
425 639 536 697 57.
603 637 784 714 Quod
811 638 1104 697 Dominus
1133 653 1202 698 se
1227 637 1443 697 dixerit
1468 639 1683 698 Filium
1710 639 1983 712 hominiS,
2010 645 2151 718 quia
2176 641 2321 719 Ipse

191 745 328 798 erat
363 725 658 798 Divinum
685 737 941 812 Verum,
989 744 1052 798 et
1085 739 1231 814 quia
1265 755 1439 798 omne
1477 757 1683 798 verum
1713 725 1883 800 Coeli
1918 747 1981 800 et
2006 741 2320 804 Ecclesiae

190 840 268 898 ab
303 839 462 916 Ipso
496 837 795 916 procedit,
846 853 1033 914 supra
1069 857 1141 897 n:
1185 839 1297 898 63.

365 942 395 998 1
413 941 452 998 6
469 943 528 998 7.
566 939 644 998 Et
671 945 1034 1032 cognoscent
1053 954 1260 996 omnes
1289 927 1651 1026 [Ecclesiae]
1680 940 1839 1016 quod
1852 940 1983 1016 Ego
2012 942 2124 1000 sim
2144 957 2316 1000 scru-

191 1047 340 1098 tans
367 1055 550 1098 renes
581 1044 642 1097 et
666 1038 866 1108 corda,
905 1039 1067 1115 quod
1091 1037 1389 1115 significet
1418 1040 1777 1115 agnitionem
1808 1041 2069 1098 omnium
2105 1043 2207 1116 qui
2242 1041 2319 1100 ab

192 1139 484 1200 Ecclesia
521 1146 690 1214 sunt,
732 1138 892 1215 quod
913 1138 1208 1198 Dominus
1241 1137 1409 1197 solus
1445 1141 1599 1198 sciat
1626 1144 1687 1198 et
1713 1139 1987 1215 exploret
2023 1143 2323 1200 exteriora

193 1247 258 1300 et
285 1241 608 1314 interiora,
649 1255 720 1298 ac
750 1255 904 1315 quae
930 1237 1071 1298 fidei
1098 1243 1158 1298 et
1179 1241 1397 1296 amoris
1434 1244 1601 1310 sunt,
1644 1245 1879 1298 constat
1904 1257 1979 1298 ex
2014 1239 2318 1316 significa-

191 1343 364 1400 tione
391 1343 678 1416 scrutari,
739 1355 875 1396 cum
914 1339 989 1398 de
1027 1338 1314 1413 Domino,
1365 1339 1524 1416 quod
1556 1341 1637 1397 sit
1664 1339 1825 1416 quod
1864 1337 2225 1400 Solus'sciat
2259 1347 2323 1402 et

193 1440 502 1516 exploret3
536 1457 610 1498 ex
631 1438 1062 1515 significatione
1090 1455 1318 1514 renum,
1364 1439 1525 1515 quod
1551 1441 1672 1497 sint
1698 1456 1845 1498 vera
1876 1439 2017 1498 fidei
2054 1445 2115 1498 et
2146 1442 2317 1516 puri-

194 1540 404 1600 ficatio
455 1555 661 1598 eorum
705 1557 742 1597 a
785 1538 954 1598 salsis
973 1583 990 1614 ‚
1043 1540 1118 1599 de
1165 1557 1286 1616 qua
1323 1541 1625 1616 sequitur3
1665 1544 1727 1598 et
1772 1557 1846 1598 ex
1888 1538 2320 1616 significatione

195 1639 504 1714 cordium,
551 1639 712 1716 quod
745 1641 865 1697 sint
909 1639 1070 1698 bona
1111 1643 1365 1698 amoris:
1413 1638 1572 1716 quod
1617 1638 1734 1700 Cor
1768 1639 2061 1717 significet
2097 1640 2321 1699 bonum

197 1742 447 1814 amoris,
489 1745 582 1798 est
615 1741 758 1816 quia
792 1738 908 1798 duo
945 1746 1086 1798 sunt
1121 1756 1278 1817 quae
1313 1745 1566 1816 regnant
1598 1743 1661 1798 in
1692 1738 1950 1816 homine,
1977 1757 2065 1806 ‚ex
2100 1739 2321 1818 quibus

197 1842 395 1900 omnis
428 1841 556 1898 vita
581 1841 848 1916 corporis
887 1840 1040 1916 eJuS,
1083 1856 1300 1916 nempe
1341 1839 1459 1899 Cor
1494 1845 1553 1900 et
1584 1839 1829 1917 Pulmo;
1870 1846 1931 1900 et
1954 1842 2097 1918 quia
2122 1843 2321 1900 omnia

195 1958 360 2017 quae
395 1943 458 2000 in
491 1921 748 1999 hominis
783 1955 1034 2016 corpore
1063 1945 1218 2012 sunt,
1255 1940 1727 2016 correspondent
1759 1940 1877 2000 illis
1907 1959 2063 2019 quae
2089 1943 2151 2000 in
2186 1941 2321 2019 eJus

197 2048 424 2116 mente,
465 2045 528 2099 et
559 2041 642 2099 ibi
677 2039 796 2098 duo
833 2057 1076 2118 quoque
1111 2046 1250 2099 sunt
1285 2057 1443 2117 quae
1479 2047 1747 2117 regnant,
1776 2059 1993 2118 nempe
2019 2040 2319 2102 Voluntas

197 2150 266 2202 et
310 2140 698 2214 Intellectus3
750 2139 904 2200 haec
954 2140 1096 2200 bina
1136 2124 1348 2216 Regna
1382 2141 1599 2200 Mentis
1650 2140 2121 2218 correspondent
2160 2141 2317 2201 binis

199 2244 406 2318 regnis
455 2243 754 2317 corporis,
807 2258 1024 2317 nempe
1061 2240 1337 2300 voluntas
1378 2240 1543 2300 cordi
1580 2247 1641 2300 et
1676 2241 1805 2318 ejus
1840 2241 2074 2318 pulsai,
2113 2259 2184 2300 ac
2223 2245 2319 2300 in·-

199 2342 488 2402 tellectus
529 2341 800 2418 pulmoni
835 2348 896 2400 et
931 2343 1061 2419 ejus
1098 2343 1502 2418 respirationi,
1555 2340 1783 2418 absque
1818 2341 1925 2400 illa
1960 2359 2319 2419 correspon-
2358 2345 2516 2409 [154]

199 2443 412 2502 dentia
461 2458 680 2520 corpus
733 2459 852 2500 non
905 2443 1082 2516 vivit,
1153 2459 1228 2501 ne
1285 2441 1527 2518 quidem
1586 2440 1886 2517 particula
1944 2442 2106 2518 ejus:
2176 2445 2319 2519 quia

209 2541 334 2600 Cor
373 2542 798 2617 correspondet
831 2541 1155 2617 voluntati,
1211 2545 1390 2601 etiam
1426 2541 1855 2619 correspondet
1888 2541 2043 2600 bono
2080 2545 2318 2618 amoris,

209 2647 280 2701 et
329 2643 472 2718 quia
515 2641 710 2717 pulmo
759 2642 1190 2718 correspondet
1237 2641 1598 2716 intellectui,
1654 2645 1834 2702 etiam
1888 2641 2321 2726 correspondet

201 2743 368 2801 veris
417 2740 556 2800 fidei
567 2762 586 2816 ‚-
637 2759 713 2802 ex
761 2743 876 2802 hac
926 2743 1459 2819 correspondentia
1512 2749 1606 2802 est
1656 2741 1816 2819 quod
1861 2740 1979 2801 Cor
2026 2740 2323 2818 significet

207 2859 506 2916 amorem,
549 2849 610 2900 et
645 2843 805 2920 quod
840 2845 1038 2901 anima
1071 2841 1365 2919 significet
1397 2842 1574 2900 fidem
1586 2861 1603 2918 3
1651 2842 1790 2901 inde
1828 2842 2107 2918 estquod
2140 2843 2321 2902 toties

205 2944 268 3000 in
296 2942 502 3002 Verbo
539 2942 774 3002 dicatur
813 2961 888 3002 ex
925 2942 1104 3004 corde
1148 2949 1210 3002 et
1247 2945 1473 3018 anima,
1512 2959 1624 3019 per
1664 2942 1825 3018 quod
1857 2941 2212 3020 intelligitur
2242 2959 2320 3002 ex

206 3059 412 3102 amore
449 3043 698 3104 et·fide:
739 3043 848 3102 sed
875 3044 1016 3120 quia
1051 3042 1124 3102 de
1159 3042 1274 3102 hac
1303 3042 1849 3118 correspondentia
1882 3041 2083 3102 multis
2119 3048 2321 3105 actum

203 3151 298 3202 est
331 3145 394 3202 in
428 3144 706 3203 Ancnms
744 3142 1180 3218 ConLEsmr-us,
1226 3143 1545 3202 videantur
1578 3141 1683 3201 illa
1716 3143 1801 3201 ibi
1834 3143 2071 3220 plenius
2109 3150 2316 3203 osten·

203 3259 300 3319 sa3
351 3259 604 3319 nempe,
663 3241 838 3320 Quod
875 3241 992 3302 Cor
1035 3245 1098 3300 in
1135 3242 1336 3302 Verbo
1390 3241 1685 3320 significet
1732 3261 2026 3320 amorem,
2078 3249 2139 3304 et
2179 3245 2323 3321 quia

205 3359 468 3402 amorem
507 3343 668 3420 quod
718 3345 899 3402 etiam
933 3341 1230 3418 significet
1264 3342 1667 3416 voluntatem,
1724 3339 1792 3402 n‘:
1850 3345 2062 3404 2930.
2108 3345 2321 3402 3313.

214 3443 424 3501 7542.
471 3445 681 3503 8910.
729 3444 940 3502 9050.
997 3445 1209 3503 9113.
1258 3445 1519 3503 10336.
1593 3443 1769 3520 Quod
1805 3443 1924 3504 Cor
1957 3458 2318 3517 correspon-

199 3542 342 3604 deat
389 3542 512 3602 illis
570 3560 726 3619 quae
779 3545 1000 3602 amoris
1055 3549 1196 3602 sunt
1247 3543 1412 3620 apud
1454 3543 1782 3612 hominem,
1846 3548 1907 3602 et
1941 3541 2154 3601 Pulmo
2197 3539 2319 3623 illis

201 3660 358 3720 quae
410 3648 552 3701 sunt
599 3643 740 3703 fidei
774 3642 934 3720 apud
987 3643 1186 3718 illum,
1239 3662 1310 3702 n:
1370 3645 1557 3703 3883
1611 3642 1703 3719 ad¹
1739 3643 1950 3701 3896.
2032 3637 2209 3716 Quod
2256 3637 2321 3698 in

202 3740 387 3803 Coelo
423 3744 506 3801 sit
537 3743 752 3820 pulsus
789 3743 986 3820 qualis
1023 3743 1252 3819 cordis,
1305 3749 1369 3803 et
1402 3742 1723 3819 respiratio
1764 3739 1959 3818 qualis
1995 3738 2316 3816 pulmoni8‚

199 3860 270 3902 n:
313 3844 532 3903 3884.
577 3844 790 3905 3885.
827 3845 1038 3904 3887.
1113 3842 1291 3920 Quod
1324 3843 1541 3920 pulsus
1591 3840 1785 3900 cordis
1834 3838 1917 3898 ibi
1964 3841 2043 3898 sit
2090 3853 2315 3898 secun-

201 3942 342 4002 dum
379 3947 605 4001 statum
643 3946 894 4019 amoris,
945 3949 1006 4002 et
1040 3945 1361 4022 respiratio
1396 3941 1697 4019 pulmonis
1733 3939 2060 4000 secundum
2096 3943 2319 3997 statum

198 4041 364 4117 fidei,
419 4060 490 4102 n:
536 4044 724 4104 3886
767 4043 845 4102 ad
883 4045 1097 4102 3889.
1185 4042 1362 4121 Quod
1409 4040 1669 4100 influxus
1725 4040 1922 4102 cordis
1970 4042 2030 4099 in
2076 4039 2317 4120 pulmo-

199 4158 333 4201 nem
387 4158 455 4202 se
506 4139 730 4203 habeat
779 4146 936 4202 sicut
978 4143 1234 4204 influxus
1281 4142 1425 4201 boni
1473 4143 1533 4198 in
1579 4139 1816 4217 vorum,
1874 4148 2000 4201 tum
2034 4144 2193 4200 sicut
2226 4143 2323 4200 in-

199 4240 392 4301 fluxus
444 4242 772 4302 voluntatis
831 4245 894 4303 iu
947 4244 1350 4317 intellectum,
1427 4247 1493 4300 ut
1546 4249 1607 4301 et
1652 4241 1984 4304 secundum
2034 4242 2323 4301 influxum

1003 4363 1006 4366 ·
1761 4343 1840 4399 15
1867 4336 1903 4376 *
