2700 4792
429 359 537 412 338
836 347 1323 403 APOCALYPSIS
1372 347 1800 404 EXPLICATA.
1886 349 1933 416 ᾗ.
1978 358 2103 409 239.

413 512 620 591 flcmt:
673 507 1008 583 dz‘oeerunt,
1063 525 1212 586 eryo
1261 524 1378 566 nos
1418 506 1587 568 caeci
1634 523 1857 568 sumus
1872 527 1901 579 ;
1982 506 2157 567 dimit
2195 505 2406 582 Jesue,
2456 509 2509 568 si

425 609 612 672 Caeci
638 608 868 669 essetis
906 628 1030 668 non
1061 607 1371 668 haberetis
1387 613 1745 686 peceatum,
1776 607 1925 690 jam
1961 625 2101 668 vero
2130 607 2341 668 dicitis
2364 606 2513 687 quod

424 710 784 784 videamus,
825 709 966 770 ideo
990 713 1324 788 peecatum
1363 711 1642 768 vestrum
1667 711 1927 768 manet“
1966 707 2078 767 IX:
2125 712 2232 768 39.
2274 711 2381 767 40.
2412 711 2511 781 413

422 829 534 889 per
567 827 688 870 non
723 809 992 874 videntes
1029 809 1437 885 intelliguntur
1470 807 1557 868 illi
1594 809 1696 884 qui
1724 815 1895 868 extra
1930 809 2265 868 Ecclesiam
2300 815 2431 866 sant
2462 815 2514 867 et

421 930 542 972 non
578 913 774 970 sciunt
819 928 966 970 vera
1027 913 1167 984 quia
1211 927 1330 967 non
1365 909 1587 967 habent
1622 908 1920 983 Verbum,
1977 912 2064 968 ita
2118 910 2367 983 Gentes3
2418 927 2511 985 per

422 1012 694 1072 videntes
742 1018 942 1070 autem
988 1009 1401 1085 intelliguntur
1448 1009 1530 1066 illi
1580 1014 1681 1085 qui
1716 1013 1872 1083 intra
1908 1009 2245 1070 Ecclesiam
2288 1016 2417 1068 sunt
2464 1014 2512 1067 et

421 1113 643 1172 habent
679 1111 973 1186 Verbum,
1031 1112 1116 1168 ita
1151 1109 1407 1184 Judaei,
1444 1109 1540 1168 ·de
1578 1110 1673 1168 his
1712 1111 1927 1168 dicitur
1965 1111 2129 1192 quod
2164 1113 2327 1171 caeci
2372 1109 2513 1176 fient,

423 1214 496 1274 de
549 1212 666 1272 illis
733 1219 931 1271 autem
995 1211 1154 1288 quod
1202 1211 1415 1285 visuri3
1483 1210 1643 1285 quod
1706 1211 1938 1270 dicatur
2004 1213 2168 1286 quod
2226 1215 2510 1288 peccatum

423 1331 628 1374 eorum
663 1318 902 1372 maneat
939 1315 1080 1389 quia
1117 1312 1319 1370 dicunt
1368 1310 1529 1387 quod
1574 1327 1694 1369 non
1730 1315 1897 1370 caeci
1945 1314 2068 1370 sint
2103 1314 2215 1372 sed
2250 1311 2399 1389 quod
2428 1312 2508 1367 vi-

422 1415 636 1488 deant,
694 1421 788 1472 est
825 1415 964 1489 quia
1009 1416 1071 1472 in
1105 1409 1381 1470 Ecclesia
1416 1417 1556 1469 sunt
1589 1411 1693 1470 ubi
1726 1411 2034 1486 Verbum,
2092 1419 2153 1471 et
2189 1421 2379 1472 tamen
2412 1401 2509 1470 non

423 1515 632 1575 volunt
676 1514 880 1575 videre
921 1522 980 1574 et
1014 1529 1340 1589 agnoscere
1380 1529 1540 1586 vera,
1580 1514 1665 1570 ita
1698 1530 1810 1572 nec
1838 1513 2197 1573 Dominum:
2253 1512 2380 1572 inde
2416 1517 2507 1580 est,

425 1615 585 1698 quod
623 1611 870 1674 Scribae
921 1621 981 1672 et
1013 1614 1328 1672 Pharisaei
1363 1613 1526 1688 apud
1560 1612 1831 1672 Judaeos
1870 1630 1907 1672 a
1944 1613 2205 1673 Domino
2243 1613 2377 1672 dicti
2410 1613 2509 1669 sint

425 1713 694 1790 „Duce-s
732 1713 899 1773 caeci
937 1715 1306 1774 caecorum“
1351 1711 1573 1771 Matth:
1603 1713 1743 1780 XV:
1786 1717 1894 1774 14:
1934 1713 2065 1774 Luc
2084 1709 2122 1774 ι’
2140 1715 2255 1774 VI:
2290 1716 2406 1786 393
2451 1727 2509 1768 ac

425 1813 692 1889 „Duces
719 1813 904 1884 caeci,
931 1811 1121 1874 stulti
1149 1817 1207 1872 et
1219 1811 1409 1893 fatui
1418 1815 1457 1846 “
1484 1812 1694 1872 Matth:
1714 1813 1956 1874 XXIII:
1998 1818 2025 1872 1
2048 1819 2107 1874 6.
2138 1819 2241 1875 17.
2282 1816 2379 1872 19.
2412 1815 2504 1870 24.

219 1923 378 1985 [257]
417 1907 598 1992 Apud
625 1915 666 1975 J
671 1915 962 1975 ohannem
1001 1959 1037 1989 ,,
1057 1912 1250 1974 Jesus
1279 1913 1453 1974 videt
1486 1913 1796 1974 hominem
1832 1933 2089 1975 caecum
2116 1935 2157 1975 a
2182 1913 2505 1983 ηαιίυἰιιιεε,

420 2015 596 2076 dixit
636 2011 996 2094 discipula-8,
1027 2013 1336 2094 quamdiu
1364 2014 1435 2073 in
1458 2013 1693 2075 mundo
1722 2035 1888 2089 sum,
1928 2015 2093 2077 Lux
2120 2014 2341 2077 mundi
2363 2031 2506 2073 sum:

415 2115 566 2176 haec
603 2115 816 2176 dicens
855 2115 1113 2196 eoespuz‘t
1149 2114 1220 2174 in
1255 2114 1533 2190 humum,
1588 2120 1647 2173 et
1670 2115 1835 2196 fecit
1870 2113 2084 2177 lutum
2128 2137 2208 2177 ex
2236 2121 2423 2196 epum,
2457 2115 2506 2168 et

415 2216 677 2277 inunxit
723 2215 928 2277 lutum
970 2207 1162 2295 >super
1195 2213 1408 2275 oculos
1438 2213 1645 2290 Caeci,
1700 2221 1761 2275 et
1794 2215 2007 2290 dixit,
2062 2217 2171 2278 abi
2204 2223 2262 2277 et
2300 2213 2505 2275 lavate

417 2317 486 2378 in
512 2317 774 2396 piscina
822 2315 1106 2388 Siloam;
1160 2335 1236 2376 ac
1282 2313 1445 2375 abiit
1494 2321 1555 2375 et
1598 2313 1759 2376 lavit
1802 2336 1897 2388 se,
1944 2324 2007 2378 et
2050 2318 2219 2380 venit
2264 2313 2502 2376 “fidem“

413 2417 526 2478 IX:
576 2421 632 2476 1.
676 2419 706 2477 5
744 2418 820 2476 ad
855 2425 887 2477 7
915 2439 930 2493 3
1012 2435 1116 2476 cur
1148 2420 1234 2476 ita
1267 2417 1491 2476 factum
1531 2422 1625 2476 est
1659 2436 1695 2476 a
1719 2418 2008 2494 Domino,
2050 2437 2225 2479 nemo
2260 2413 2501 2488 intelligit

417 2521 532 2577 nisi
579 2521 682 2595 qui
728 2521 841 2578 scit
876 2536 1119 2578 sensum
1154 2522 1452 2577 internum
1486 2533 1600 2577 seu
1636 2519 2009 2595 spiritualem
2052 2521 2267 2593 Verbi,
2320 2520 2378 2574 in
2407 2515 2502 2571 hoc

416 2637 596 2679 sensu
634 2638 743 2697 per
779 2619 1038 2679 Caecum
1077 2637 1114 2677 a
1147 2620 1456 2678 nativitate
1511 2619 1921 2696 intelliguntur
1969 2624 2075 2696 qui
2112 2615 2291 2680 extra‘
2313 2614 2500 2675 Eccle-

418 2723 566 2779 siam
603 2724 726 2779 nati
753 2729 908 2790 sunt,
947 2727 1008 2780 et
1040 2721 1177 2780 inde
1213 2737 1332 2778 non
1365 2727 1690 2796 potuerunt
1724 2721 1875 2779 scire
1912 2721 2141 2804 aliquid
2178 2721 2249 2778 de
2278 2715 2502 2776 Domino

415 2837 486 2878 ac
522 2823 736 2879 instrui
773 2839 846 2878 ex
885 2821 1116 2897 Verb03
1157 2838 1267 2897 per
1299 2821 1491 2880 lutum
1528 2821 1691 2903 quod
1731 2837 1804 2878 ex
1841 2827 2020 2896 sputo
2056 2824 2203 2882 fecit
2235 2823 2291 2878 in
2325 2819 2499 2883 hume,

416 2919 781 2994 significatur
815 2923 1154 2980 reformatio
1191 2939 1302 2998 per
1327 2937 1475 2980 vera
1513 2939 1587 2980 ex
1615 2938 1797 2980 sensu
1832 2922 2043 2981 literae
2073 2922 2276 2994 Verbi,
2314 2920 2501 2976 humus

419 3025 510 3078 est
537 3019 810 3078 Ecclesia
837 3021 940 3080 ubi
963 3021 1261 3097 Verbum,
1299 3021 1493 3081 lutum
1521 3027 1613 3081 est
1636 3021 1911 3081 ultimum
1937 3022 2223 3082 Divinum
2252 3022 2498 3085 formam,
2605 3045 2606 3048 ¹

414 3121 701 3195 inungere
748 3120 810 3178 id
855 3137 1038 3198 super
1085 3121 1290 3182 oculos
1331 3122 1512 3182 Caeci
1572 3129 1666 3182 est
1717 3142 1827 3199 per
1862 3123 1921 3180 id
1970 3123 2114 3184 dare
2164 3120 2499 3182 intellectum

417 3221 576 3294 veri3
631 3204 862 3296 piscina
899 3219 1128 3282 Siloam·
1160 3225 1338 3282 etiam
1376 3223 1671 3300 significat
1706 3223 1973 3282 Verbum
2003 3227 2063 3282 in
2100 3225 2301 3296 litera3
2337 3213 2498 3276 lavari

414 3321 498 3382 ibi
535 3327 626 3380 est
660 3321 958 3398 purificari
995 3341 1030 3381 a
1064 3323 1230 3382 falsis
1269 3331 1328 3382 et
1364 3324 1567 3383 malis:
1609 3324 1769 3400 quod
1801 3324 1950 3383 haec
1985 3325 2385 3400 intelligantur
2405 3328 2497 3392 pffl'

413 3421 549 3492 illa,
581 3422 700 3482 huc
739 3440 926 3499 usque
957 3424 1367 3482 absconditum
1408 3425 1533 3483 fuit.
1592 3425 1765 3501 Quod
1806 3425 2039 3482 Humus
2076 3423 2364 3502 significet
2394 3415 2492 3475 Ec-

415 3524 692 3600 clesiam,
750 3523 1025 3583 videatur
1070 3543 1139 3583 n:
1206 3525 1384 3583 566.'
1422 3527 1693 3584 10570:
1750 3525 1910 3601 quod
1955 3524 2173 3583 Lutum
2234 3515 2494 3597 significet

413 3624 633 3708 bonum
673 3643 748 3684 ex
787 3642 902 3700 quo
939 3643 1176 3696 verum,
1215 3627 1298 3683 ita
1334 3625 1554 3684 bonum
1592 3626 1873 3700 formans,
1931 3645 1997 3684 n:
2046 3627 2251 3685 1300.
2296 3617 2487 3679 6669:

416 3725 578 3801 quod
610 3727 844 3802 piscina
883 3725 1105 3785 Siloam
1141 3725 1436 3801 significet
1470 3725 1738 3785 Verbum
1776 3729 1836 3784 in
1858 3708 2054 3785 'sensu
2089 3726 2313 3796 literae,
2348 3715 2491 3795 patet

415 3825 580 3902 apud
603 3827 864 3902 Esajam,
904 3825 1052 3902 Cap:
1083 3826 1262 3885 VIII:
1311 3829 1379 3884 6:
1437 3844 1506 3886 ac
1539 3829 1601 3885 in
1629 3845 1849 3904 genere
1886 3830 2151 3903 piscinae
2190 3839 2333 3902 quae
2358 3816 2486 3876 Hie-

414 3926 777 4001 rosolymam,
815 3928 990 4004 Esaj:
1028 3927 1245 3986 XXII:
1293 3929 1350 3984 9.
1400 3931 1508 3986 11.
1565 3927 1747 4004 Apud
1782 3928 2051 3986 Marcum
2090 3923 2321 4002 „Jesue
2344 3909 2486 3977 vellit

406 4011 868 4098 ''Beth-saidam,
923 4027 1032 4088 ubi
1067 4027 1338 4105 afferunt
1375 4027 1523 4106 Ipsi
1560 4045 1807 4089 caecam
1824 4074 1841 4103 ,
1898 4033 1959 4086 et
1995 4031 2223 4107 royant
2259 4026 2326 4084 ut
2365 4027 2485 4075 eum

421 4121 702 4191 tanyeret
714 4140 740 4189 ;
793 4125 1260 4200 apprehendens
1297 4127 1510 4204 itaque
1548 4147 1809 4188 manum
1850 4127 2065 4203 Caeci,
2120 4120 2337 4194 eduxit
2364 4127 2483 4174 eum

421 4216 606 4270 emm
623 4233 897 4295 Payum,
935 4227 993 4279 et
1017 4242 1330 4302 exspuens
1372 4227 1441 4285 in
1480 4225 1691 4288 oculos
1717 4228 1853 4310 ejus
1892 4223 2301 4308 inieWOffa-vz't
2323 4229 2483 4278 num·
