2700 4792
293 361 546 419 CAPUT
586 360 957 431 QUARTUM.
1690 365 1871 424 viius
1886 389 1903 423 ε
1946 379 2001 430 7.
2154 379 2265 435 477

113 499 326 602 agei-e
379 539 454 581 ox
503 521 676 580 bonis
725 521 1062 582 doctrinae:
1117 521 1282 600 quod
1327 523 1493 584 labia
1538 526 1875 603 significent
1920 529 2265 610 doctrinam,

121 625 424 685 videatur
457 639 530 684 n.-
573 623 782 682 1286.
827 624 1038 682 1288.
1104 624 1286 700 Apud
1321 625 1509 684 Amos
1560 625 1971 701 „Ater-amia
2012 629 2267 696 habita·

121 726 382 786 tionem
421 719 764 796 violmtiac,
807 722 1035 784 cubant
1067 741 1258 803 super·
1293 720 1475 785 lectis
1501 726 1720 801 eboris,
1760 735 1823 790 et
1844 729 2039 792 edunt
2062 751 2270 813 aymo

119 825 218 886 de
251 840 479 905 φημ’,
537 827 598 882 et
649 817 884 883 vitulos
921 841 954 880 e
989 823 1196 884 medio
1231 824 1563 904 seminarii
1580 829 1621 862 ‘⁸'
1680 827 1798 888 VI:
1840 831 1897 890 3.
1940 835 1981 890 4
2000 851 2017 906 3
2072 837 2273 911 agitur

119 927 224 988 ibi
259 924 348 983 de
379 921 498 981 illis
552 925 654 1000 qui
703 925 764 982 in
801 923 1168 983 abundantia
1201 927 1605 1001 cognitionum
1666 926 1806 988 boni
1842 936 1905 988 ct
1940 933 2071 991 veri
2106 940 2265 1008 sunt,

121 1035 202 1088 et
235 1039 440 1100 usque
475 1022 632 1082 male
667 1025 904 1098 vivunt3
961 1024 1141 1084 edero
1177 1041 1365 1101 agnos
1402 1025 1477 1085 de
1512 1044 1727 1104 grege,
1778 1029 2073 1106 sig-nificat
2104 1032 2263 1096 hau-.-

119 1131 262 1188 τίη
305 1125 676 1199 cognitiones
710 1122 850 1182 boni
885 1125 1102 1184 interni
1135 1141 1248 1184 seu
1283 1127 1611 1201 spiritualis
1646 1127 1932 1205 hominis3
1986 1137 2051 1191 et
2084 1131 2267 1193 edere

122 1225 374 1292 vitulos
405 1240 438 1282 e
465 1223 660 1283 medio
689 1225 972 1300 saginarii
999 1225 1294 1302 significat
1317 1225 1561 1286 haurire
1586 1230 1953 1305 cognitiones
1989 1229 2129 1292 boni
2156 1250 2267 1293 cx—

121 1328 306 1388 terni
341 1341 452 1383 seu
485 1324 778 1383 naturalis
813 1325 1068 1384 hominis
1082 1345 1100 1400 ς
1139 1331 1200 1384 ot
1234 1325 1535 1387 attrahere
1570 1327 1998 1390 habitationem
2032 1332 2265 1393 violcn'-

18 1461 20 1488 ι
123 1431 268 1488 tiae
321 1430 416 1486 est
447 1425 630 1483 vitam
681 1427 1040 1486 contrariam
1077 1426 1353 1486 charitati
1386 1429 1608 1486 vivere.
1689 1430 1872 1507 Apud
1906 1431 2267 1493 Malachiam

18 1547 20 1612 g
131 1523 564 1605 „Eam-iecur
599 1523 804 1598 vobis,
860 1525 1150 1586 timentes
1187 1525 1491 1588 Nominis
1529 1528 1684 1598 mei,
1734 1527 1836 1591 sol
1862 1531 2171 1613 justitiae
2205 1538 2267 1594 et

129 1625 408 1689 saraitae
439 1624 511 1684 in
547 1622 680 1686 alis
693 1669 712 1700 ,
765 1629 840 1685 ut
879 1627 1126 1688 exeatis
1181 1631 1242 1686 et
1287 1627 1591 1688 crescatis
1629 1629 1799 1692 sicut
1837 1630 2031 1694 vituli
2080 1631 2265 1713 sayi-

129 1727 340 1790 παιδί’(
401 1725 526 1788 111:
569 1729 694 1802 203
749 1725 842 1784 sol
885 1726 1196 1803 justitiae,
1253 1730 1357 1805 qui
1406 1731 1709 1790 exorietur
1754 1733 2099 1794 timentibus
2132 1733 2263 1794 No-

137 1830 324 1890 minis
361 1827 638 1887 Jehovae
661 1873 678 1898 ,
727 1825 1024 1902 signifieat
1067 1828 1289 1888 bonum
1333 1831 1589 1906 amoris3
1652 1839 1716 1891 et
1768 1835 1997 1893 sanitas
2044 1837 2106 1894 in
2150 1834 2265 1894 alis

133 1928 442 2007 significat
473 1945 680 1986 verum
717 1926 888 2003 fidei3
939 1927 1080 1988 inde
1115 1930 1282 1988 exire
1327 1935 1391 1991 et
1436 1947 1711 1991 crescere
1762 1937 1919 1994 sicut
1954 1935 2125 1994 vituli
2158 1951 2265 1995 sa-

137 2033 363 2109 ginati,
417 2028 714 2106 significat
749 2029 1178 2088 incrementum
1214 2032 1405 2088 omnis
1441 2029 1611 2106 boni3
1650 2036 1989 2109 saginatum
2026 2041 2087 2095 et
2120 2038 2259 2113 pin-

143 2147 266 2208 gue
319 2133 496 2190 etiam
547 2128 844 2205 significat
889 2129 1127 2189 bonum.
1212 2130 1393 2206 Apud
1425 2129 1655 2190 Lucam
1708 2175 1748 2205 „
1770 2131 1977 2194 Pater
2010 2133 2089 2194 de
2114 2132 2265 2215 filio

133 2229 436 2310 prodigo,
475 2229 588 2309 qui
609 2247 898 2288 reversus
911 2228 1369 2308 poenitentiam
1394 2228 1609 2290 cordis
1636 2231 1785 2309 eyit,
1830 2231 2026 2304 dimit,
2060 2234 2267 2313 efferte

153 2326 392 2388 stolam
430 2329 814 2407 primariam
863 2335 924 2390 et
976 2328 1228 2392 induite
1261 2325 1475 2404 illum,
1538 2334 1599 2389 et
1646 2327 1797 2392 date
1836 2331 2147 2395 annulum
2196 2333 2269 2396 in

159 2445 424 2488 manum
471 2427 624 2510 ejus,
675 2436 735 2491 et
778 2427 1018 2491 ealoeoe
1073 2449 1262 2511 super
1289 2428 1479 2510 pede,
1548 2435 1609 2491 et
1646 2429 1949 2494 adducite
1989 2431 2267 2498 vitulum

150 2526 554 2607 sayinatum,
605 2535 900 2605 mactate,
965 2537 1040 2592 ut
1095 2531 1475 2593 comedentes
1526 2527 1889 2594 laetemw“
1946 2532 2088 2594 XV:
2148 2537 2267 2594 22.

152 2631 244 2689 23
261 2649 282 2706 ,·
337 2632 442 2713 qui
487 2631 659 2690 modo
709 2647 952 2691 sensum
991 2633 1204 2694 literae
1249 2633 1391 2706 scit,
1448 2631 1639 2693 credit
1690 2633 1850 2710 quod
1897 2649 2017 2692 non
2051 2632 2267 2693 altiora

143 2729 242 2792 hic
292 2730 550 2807 lateant,
615 2749 794 2808 quam
848 2748 1002 2808 quae
1058 2734 1120 2792 in
1173 2750 1246 2793 eo
1299 2748 1485 2792 sensu
1537 2740 1802 2808 exstant,
1866 2750 2002 2793 cum
2060 2739 2265 2793 tamon

146 2832 388 2909 singula
420 2831 734 2892 involvunt
769 2831 1087 2908 coelestia,
1142 2836 1300 2893 sicut
1349 2833 1512 2908 quod
1544 2833 1859 2894 induerent
1902 2833 2074 2894 illum
2106 2833 2266 2893 stola

144 2934 460 3008 primaria,
515 2931 678 3010 quod
741 2931 954 2992 darent
1003 2933 1286 2993 annulum
1337 2934 1401 2991 in
1440 2951 1679 2992 manum
1714 2935 1847 3012 ejus
1857 2980 1875 3010 ‚
1932 2942 1993 2995 et
2026 2933 2265 2996 calceos

145 3048 332 3108 super
371 3033 564 3110 pede,
605 3040 664 3091 et
700 3033 1068 3093 adducerent
1093 3034 1346 3094 vitulum
1374 3034 1741 3110 saginatum,
1780 3042 1847 3094 ut
1883 3035 2265 3097 comedentes

142 3131 539 3210 laetarentur3
589 3149 700 3211 por
731 3133 916 3193 filium
949 3135 1266 3211 prodIgum
1290 3133 1705 3210 intelliguntur
1730 3139 1833 3213 qui
1860 3136 2099 3198 divitias
2134 3139 2267 3215 spi-

144 3233 431 3306 rituales,
486 3252 640 3311 quae
681 3241 824 3293 sunt
859 3237 1226 3311 cognitiones
1261 3236 1392 3294 veri
1429 3241 1489 3294 et
1522 3234 1693 3309 boni,
1750 3237 2077 3316 prodigunt
2090 3258 2108 3315 3
2160 3255 2272 3316 per

147 3334 407 3392 reditum
447 3335 524 3394 ad
548 3342 782 3412 patrem
821 3343 882 3394 et
909 3337 1342 3396 confessionem
1381 3334 1539 3412 quod
1573 3353 1691 3394 non
1718 3336 1937 3414 dignus
1966 3345 2133 3399 esset
2158 3355 2270 3398 vo-

145 3435 268 3492 cari
303 3433 464 3494 filius
501 3436 663 3513 ejus,
719 3435 1088 3512 significatur
1122 3436 1490 3513 poenitentia
1551 3435 1747 3494 cordis
1811 3443 1872 3496 et
1905 3435 2269 3512 humiliati03

143 3551 255 3610 per
292 3534 509 3594 stolam
545 3537 892 3613 primariam
933 3553 1052 3614 qua
1085 3537 1452 3607 indueretur,
1488 3533 1897 3609 significantur
1932 3538 2270 3596 communia

145 3641 204 3694 ct
236 3638 526 3712 primaria
561 3655 730 3711 νει-εις
767 3654 881 3713 por
905 3637 1189 3696 annulum
1223 3653 1409 3713 super
1434 3650 1671 3694 manum
1708 3633 2080 3710 significatur
2116 3650 2263 3694 con-

139 3735 372 3811 junctio
407 3739 535 3796 veri
571 3745 632 3797 et
665 3737 808 3797 boni
841 3739 902 3795 in
937 3738 1168 3796 interno
1204 3753 1316 3797 seu
1345 3733 1645 3814 spirituali
1677 3733 1915 3794 homine
1934 3755 1951 3810 ;
1990 3752 2101 3812 por
2136 3735 2269 3795 cal-

147 3852 286 3896 ceos
339 3853 525 3914 super
573 3838 728 3915 pede
781 3837 1150 3914 significatur
1192 3839 1404 3899 eadem
1466 3837 1528 3896 in
1562 3841 1806 3896 externo
1868 3850 1982 3896 seu
2012 3834 2273 3894 naturali

145 3935 420 4013 homine3
479 3955 590 4014 per
625 3945 944 4014 utrumque
981 3937 1094 3997 hoc
1129 3941 1543 4014 regenerati03
1597 3954 1709 4016 per
1740 3935 1992 3996 vitulum
2026 3935 2271 4012 sagina-

148 4043 300 4112 tum,
355 4039 580 4100 bonum
614 4033 836 4098 amoris
874 4045 934 4098 et
969 4037 1308 4114 charitatis3
1351 4046 1412 4098 et
1443 4057 1556 4116 per
1592 4037 1907 4100 comedere
1944 4045 2007 4099 et
2038 4036 2273 4110 lactari,

151 4142 512 4200 consociatio
541 4147 602 4199 et
627 4139 912 4216 gaudium
933 4137 1230 4198 coeleste.
1268 4139 1451 4216 Apud
1466 4140 1511 4200 J
1516 4143 1801 4200 eremiam
1830 4139 2073 4216 „Dabo
2100 4137 2277 4200 viros

147 4240 586 4321 transymseos
607 4238 850 4319 foedus
876 4256 1116 4310 meum,‘
1135 4236 1248 4318 qui
1287 4257 1415 4300 non
1452 4237 1899 4301 stabiliverunt
1933 4239 2119 4302 verba
2129 4239 2278 4322 soe-
