2700 4792
547 219 582 258 ο

379 313 616 371 CAPUT
667 315 968 374 PRIMUM.
1818 315 1999 370 VERS
2018 340 2029 372 :
2077 329 2127 378 1.
2300 331 2331 380 7

225 477 452 536 Divina
485 477 636 544 sint,
673 479 734 532 et
765 488 1014 548 prorsus
1051 471 1198 530 nihil
1239 487 1314 530 ex
1349 472 1633 550 Angelis:
1688 474 1818 532 sive
1861 473 2117 550 dicatur,
2174 477 2335 553 quod

119 618 126 624 -
225 577 502 637 revelata
537 579 655 634 sint
695 591 728 632 e
777 571 987 646 CoeIO,
1055 575 1184 630 sive
1227 590 1301 630 ex
1339 573 1625 648 Domino,
1675 574 1834 632 idem
1880 581 2001 650 est,
2052 578 2331 652 quoniam

223 679 514 737 Divinum
548 676 791 734 Domini
820 673 978 749 apud
1014 671 1279 747 Angelos
1313 674 1460 730 facit
1496 673 1773 748 Ocelum,
1816 683 1875 736 et
1908 693 2157 751 prorsus
2186 677 2331 736 nihil

225 777 390 855 quod
419 795 493 836 ex
529 777 774 852 proprio
811 773 1208 850 Angelorum3
1264 773 1373 832 sed
1409 773 1521 832 hoc
1564 783 1836 835 constare
1874 777 2085 836 melius
2126 783 2329 854 potest

227 897 308 938 ex
341 877 460 936 illis
489 893 642 953 quae
680 879 742 933 in
769 873 970 950 Opere
1009 874 1082 932 de
1113 873 1316 932 Conno
1355 891 1443 932 m·-
1470 873 1775 948 INrnuno,
1830 893 1887 933 n:
1930 881 1969 934 2
2008 877 2083 934 ad
2118 880 2226 951 12,
2268 884 2328 936 et

223 997 286 1038 n:
339 979 513 1050 254,
565 977 726 1035 dicta
781 981 842 1033 et
895 981 1140 1033 ostensa
1193 981 1350 1032 sunt.
1436 973 1611 1048 Quod
1656 973 1928 1033 dicantur
1981 977 2251 1036 revelata
2292 996 2325 1037 e

227 1077 416 1138 Coelo
450 1077 599 1151 illis,
640 1077 741 1152 qui
769 1078 828 1132 in
856 1075 1013 1132 bono
1051 1077 1270 1132 amoris
1299 1081 1468 1147 sunt,
1518 1079 1612 1132 est
1638 1077 1781 1149 quia
1810 1074 2053 1147 dicitur,
2076 1079 2325 1148 ,mittens

225 1195 340 1255 per
375 1177 675 1254 Angelum
709 1193 885 1234 suum
923 1192 1098 1233 servo
1127 1191 1238 1232 suo
1275 1173 1569 1248 Johanni,
1610 1182 1669 1234 et
1710 1193 1819 1250 per
1846 1175 2184 1236 Johannem
2225 1195 2323 1236 re-

223 1285 693 1354 praesentantur
746 1283 806 1336 et
851 1275 1263 1352 intelliguntur
1309 1275 1397 1332 illi
1450 1277 1552 1349 qui
1597 1278 1658 1332 in
1692 1276 1849 1334 bono
1886 1279 2105 1335 amoris
2160 1285 2323 1352 sunt3

223 1395 342 1454 per
377 1377 686 1436 duodecim
725 1379 877 1436 enim
912 1375 1238 1451 Apostolos
1278 1379 1717 1450 repraesentati
1758 1385 1817 1436 et
1846 1377 2165 1452 significati
2190 1386 2327 1435 sunt

229 1493 440 1536 omnes
479 1479 578 1553 qui
612 1480 673 1535 in
715 1476 1023 1549 Ecclesia,
1079 1478 1182 1552 qui
1217 1478 1278 1532 in
1319 1478 1480 1536 veris
1520 1493 1590 1534 ex
1641 1475 1797 1536 bono
1851 1484 2021 1546 sunt,
2077 1477 2325 1553 proinde

225 1581 410 1639 etiam
441 1579 635 1636 omnia
670 1595 816 1635 vera
860 1593 935 1634 ex
962 1577 1118 1634 bono
1159 1594 1230 1635 ex
1273 1577 1489 1652 quibus
1527 1575 1823 1651 Ecclesia,
1882 1583 1943 1636 et
1981 1578 2325 1654 singillatim

218 1697 335 1756 per
371 1679 826 1753 unumquemvis
857 1677 1082 1752 aliquid
1119 1677 1427 1752 speciale,
1468 1683 1535 1735 ut
1559 1693 1669 1750 per
1702 1678 1948 1737 Petrum
1982 1678 2180 1750 Fides,
2215 1697 2325 1754 per

222 1779 521 1840 ,Iacobum
562 1777 870 1847 Char-item,
929 1783 988 1834 et
1022 1795 1134 1852 per
1185 1776 1525 1835 Johannem
1570 1777 1803 1834 Bonum
1858 1779 2165 1838 charitatis
2213 1796 2325 1838 seu

219 1881 457 1939 Bonum
494 1881 743 1954 a1noris3
795 1885 855 1936 et
892 1879 1031 1953 quia
1069 1878 1379 1936 Johannes
1416 1877 1528 1936 hoc
1563 1877 1797 1935 Bonum
1826 1882 2320 1956 repraesentavit,

222 1980 360 2039 ideo
398 1979 688 2038 revelatio
715 1979 802 2038 illi
831 1979 992 2037 faeta
1029 1985 1122 2036 est
1134 1998 1149 2054 3
1203 1995 1340 2035 nam
1377 1977 1669 2036 revelatio
1696 1995 1729 2036 e
1760 1978 1976 2055 Coe10,
2034 1997 2187 2056 quae
2223 1986 2319 2037 ta·-

217 2081 330 2155 lis,
393 2097 512 2138 non
553 2079 684 2138 fieri
734 2086 936 2156 potest
990 2078 1124 2137 aliis
1178 2096 1357 2155 quam
1413 2081 1515 2154 qui
1566 2080 1629 2136 in
1663 2078 1818 2137 bono
1856 2079 2163 2138 charitatis
2212 2096 2325 2138 seu

224 2183 446 2238 amoris
492 2187 660 2256 sunt3
713 2181 817 2239 alii
865 2179 1119 2255 quidem.
1153 2186 1410 2256 possunt
1457 2179 1662 2238 audire
1700 2179 1803 2236 illa
1857 2197 2011 2256 quae
2049 2197 2081 2238 e
2120 2179 2323 2250 Coelo,

221 2281 335 2340 sed
364 2299 482 2338 non
517 2285 867 2358 percipere3
919 2281 1112 2338 solum
1138 2279 1256 2338 illis
1288 2287 1381 2338 est
1413 2282 1724 2356 perceptio
1760 2281 2090 2356 spiritualis
2129 2283 2231 2358 qui
2264 2283 2327 2338 in

218 2383 382 2440 bono
421 2384 640 2439 amoris
683 2387 852 2455 sunt3
907 2397 1094 2440 causa
1147 2387 1272 2454 est,
1331 2383 1471 2457 qnia
1504 2383 1798 2456 recipiunt
1840 2382 1947 2440 illa
1994 2399 2114 2441 non
2148 2380 2325 2439 modo

191 2473 196 2480 ’
221 2480 440 2538 auditu
467 2480 576 2538 sed
603 2483 778 2538 etiam
807 2498 1036 2554 amore,
1083 2489 1144 2540 et
1175 2483 1448 2557 recipere
1478 2499 1681 2540 amore
1711 2489 1802 2540 est
1827 2484 2097 2558 recipere
2124 2481 2323 2557 plene,

219 2583 511 2658 quoniam
539 2587 843 2653 amantur,
905 2589 964 2640 et
999 2583 1100 2656 qui
1133 2584 1218 2639 ita
1251 2584 1575 2657 recipiunt,
1612 2581 1819 2640 vident
1850 2582 1955 2640 illa
1988 2583 2049 2638 in
2084 2597 2193 2638 suo
2230 2583 2324 2638 in·-

215 2681 500 2756 tellectu,
555 2681 639 2740 ibi
675 2689 768 2740 est
813 2685 1082 2742 sensatio
1129 2683 1300 2741 visus
1348 2683 1567 2740 interni
1602 2698 1835 2740 eorum:
1861 2688 1866 2695 '
1891 2680 2051 2756 quod
2086 2683 2171 2737 ita
2222 2683 2317 2754 sit,

219 2801 298 2842 ex
345 2781 536 2840 multa
572 2783 942 2858 experientia
987 2783 1128 2840 mihi
1175 2788 1457 2840 testatum
1513 2783 1733 2840 factum
1784 2789 1902 2853 est,
1971 2787 2029 2840 et
2079 2795 2319 2856 quoque

215 2890 426 2960 potest
467 2883 658 2942 multa
702 2885 928 2941 ratione
979 2882 1304 2958 illustrari3
1361 2882 1473 2942 sed
1522 2899 1592 2942 eo
1638 2899 1829 2959 usque
1886 2882 2148 2942 nondum
2183 2881 2327 2940 licet

218 2987 586 3060 exspatiari:
639 2984 736 3043 hic
763 2984 938 3042 modo
977 2983 1428 3042 memorandum
1464 2991 1585 3057 est,
1627 2985 1787 3059 quod
1821 2987 2019 3042 omnia
2050 2981 2327 3054 Nomina,

218 3061 382 3159 quae
419 3086 479 3140 in
515 3084 749 3158 Verb0,
813 3101 931 3143 non
967 3084 1300 3160 significent
1335 3101 1661 3160 personas,
1728 3085 1837 3144 sed
1876 3102 2008 3161 res3
2065 3089 2132 3142 ut
2166 3083 2327 3159 quod

217 3183 536 3244 Johannes
579 3184 877 3260 significet
913 3183 1050 3242 illos
1103 3185 1205 3258 qui
1253 3185 1314 3242 in
1369 3184 1523 3243 bono
1577 3188 1795 3244 amoris
1848 3193 2011 3260 sunt,
2076 3187 2161 3241 ita
2211 3185 2323 3242 ab·-

214 3291 421 3344 stacte
448 3283 684 3342 Bonum
715 3287 948 3343 amoris.
1022 3284 1198 3359 Quod
1233 3287 1431 3343 omnia
1464 3284 1719 3344 Nomina
1758 3290 1820 3344 in
1858 3285 2063 3345 Verbo
2098 3284 2325 3361 signifi-

215 3392 358 3444 cent
392 3403 520 3460 res,
577 3385 855 3445 videatur
888 3387 950 3442 in
985 3386 1260 3443 Ancnms
1298 3384 1746 3461 Connsssrmtm,
1799 3407 1857 3446 n:
1904 3388 2063 3445 768.
2112 3386 2325 3443 1888.

220 3487 436 3544 4310.
489 3488 702 3544 4442.
771 3487 1028 3546 10329.
1113 3484 1287 3560 Quod
1335 3487 1575 3544 nomina
1622 3504 2015 3562 personarum
2052 3491 2115 3542 et
2152 3485 2322 3542 loco-

215 3603 352 3644 rum
379 3588 440 3643 in
475 3585 680 3644 Verbo
715 3604 836 3643 non
868 3587 1092 3644 intrare
1127 3587 1364 3662 possint
1402 3584 1680 3661 Coelum,
1738 3588 1848 3646 sed
1884 3584 2045 3661 quod
2077 3587 2326 3654 vel-tan<

213 3688 412 3744 turin
452 3703 550 3745 res
590 3703 740 3762 quas
779 3685 1130 3762 significant,
1164 3703 1234 3744 n:
1283 3687 1493 3744 1876.
1542 3688 1751 3746 5225.
1796 3668 2011 3744 '6516.
2060 3683 2321 3740 10216.

221 3788 490 3844 10282.
560 3777 818 3846 10432.
921 3785 1115 3861 Quam
1189 3787 1435 3862 elegans
1498 3785 1727 3846 Sensus
1758 3788 2055 3842 ‘internus
2116 3782 2322 3857 Verbi,

213 3889 458 3945 tametsi
511 3903 680 3946 mera
729 3889 998 3961 nomina,
1063 3886 1425 3945 illustratum
1476 3886 1552 3944 ab
1590 3885 1910 3961 exempliS‚
1974 3902 2051 3942 n:
2116 3887 2326 3944 1224.

223 3988 436 4045 1264.
484 3989 696 4046 1888.
787 3987 963 4062 Quod
999 3987 1313 4048 duodecim
1351 3985 1655 4061 Discipuli
1687 3986 1928 4044 Domini
1962 4002 2324 4064 repraesen-

216 4088 480 4146 taverint
517 4094 577 4146 et
610 4087 748 4146 inde
789 4087 1253 4164 significaverint
1301 4088 1498 4145 omnia
1531 4086 1673 4146 fidei
1708 4093 1769 4145 et
1804 4087 2021 4146 amoris
2062 4089 2127 4145 in
2162 4103 2329 4146 eom-

223 4186 428 4266 plexu,
469 4184 740 4248 similiter
765 4205 837 4248 ac
863 4189 1180 4252 duodecim
1211 4187 1433 4248 Tribus
1457 4185 1724 4264 Israelis,
1760 4205 1829 4247 n:
1862 4191 1943 4248 21
1962 4190 2074 4246 29.
2113 4186 2325 4246 3354.
