2700 4792
481 345 589 398 412
831 332 1321 390 APOCALYPSIS
1364 335 1800 394 EXPLICATA.
1846 335 1896 404 §-
1954 342 2083 397 24⁶1.
2126 343 2259 398 248.

481 494 681 554 existit
713 491 914 567 aliqua
946 509 1149 568 pugna
1181 509 1319 550 cum
1355 491 1523 552 falsis
1562 499 1623 552 et
1646 491 1841 566 malis,
1883 493 2029 568 quia
2062 491 2265 550 nullus
2302 497 2393 552 est
2410 477 2590 552 ⁴chus

479 593 588 672 pro
622 593 784 652 veris
821 598 881 650 et
914 609 1024 669 pro
1058 590 1230 651 bonis
1247 613 1263 668 3
1319 593 1463 668 quia
1506 609 1619 668 per
1664 593 2064 651 tentationem
2114 609 2234 650 non
2268 591 2455 650 solum
2488 593 2589 650 do-

480 699 715 751 mantur
749 691 906 750 mala
943 698 1002 752 et
1036 699 1417 752 removentur
1450 691 1606 750 falsa
1617 737 1633 768 ,
1678 692 1789 751 sed
1826 693 2013 750 etiam
2050 691 2187 751 loco
2221 691 2451 750 illorum
2483 694 2584 750 im-

481 793 829 869 plantantur
877 808 1053 864 vera,
1117 798 1178 851 et
1222 791 1374 850 haec
1422 792 1866 869 conjungamur
1912 809 2057 851 cum
2103 793 2259 851 bono
2308 791 2586 850 charitatis

480 907 672 968 usque
708 896 776 949 ut
811 892 928 949 sint
959 909 1159 967 unum,
1197 892 1331 950 ideo
1368 909 1477 968 per
1503 891 1636 952 zelo
1664 909 1777 969 age
1814 897 1880 950 et
1906 893 2208 968 resipisce
2246 890 2585 967 significatur

483 997 556 1049 ut
587 993 667 1050 sit
699 990 817 1050 illis
855 989 1130 1052 charitas.

641 1092 802 1151 248.
856 1090 1014 1151 Ecce
1049 1099 1142 1151 sto
1181 1092 1258 1150 ad
1293 1095 1513 1152 ostium
1548 1098 1610 1152 et
1642 1091 1851 1169 pulso,
1894 1091 2060 1168 quod
2098 1091 2389 1167 significet
2418 1105 2577 1164 prae-

487 1192 743 1252 sentiam
796 1190 1038 1250 Domini
1095 1200 1477 1269 perpetuam,
1545 1197 1777 1252 constat
1836 1209 1916 1251 ex
1979 1193 2410 1268 significatione
2468 1190 2585 1246 ostii

482 1307 595 1352 seu
619 1290 875 1368 januae,
915 1292 1074 1367 quod
1106 1294 1166 1350 in
1201 1309 1483 1368 supremo
1520 1309 1704 1352 sensu
1740 1295 1818 1350 sit
1845 1292 2151 1351 Dominus
2190 1290 2381 1367 quoad
2414 1292 2579 1346 intro-

484 1393 825 1452 missionem
887 1393 948 1448 in
985 1389 1232 1451 Coelum
1295 1398 1400 1450 aut
1432 1395 1493 1451 in
1526 1393 1896 1461 Ecclesiam,
1954 1398 2016 1452 et
2062 1394 2123 1448 in
2160 1407 2342 1450 sensu
2375 1390 2577 1446 interno

481 1508 694 1550 verum
729 1508 806 1549 ex
837 1489 994 1550 bono
1032 1491 1189 1567 quod
1225 1491 1300 1551 ab
1335 1491 1509 1569 Ipso,
1550 1493 1691 1569 quia
1724 1492 1905 1550 homo
1943 1509 2059 1569 per
2082 1491 2148 1550 id
2180 1489 2575 1558 intromittitur,

481 1590 714 1667 de,.qua
747 1607 933 1666 supra
973 1609 1043 1650 n:
1087 1594 1248 1666 208,
1286 1592 1383 1650 hic
1420 1593 1559 1669 quia
1594 1591 1807 1650 dicitur
1844 1609 1883 1650 a
1910 1593 2195 1666 Domine,
2236 1606 2373 1648 ecce
2407 1593 2490 1646 sto
2515 1583 2579 1640 ad

483 1691 702 1748 ostium
747 1696 807 1748 et
839 1691 1052 1766 pulso,
1105 1692 1475 1771 significatur
1526 1698 1825 1768 perpetua
1859 1693 2072 1768 Ipsius
2120 1690 2478 1767 praesentia,
2528 1688 2577 1740 et

413 1805 422 1810 ·
483 1787 662 1848 simul
685 1797 986 1866 perpetua
1011 1791 1213 1867 Ipsius
1239 1791 1515 1851 voluntas
1546 1791 1706 1868 quod
1722 1792 1873 1850 velit
1893 1793 2326 1864 intromittere3
2366 1792 2421 1846 et
2446 1799 2573 1860 quo-

485 1905 614 1972 que·
638 1890 970 1948 intromittit
1007 1907 1210 1949 omnes
1269 1899 1328 1950 et
1364 1909 1429 1950 se
1468 1893 1772 1968 conjungit
1806 1892 2091 1951 omnibus
2130 1892 2231 1965 qui
2262 1889 2459 1966 Ipsum
2489 1899 2571 1941 re-

480 1989 722 2064 cipiunt,
761 1989 921 2065 quod
953 1989 1018 2048 fit
1052 2007 1166 2067 per
1209 2008 1359 2050 vera
1395 2009 1470 2050 ex
1492 1992 1649 2050 bono
1685 2008 1797 2050 seu
1830 2009 1950 2068 per
1975 1991 2157 2050 fidem
2194 2007 2268 2049 ex
2303 1987 2573 2047 charitate,

483 2105 668 2166 quare
722 2090 1078 2165 sequitur,
1080 2089 1180 2164 ,Si
1214 2093 1346 2166 quis
1384 2091 1682 2151 audiverit
1722 2108 1939 2150 vocem
1976 2109 2176 2150 meam
2208 2095 2271 2148 et
2304 2081 2570 2162 aperuerit

482 2191 720 2258 ostium,
752 2189 984 2248 intrabo
1021 2189 1099 2248 ad
1131 2191 1317 2262 illum,
1356 2197 1416 2250 et
1452 2191 1716 2287 coenffo
1754 2208 1891 2250 cum
1928 2192 2037 2251 illo
2078 2197 2139 2250 et
2170 2189 2272 2248 ille
2304 2182 2565 2246 Mecum‘st

481 2289 624 2366 quia
659 2291 878 2348 ostium
923 2288 1166 2365 dicitur,
1223 2293 1404 2350 ctiam
1438 2291 1656 2350 dicitur
1700 2290 1983 2367 pulsare,
2040 2297 2103 2350 et
2148 2306 2258 2366 per
2302 2286 2361 2346 id
2406 2279 2566 2356 signi-

479 2388 692 2446 ficatur
724 2396 1018 2465 perpetua
1054 2390 1331 2450 voluntas
1368 2407 1437 2450 se
1474 2391 1870 2470 conjungendi
1888 2409 2048 2452 cum
2072 2390 2307 2449 homine
2343 2391 2399 2444 et
2422 2395 2558 2440 com·

479 2488 831 2548 municandi
866 2508 996 2549 cum
1033 2490 1138 2550 illo
1173 2490 1489 2550 felicitates
1534 2491 1731 2554 Coeli:
1788 2492 1949 2567 quod
1982 2495 2072 2550 ita
2098 2493 2191 2564 sit,
2232 2506 2306 2547 ex
2338 2501 2405 2544 eo
2438 2494 2559 2538 con·-

480 2594 646 2648 stare
680 2595 914 2666 potest,
970 2590 1134 2668 quod
1166 2592 1227 2649 in
1263 2591 1519 2649 Domino
1558 2594 1639 2650 sit
1670 2592 1926 2650 Divinus
1966 2593 2183 2664 Amor,
2240 2605 2307 2648 ac
2338 2582 2557 2644 Divinus

482 2688 670 2749 Amor
713 2695 810 2748 est
841 2690 998 2750 velle
1053 2691 1196 2749 dare
1232 2707 1405 2750 omne
1456 2708 1629 2750 suum
1666 2692 1799 2750 aliis
1814 2737 1830 2766 ‚
1888 2709 1961 2751 ac
1998 2691 2155 2750 velle
2209 2693 2277 2747 ut
2308 2679 2562 2756 recipiant

481 2787 718 2865 Ipsum,
761 2794 820 2848 et
853 2789 967 2848 hoc
1005 2793 1144 2866 quia
1177 2807 1294 2849 non
1327 2791 1459 2850 fieri
1484 2797 1695 2867 'potest
1730 2791 1905 2852 aliter
1932 2808 2119 2868 quam
2154 2806 2265 2866 per
2294 2778 2557 2854 receptio-

479 2888 791 2950 nemboni
826 2893 886 2947 et
910 2893 1038 2948 veri
1071 2906 1183 2949 seu
1208 2892 1427 2950 amoris
1464 2898 1526 2950 et
1557 2890 1698 2950 fidei
1732 2890 1808 2949 ab
1843 2891 2105 2965 homine,
2146 2889 2408 2965 quoniam
2431 2878 2556 2935 haec

475 2991 616 3043 sunt
646 2986 867 3071 Divina
913 3006 1067 3064 quae
1119 2991 1450 3065 procedunt
1494 2991 1569 3050 ab
1604 2991 1748 3068 Ipso
1786 2996 1845 3049 et
1879 2994 2280 3069 recipientur,
2334 2988 2389 3041 et
2434 2973 2550 3052 ‘laia

479 3084 700 3142 Divina
751 3093 892 3144 sunt
953 3094 1046 3146 est
1087 3089 1232 3165 Ipse
1279 3093 1342 3148 in
1388 3090 1537 3167 illis,
1592 3091 1729 3150 ideo
1779 3093 2122 3169 conjunctio
2156 3081 2386 3148 Domini
2438 3087 2550 3134 cum

479 3181 728 3258 Angelis
766 3190 826 3242 et
857 3185 1194 3247 hominibus
1245 3197 1338 3248 est
1372 3207 1482 3266 per
1516 3208 1661 3250 vera
1697 3208 1771 3248 ex
1806 3191 1965 3250 bono
2002 3209 2114 3251 seu
2160 3189 2268 3264 p'cr
2300 3181 2459 3242 fidem
2490 3185 2547 3224 ex

481 3297 714 3358 amore3
766 3283 918 3344 flacc
947 3286 1104 3347 velle
1142 3287 1283 3348 dare
1323 3295 1385 3350 et
1418 3290 1773 3367 implantare
1806 3292 2032 3350 homini
2065 3295 2127 3349 in
2162 3285 2357 3364 specie
2390 3269 2544 3348 sigfli‘

477 3381 691 3442 ficatur
723 3401 833 3459 per
866 3384 1015 3456 „Sto
1051 3387 1129 3444 ad
1167 3391 1387 3447 ostium
1422 3397 1483 3448 et
1516 3389 1755 3466 pulso“.
1814 3390 1963 3450 Sunt
1998 3391 2147 3464 due,
2202 3399 2346 3462 quae
2377 3379 2432 3435 in
2458 3369 2542 3428 Li-

479 3483 624 3542 bero
670 3483 924 3543 hominis
975 3492 1150 3556 sunt,
1203 3505 1279 3546 ex
1333 3497 1632 3565 perpetua
1676 3494 2023 3567 praesentia
2065 3485 2418 3556 Domini,e
2390 3479 2441 3534 et
2485 3479 2545 3524 ΒΧ

477 3589 776 3660 perpetua
808 3584 1008 3661 Ipsius
1044 3586 1348 3646 voluntate
1389 3587 1469 3647 Se
1524 3589 1929 3668 conjungendi
1976 3608 2111 3650 cum
2144 3587 2274 3658 illo;
2324 3579 2540 3638 Panum

481 3683 644 3760 quod
677 3683 815 3743 inde
853 3691 946 3744 est
983 3688 1044 3744 in
1076 3686 1266 3745 libero
1301 3687 1592 3758 hominis,
1646 3695 1739 3750 est
1762 3689 1934 3766 ‘quod
1970 3693 2026 3750 ei
2072 3693 2149 3749 sit
2182 3682 2346 3759 copia
2384 3677 2436 3731 et
2462 3665 2538 3723 sa·

481 3782 676 3842 cultas
722 3785 878 3843 bene
915 3786 1215 3862 cogitandi
1257 3786 1332 3845 de
1367 3787 1509 3863 Ipso
1560 3795 1619 3846 et
1668 3789 1741 3848 de
1790 3792 2090 3865 proxim03
2146 3787 2378 3862 quisque
2411 3763 2536 3825 emm

477 3882 553 3941 de
588 3884 843 3944 Domino
893 3891 953 3944 et
1001 3885 1076 3946 de
1111 3887 1381 3962 proximo
1424 3886 1578 3946 bene
1616 3895 1719 3946 aut
1754 3889 1912 3948 male
1962 3892 2219 3966 cogitare
2250 3873 2450 3957 potest,
2496 3873 2537 3913 5¹

477 3980 631 4040 bene
667 3986 888 4058 cogitat
917 3987 1183 4060 aperitur
1219 3988 1457 4055 ostium,
1492 3989 1551 4045 si
1577 3987 1736 4048 male
1774 3987 2101 4066 clauditur-3
2136 3987 2280 4045 bene
2314 3967 2533 4044 c⁰g¹ta¹⁰

479 4077 554 4134 de
587 4079 845 4138 Domino
883 4088 943 4140 et
977 4084 1052 4144 de
1085 4087 1357 4160 proximo
1390 4103 1525 4144 non
1564 4094 1658 4146 est
1698 4087 1775 4146 ab
1810 4087 2049 4149 homine
2084 4093 2142 4147 et
2174 4083 2296 4159 ejus
2318 4057 2537 4149 P¹⁰P¹¹⁰’

477 4171 587 4230 sed
622 4189 659 4230 a
691 4171 973 4254 Domino,
1023 4183 1122 4257 qui
1168 4192 1469 4260 perpetuo
1513 4203 1805 4262 praesens
1860 4194 1952 4248 est
2002 4195 2061 4248 ot
2094 4201 2198 4264 per
2228 4167 2530 4256 perpetuam

491 4433 517 4463 ἱ
