2700 4792
415 341 522 392 370
824 325 1312 381 APOCALYPSIS
1360 325 1795 385 EXPLICATA.
1857 289 1923 394 ⁹5.
1964 331 2085 387 235.

416 488 676 548 tionibus
713 504 746 545 e
785 485 990 544 Verbo
1029 503 1104 543 ex
1138 485 1294 544 binis
1331 487 1563 562 causis,
1606 489 1800 564 prima
1838 492 1958 556 est,
2014 482 2165 559 quod
2215 497 2325 539 uon
2357 477 2481 540 illu-

413 589 590 650 δικ-311
623 589 856 664 possint
903 604 940 644 a
973 587 1257 658 Domino,
1315 586 1507 644 influit
1542 589 1699 647 enim
1732 587 2025 646 Dominus
2058 585 2119 640 iu
2149 581 2357 640 bonum
2385 582 2483 640 ho·-

414 690 620 762 minis,
675 694 737 746 et
772 704 848 745 ex
883 685 986 745 illo
1037 685 1300 744 illustrat
1347 685 1517 745 illum
1566 689 1629 746 in
1660 689 1847 761 veris,
1901 686 2015 744 hoc
2062 682 2407 757 est,‘influit
2434 682 2487 739 in

415 805 676 848 amorem
709 786 965 846 hominis
1003 793 1063 845 et
1096 786 1234 848 inde
1269 789 1328 845 in
1362 786 1569 846 fidem:
1607 788 1799 847 altera
1832 802 2019 846 causa
2050 791 2157 857 est,
2198 785 2330 859 quia
2360 799 2485 857 pro-

415 890 681 967 phanant
715 903 862 945 vera
895 903 1007 962 per
1043 886 1491 947 falsificationes
1510 931 1527 962 ,
1569 895 1627 947 et
1665 893 1765 964 qui
1798 890 1885 946 ita
1920 886 2178 958 faciunt,
2214 883 2295 942 illi
2330 897 2489 958 sepa-

412 998 619 1050 rantur
665 987 740 1046 ab
775 989 924 1064 ipsis
959 990 1150 1060 veriS,
1213 987 1355 1045 dum
1388 989 1449 1045 in
1486 989 1706 1048 mundo
1752 991 1996 1055 vivunt,
2048 992 2116 1044 ut
2162 1000 2273 1042 non
2323 984 2491 1040 sciant

409 1090 540 1164 iila,
577 1091 637 1148 in
673 1087 864 1146 altera
899 1093 1099 1146 autem
1133 1089 1256 1145 vita
1289 1089 1569 1164 rejiciunt
1603 1106 1639 1146 3
1674 1105 1741 1148 se
1778 1090 1977 1147 omnia
2014 1103 2167 1162 quae
2202 1085 2262 1143 iu
2295 1082 2485 1142 mundo

412 1192 718 1252 sciverunt
777 1205 850 1246 ex
886 1187 1120 1262 Verb03
1187 1187 1338 1246 haec
1392 1196 1453 1246 et
1499 1189 1605 1247 illa
1665 1191 1972 1265 separatio
2012 1185 2351 1261 intelligitur
2398 1197 2489 1256 per

411 1291 608 1350 evomi
645 1306 716 1348 ex
753 1305 888 1346 ore:
941 1288 1158 1346 similia
1189 1287 1597 1364 intelliguntur
1631 1306 1741 1365 per
1778 1305 2057 1348 evomere
2096 1294 2156 1345 et
2188 1300 2294 1362 per
2322 1284 2489 1341 vomi-

413 1398 536 1450 tum
573 1389 716 1448 alibi
749 1390 810 1447 in
835 1387 1070 1463 Verb03
1113 1394 1180 1446 ut
1209 1390 1272 1447 in
1307 1390 1699 1464 sequentibus
1732 1390 1829 1450 his
1864 1387 2044 1462 locis,
2085 1385 2247 1462 apud
2277 1383 2489 1460 EsaJam

414 1487 746 1566 „Jehovah
779 1487 1173 1550 commiscuit
1215 1488 1286 1548 in
1324 1488 1532 1550 medio
1558 1488 1844 1571 Aeyypti
1868 1486 2179 1568 spiritum
2202 1481 2489 1564 perversi-

410 1597 618 1652 tatum
625 1607 654 1660 ;
722 1587 890 1650 unde
941 1587 1332 1650 seduoeeruut
1379 1589 1749 1670 Aeyyptum
1806 1589 1878 1650 in
1920 1588 2097 1650 omui
2146 1603 2319 1667 opere
2355 1582 2485 1666 eju-3,

410 1687 938 1770 quemadmodum
975 1688 1306 1750 seducitur
1341 1689 1555 1752 ebrius
1592 1691 1664 1752 iu
1696 1689 1939 1752 vomitu
1978 1691 2141 1752 suo“
2183 1686 2349 1748 XIX:
2390 1685 2487 1756 143

411 1807 523 1868 per
563 1789 907 1866 Aegyptum
963 1791 1331 1866 significatur
1396 1793 1651 1852 scientia
1703 1809 1904 1852 rerum
1957 1797 2085 1850 tam
2128 1785 2489 1866 spiritualium

412 1908 588 1967 quam
615 1889 974 1949 naturalium
990 1911 1006 1965 3
1043 1908 1153 1966 per
1181 1892 1569 1952 commiscere
1602 1894 1665 1952 in
1692 1891 1887 1951 medio
1916 1893 2052 1969 ejus
2080 1893 2343 1967 spiritum
2368 1901 2487 1961 per-

411 1993 792 2064 versitatum,
858 1991 1225 2066 significatur
1281 1999 1633 2068 pervertere
1698 2000 1758 2052 et
1816 1983 2140 2054 falsificare
2197 1989 2299 2048 illa
2310 2007 2326 2062 3
2397 2000 2490 2061 per

411 2092 638 2152 ebrium
669 2092 1077 2167 significantur
1101 2092 1190 2150 illi
1227 2094 1328 2168 qui
1368 2094 1675 2152 insaniunt
1714 2095 1775 2152 iu
1813 2092 2255 2169 spiritualib1153
2292 2095 2349 2147 et
2372 2086 2490 2162 quia

405 2209 554 2250 vera
587 2193 904 2250 commixta
953 2191 1120 2251 falsis
1159 2194 1513 2269 ejiciuntur,
1568 2194 1703 2252 ideo
1756 2192 1971 2252 dicitur
2025 2187 2487 2270 quemadmodum

407 2292 607 2352 ebrius
669 2293 976 2352 seducitur
1035 2297 1096 2352 in
1145 2295 1375 2355 vomitu
1427 2310 1573 2356 suo:
1650 2293 1827 2370 Quod
1861 2293 2181 2372 Aegyptus
2228 2287 2487 2367 significet

411 2395 748 2465 scientiam,
803 2393 1081 2452 videatur
1128 2411 1194 2454 n:
1252 2396 1465 2453 1164.
1532 2396 1741 2456 1165.
1789 2396 2005 2454 1186.
2050 2396 2256 2453 1462.
2304 2386 2483 2449 5700.

416 2496 625 2555 5702.
691 2496 900 2554 6015.
947 2494 1154 2553 6651.
1202 2497 1411 2554 6679.
1460 2496 1671 2554 6683.
1718 2496 1929 2554 6692.
1979 2497 2199 2570 72965
2256 2498 2313 2552 et
2361 2502 2485 2563 quo·-

408 2614 526 2673 que
561 2593 888 2656 scientifica
921 2594 1249 2670 Ecclesiae,
1287 2613 1357 2654 n:
1405 2597 1613 2654 7296.
1660 2596 1869 2655 9340.
1913 2597 2139 2656 9391:
2179 2591 2333 2671 quod
2364 2586 2491 2648 ebrii

407 2696 741 2771 significent
800 2695 937 2756 illos
1002 2698 1105 2772 qui
1161 2699 1222 2754 in
1283 2695 1699 2773 spiritualibus
1758 2697 2095 2770 insaniunt,
2166 2715 2237 2754 uz
2306 2689 2486 2749 1072.

405 2795 590 2871 Apud
623 2796 954 2855 Jeremiam
1007 2794 1276 2870 „Bibite
1315 2801 1377 2856 et
1410 2794 1846 2870 inebriamini,
1902 2799 1961 2855 et
2001 2796 2262 2856 evomite
2302 2795 2358 2850 et
2396 2805 2489 2846 ca·-

407 2893 568 2969 dite,
615 2913 724 2954 uec
759 2894 1077 2976 resurgite
1107 2901 1375 2976 propter
1404 2893 1755 2976 yladium“
1806 2896 2013 2958 XXV=
2055 2902 2091 2956 2
2109 2903 2139 2956 7
2168 2918 2184 2974 3
2220 2895 2410 2954 bibere
2443 2891 2491 2944 et

407 2993 693 3054 inebriari
727 3000 822 3054 est
853 2995 1096 3055 haurire
1145 2997 1300 3056 falsa
1357 3004 1417 3058 et
1453 3000 1841 3058 commiscere
1882 2998 1991 3058 illa
2026 3000 2221 3067 veris,
2270 3002 2327 3054 et
2372 2987 2489 3048 inde

405 3095 695 3168 insanire3
753 3111 1030 3156 evomere
1091 3104 1152 3157 ct
1185 3098 1403 3158 eadere
1466 3103 1561 3156 est
1594 3115 1845 3174 prorsus
1894 3099 2115 3176 ejicere
2164 3093 2503 3176 falsificam,

407 3193 640 3271 gladius
665 3202 911 3271 propter
931 3214 1104 3273 quem
1135 3216 1249 3258 non
1279 3204 1611 3276 resurgent,
1640 3200 1934 3276 significat
1958 3199 2175 3258 falsum
2204 3197 2489 3256 destruens

409 3301 468 3355 et
501 3302 745 3355 vastans
799 3315 1035 3369 verum,
1098 3299 1377 3358 videatur
1432 3318 1501 3358 n:
1546 3301 1757 3358 2799.
1813 3302 2025 3360 4499.
2092 3301 2277 3358 7102
2304 3315 2319 3370 3
2372 3287 2487 3348 inde

404 3403 606 3474 patet,
644 3398 784 3474 quid
819 3400 898 3457 sit
934 3416 1212 3459 evomere
1249 3407 1308 3460 et
1343 3400 1581 3459 eadere.
1644 3399 1827 3477 Apud
1851 3401 2121 3460 Eundem
2159 3390 2489 3474 „Inebriate

349 3523 374 3529 -
404 3495 735 3568 Moabum,
769 3498 923 3578 quia
959 3505 1176 3560 contra
1203 3498 1511 3561 Jehovam
1550 3519 1617 3561 se
1654 3498 1915 3570 exstulit,
1956 3506 2030 3562 ut
2065 3492 2407 3578 complodat
2428 3486 2487 3546 2⁸¹²

404 3599 646 3660 vomitu
684 3618 799 3660 suo
810 3601 848 3633 (ί
885 3599 1183 3660 XLVIII:
1229 3605 1264 3660 2
1283 3605 1353 3678 63
1409 3601 1663 3662 Moabus
1700 3602 1993 3678 significat
2024 3600 2159 3660 illos
2197 3599 2297 3676 qui
2329 3587 2480 3652 adul-

402 3705 600 3760 terant
657 3700 815 3760 bona
860 3699 1203 3772 Ecclesiae,
1259 3719 1444 3778 quare
1507 3701 1888 3778 praedicatur
1948 3703 2023 3762 de
2066 3701 2185 3760 illis
2236 3694 2480 3756 vomitus·

311 3816 320 3823 ·
401 3799 587 3879 Apud
639 3801 940 3862 Habakuk
1013 3848 1050 3877 „
1074 3800 1204 3865 Vae
1246 3802 1525 3882 facienti
1576 3800 1821 3864 socium
1868 3803 2069 3864 bibere
2132 3795 2323 3860 etiam
2367 3790 2483 3850 im·-

403 3900 688 3979 briando,
730 3907 804 3964 ut
838 3903 1252 3983 introspicias
1289 3901 1621 3982 nieditates
1654 3921 1895 3979 eorum3
1954 3898 2287 3964 satiaberis
2322 3892 2483 3971 iyno·

405 3999 610 4060 mim’a
657 4022 820 4080 prae
867 4001 1081 4082 ,cloria
1094 4025 1124 4076 ;
1185 4005 1318 4064 bibe
1370 3988 1567 4064 etiam
1626 4008 1699 4065 tu
1750 4009 1825 4066 ut
1871 4001 2279 4084 praeputium
2327 3997 2481 4052 tuum

403 4093 742 4159 reveletur.-
789 4101 1142 4163 circumibit
1176 4104 1265 4164 ad
1295 4110 1357 4163 te
1382 4102 1557 4166 calix
1584 4101 1877 4176 Jehovae,
1922 4111 1994 4166 ut
2026 4100 2293 4164 vomitus
2315 4092 2477 4170 ἑρπο-

409 4186 721 4252 minimus
781 4211 970 4273 super
1020 4199 1238 4280 ylom'a
1258 4206 1292 4234 “
1373 4203 1465 4262 II:
1523 4208 1550 4261 1
1574 4207 1631 4264 5.
1692 4208 1719 4262 1
1742 4208 1817 4279 63
1899 4207 2100 4264 bibere
2160 4185 2473 4258 inebriando
