2700 4792
389 315 459 365 35
813 276 1309 353 APOCALYPSIS
1366 297 1796 354 EXPLICATA.
1876 296 1923 366 ς.
1968 306 2061 358 33.

388 468 450 521 et
504 477 616 536 per
658 459 904 518 Patrem
957 457 1152 516 simile
1202 456 1553 532 intelligitur
1608 455 1766 532 quod
1817 471 1929 531 per
1980 455 2295 516 Jehovam.
2374 457 2509 516 Per

385 567 726 636 utrumque,
767 559 968 618 Deum
1005 565 1066 618 et
1098 558 1373 626 Patrem,
1409 557 1573 616 solus
1602 557 1895 615 Dominus
1932 556 2309 634 intelligitur,
2354 575 2503 616 nam

386 662 573 721 Pater
612 663 672 719 in
700 659 846 737 Ipso
885 666 1042 730 erat,
1085 660 1242 718 sicut
1279 659 1477 716 anima
1516 667 1609 716 est
1651 658 1711 714 in
1747 673 1858 715 suo
1894 673 2173 734 corpore,
2220 657 2513 718 videatur

387 777 578 838 supra
615 779 672 819 n:
723 763 808 820 10
847 766 907 819 et
959 763 1078 836 26,
1145 765 1274 818 erat
1325 760 1482 818 enim
1528 763 1855 834 conceptus
1904 775 1943 815 a
1989 757 2294 832 Jehovah,
2360 765 2427 816 et
2466 777 2509 816 a

289 861 304 876 ‘
387 861 522 938 Quo
571 863 704 939 quis
741 863 1102 938 concipitur,
1143 861 1220 918 ab
1254 859 1359 918 illo
1390 864 1482 917 est
1508 859 1707 916 anima
1742 858 1913 934 ejuS‚
1964 863 2331 936 quapropter
2354 875 2507 918 eum

384 961 677 1021 Dominus
713 963 1042 1020 nominavit
1073 963 1314 1021 Patrem
1333 944 1356 1032 ,⁴
1416 958 1711 1018 intellexit
1757 958 2043 1017 Divinum
2086 975 2261 1018 suum
2307 961 2368 1016 in
2412 959 2509 1020 Se

384 1061 560 1139 Ipso,
605 1062 742 1121 inde
773 1068 866 1120 est
893 1061 1054 1138 quod
1089 1062 1320 1136 dixerit,
1364 1057 1611 1134 „Quod
1641 1056 1846 1120 Pater
1880 1058 1950 1119 in
1984 1056 2067 1119 Se
2100 1057 2207 1134 sit,
2246 1065 2305 1120 et
2338 1057 2511 1138 Ipse

384 1161 456 1222 in
491 1160 738 1224 Patre«
793 1161 934 1221 Joh:
981 1162 1062 1221 X:
1107 1164 1217 1222 38.
1260 1161 1422 1239 Cap:
1466 1158 1636 1218 XIV:
1680 1162 1801 1218 1οε
1842 1162 1950 1218 11.
2006 1158 2251 1235 „Quod
2288 1157 2511 1220 Pater

384 1267 445 1322 et
495 1260 645 1343 Ipse
678 1281 878 1323 unum
925 1262 1101 1322 eint“
1160 1261 1314 1322 Joh:
1378 1261 1473 1320 X:
1532 1261 1645 1320 30.
1736 1257 1929 1334 Quod
1976 1278 2103 1320 non
2147 1255 2324 1322 solus
2374 1260 2501 1337 eit,

382 1362 498 1422 sed
536 1363 688 1444 Ipse
721 1368 782 1422 et
814 1359 1034 1436 Pater,
1089 1357 1242 1422 Joh:
1297 1361 1486 1422 XVI:
1533 1362 1645 1419 32.
1720 1359 1896 1436 Quod
1940 1361 2233 1420 Dominus
2270 1361 2502 1438 appel-

382 1465 599 1523 laverit
631 1463 917 1522 Divinum
944 1463 987 1522 J
990 1462 1250 1537 ehovae‚
1291 1461 1453 1538 quod
1485 1465 1543 1520 in
1570 1459 1651 1520 Se
1688 1478 1766 1519 ex
1792 1463 2205 1538 conceptione,
2242 1468 2301 1520 et
2328 1463 2503 1537 quod

387 1570 518 1624 erat
555 1565 710 1623 Esse
749 1565 909 1620 vitae
944 1561 1146 1639 Ipsius
1181 1565 1244 1621 in
1275 1562 1553 1621 Humano
1588 1560 1744 1636 Suo,
1786 1561 2057 1634 Patrem,
2097 1578 2169 1620 ac
2202 1561 2501 1622 Divinum

385 1663 617 1722 Verum
645 1663 805 1740 quod
831 1680 906 1721 ex
939 1663 1158 1723 Divino
1182 1663 1353 1727 Bono
1384 1663 1617 1736 Filium,
1657 1679 1714 1721 nt
1758 1664 1970 1722 2803.
2016 1664 2226 1722 3704.
2272 1665 2495 1724 7499.

394 1765 602 1822 8328.
649 1765 861 1822 8897.
954 1762 1131 1839 Quod
1169 1764 1359 1823 Filius
1394 1763 1647 1822 hominis
1694 1764 1773 1820 sit
1804 1764 2091 1821 Divinum
2125 1761 2385 1836 Verum,
2430 1772 2503 1824 et

384 1863 569 1924 Pater
628 1865 913 1925 Divinum
959 1864 1222 1940 Bonum,
1293 1883 1365 1923 n:
1428 1865 1638 1923 1729.
1708 1864 1917 1923 1733.
1985 1863 2198 1922 2159.
2270 1865 2497 1925 2628.

391 1967 604 2025 2803.
659 1967 872 2024 2813.
929 1966 1140 2025 3255.
1193 1967 1404 2026 3704.
1462 1966 1671 2024 7499.
1728 1966 1939 2023 8897.
1994 1965 2205 2024 9807.
2294 1963 2490 2023 Prae-

384 2071 555 2125 terea
589 2067 908 2124 videantur
947 2083 1100 2142 quae
1149 2068 1210 2124 in
1259 2066 1592 2126 Doo‘rnum
1624 2064 1847 2124 Novas
1880 2063 2368 2124 Ihmosowmr.
2412 2083 2499 2124 ex

386 2166 663 2224 Ancnms
694 2164 1116 2227 Coenusmnus
1142 2169 1328 2227 citata
1360 2172 1501 2225 sunt
1530 2164 1604 2225 de
1622 2166 1887 2225 unitione
1913 2166 2117 2226 Divini
2132 2207 2150 2237 ,
2186 2165 2347 2242 quod
2370 2165 2413 2225 J
2418 2183 2495 2226 e-

383 2265 582 2324 hovah
612 2266 794 2326 Pater
822 2273 1103 2343 vocatur,
1151 2284 1287 2327 cum
1322 2266 1542 2326 Divino
1572 2266 1850 2326 Humano
1882 2266 2122 2352 Domini
2142 2311 2158 2339 ,
2211 2284 2283 2325 n:
2327 2267 2497 2326 304.

501 2355 505 2359 ”
545 2368 655 2427 33.
721 2367 849 2443 Ipsi
893 2367 1086 2444 gloria
1126 2373 1188 2427 et
1238 2366 1421 2432 robur
1466 2370 1527 2425 in
1570 2367 1821 2426 saecula
1861 2367 2272 2441 saeculorum,
2328 2367 2493 2443 quod

317 2495 336 2516 s
383 2467 517 2542 illa,
573 2485 790 2544 nempe
827 2466 1108 2526 Divinum
1154 2468 1387 2526 Bonum
1432 2475 1493 2528 et
1526 2467 1811 2527 Divinum
1844 2468 2099 2541 Verum,
2157 2485 2193 2525 a
2226 2467 2493 2528 Domino

386 2565 528 2628 Solo
563 2569 624 2627 in
663 2574 1002 2640 aeternum,
1059 2575 1293 2628 constat
1331 2586 1369 2627 a
1418 2568 1847 2645 significatione
1896 2568 2155 2645 gloriae,
2214 2569 2375 2644 quod
2409 2570 2494 2626 sit

383 2666 672 2727 Divinum
705 2667 933 2728 Verum
967 2671 1030 2728 in
1059 2669 1278 2744 Coelo,
1330 2669 1405 2728 de
1442 2687 1564 2746 qua
1610 2688 1680 2729 n:
1734 2671 1950 2729 4809.
2015 2670 2223 2728 5922.
2272 2670 2489 2727 8267.

391 2771 601 2828 8427.
649 2771 833 2828 9429
853 2791 869 2846 3
927 2777 986 2830 et
1015 2788 1089 2828 ex
1125 2769 1555 2846 significatione
1593 2771 1851 2844 roboris,
1894 2769 2053 2846 quod
2090 2771 2167 2827 sit
2201 2768 2491 2828 Divinum

381 2868 618 2928 Bonum
650 2887 762 2946 per
788 2870 1071 2930 Divinum
1107 2870 1353 2945 Verum,
1394 2873 1672 2948 quoniam
1699 2869 1923 2929 Divino
1956 2871 2125 2930 Bono
2161 2887 2271 2946 per
2305 2870 2490 2930 Divi-

381 2987 523 3028 num
573 2969 802 3030 Verum
842 2978 938 3031 est
973 2988 1144 3030 omne
1191 2970 1371 3030 robur
1418 2979 1478 3030 et
1514 2973 1705 3030 omnis
1740 2958 2039 3047 potentia,
2111 2971 2391 3029 videatur
2424 2989 2491 3030 n:

222 3067 348 3130 [29]
396 3072 607 3131 3091.
654 3073 865 3131 3563.
911 3073 1142 3131 6344..
1169 3073 1377 3130 6423.
1415 3074 1627 3131 8304.
1664 3073 2175 3131 964310019.
2210 3073 2491 3148 10182;

383 3177 443 3230 et
488 3173 548 3229 in
584 3169 785 3249 Opere
823 3173 896 3231 de
948 3171 1162 3232 Coeno
1203 3190 1282 3229 Μ’
1327 3172 1634 3244 Inrnnuo,
1694 3172 1800 3230 ubi
1850 3175 2047 3249 agitur
2094 3172 2168 3230 de
2214 3173 2493 3248 potentia

381 3271 752 3348 Angelorum
789 3271 956 3332 Coeli
993 3291 1029 3331 a
1062 3273 1316 3332 Domino
1329 3317 1346 3348 ,
1405 3292 1463 3331 n:
1508 3276 1647 3332 228
1692 3273 1772 3331 ad
1810 3274 1985 3332 233:
2042 3272 2201 3349 quod
2238 3273 2302 3329 in
2336 3289 2489 3330 sae-

382 3371 522 3432 cula
555 3371 931 3431 saeculorum
971 3376 1049 3432 sit
1098 3375 1158 3431 in
1195 3378 1535 3448 aeternum,
1580 3378 1749 3450 patet
1787 3373 2019 3450 absque
2066 3372 2488 3448 explicatione.

386 3472 563 3548 Quod
606 3472 796 3550 gloria
832 3475 910 3532 sit
937 3473 1218 3533 Divinum
1254 3473 1485 3532 Verum
1519 3476 1580 3531 in
1620 3472 1837 3544 Coe10,
1891 3480 1986 3532 est
2022 3476 2163 3550 quia
2199 3471 2493 3532 Divinum

379 3572 608 3642 Verum
642 3572 726 3630 ibi
756 3579 849 3632 est
889 3575 1052 3649 Lux,
1105 3581 1164 3634 et
1197 3573 1302 3633 illa
1337 3591 1493 3651 quae
1533 3592 1608 3634 ex
1642 3573 1806 3634 Luce
1850 3574 2005 3633 coeli
2042 3575 2335 3648 existunt,
2371 3590 2487 3631 vo-

379 3679 590 3733 cantur
615 3673 830 3752 gloria,
879 3677 1020 3752 quia
1049 3676 1312 3734 existunt
1345 3693 1384 3732 a
1409 3673 1685 3749 Domino,
1726 3682 1786 3734 et
1819 3679 2278 3752 repraesentant
2304 3672 2485 3732 Divi-

376 3791 523 3832 num.
545 3775 772 3834 Verum
803 3775 961 3852 quod
990 3776 1065 3834 ab
1100 3773 1281 3852 IpSO,
1308 3805 1314 3808 ·
1337 3783 1398 3834 et
1432 3780 1678 3833 narrant
1712 3776 1961 3853 gloriam
1986 3775 2219 3852 IpsiuS,
2272 3775 2491 3850 impri-

377 3876 491 3932 mis
531 3893 686 3952 quae
730 3877 886 3934 intra
925 3875 1257 3954 Angelum,
1307 3893 1463 3952 quae
1501 3882 1639 3934 sunt
1682 3875 2112 3953 intelligentiae
2144 3882 2203 3934 et
2238 3877 2486 3952 sapien-

376 3975 527 4050 tiae;
585 3976 743 4052 quod
788 3977 921 4036 Lux
971 3975 1140 4037 Coeli
1185 3979 1264 4035 sit
1308 3977 1591 4036 Divinum
1639 3976 1897 4049 Verum,
1962 3983 2023 4036 et
2077 3976 2237 4052 quod
2288 3975 2489 4035 omnia

379 4092 534 4150 quae
571 4079 631 4134 in
667 4076 850 4148 Coelo
886 4084 1041 4154 sunt,
1079 4083 1200 4135 tam
1231 4084 1401 4136 extra
1438 4095 1617 4153 quam
1650 4080 1807 4139 intra
1841 4077 2159 4154 Angelum,
2202 4093 2277 4135 ex
2314 4075 2481 4134 Luce

381 4175 464 4234 ibi
505 4179 779 4251 existant,
817 4177 1093 4238 videatur
1120 4179 1180 4237 in
1210 4177 1413 4258 Opere
1444 4178 1517 4238 de
1548 4177 1757 4240 Oeno
1794 4195 1871 4239 m*
1905 4178 2207 4255 INFERNO,
2246 4195 2304 4235 n.
2342 4179 2369 4234 1
2390 4161 2507 4234 26'
