2700 4792
275 354 514 440 CAPUT
567 355 908 414 Telmun.
1662 357 1875 414 νεεδ.
1919 369 2011 422 17.
2168 369 2279 423 ⁸⁹⁵

172 520 232 580 in
261 536 534 580 manum
573 532 792 576 eorum
823 531 980 594 quoe
1017 510 1246 583 odisti,
1297 518 1371 576 ut
1404 520 1606 594 ayant
1639 519 1843 578 tecum
1878 533 1961 578 ex
2002 515 2168 592 odio,
2220 523 2281 578 et

169 623 406 682 ament
455 635 702 678 omnem
753 611 1028 676 laborem
1063 619 1276 684 tuum,
1339 619 1401 674 et
1442 621 1501 676 te
1544 612 1893 695 relinquent
1934 615 2181 680 nudam
2216 624 2280 680 et

167 717 554 782 denudatam
569 761 586 789 ,
647 721 722 778 ut
775 711 1080 776 reveletur
1121 713 1393 776 nuditas
1450 715 1907 778 scortationum
1955 723 2217 780 tuarum
2237 721 2277 754 “

167 819 418 881 xxm=
477 821 544 876 4.
589 821 649 877 8.
697 819 755 876 9.
799 819 910 876 10.
957 817 1064 876 18.
1121 819 1232 876 28.
1277 820 1409 893 293
1464 819 1661 894 agitur
1704 819 1767 876 in
1816 835 1887 876 eo
1938 817 2151 895 Capite
2202 820 2277 880 de

168 920 442 981 Samaria
477 935 636 994 quae
663 922 914 976 vocatur
941 913 1152 990 Obola‚
1193 921 1254 974 et
1291 915 1365 976 de
1394 917 1817 994 Hierosolyma
1844 935 1999 995 quae
2030 926 2281 980 vocatur

171 1019 454 1094 Oboliba,
515 1025 580 1078 et
622 1035 734 1095 per
781 1023 1096 1092 utramque
1141 1015 1511 1094 significatur
1546 1017 1849 1100 Ecclesia,
1901 1034 2013 1093 per
2060 1016 2276 1078 Sama-

169 1124 306 1180 riam
358 1119 470 1178 ubi
521 1119 628 1180 filii
659 1115 938 1192 Israelis,
991 1115 1361 1194 significatur
1395 1117 1671 1178 Ecclesia
1716 1120 1777 1176 in
1814 1128 1933 1196 qua
1980 1135 2099 1178 non
2134 1137 2281 1180 vera

169 1222 268 1282 sed
301 1220 486 1293 falsa,
527 1228 588 1280 et
620 1235 732 1296 per
758 1217 1238 1296 Hierosolymam
1262 1217 1540 1280 Ecclesia
1572 1220 1633 1277 in
1668 1235 1789 1296 qua
1820 1235 1939 1277 non
1974 1217 2133 1277 bona
2167 1221 2281 1280 sed

167 1322 358 1380 mala:
419 1321 568 1396 quid
615 1317 986 1396 significatur
1029 1335 1142 1396 per
1189 1320 1442 1378 morteri
1503 1336 1636 1378 eum
1674 1319 1989 1396 Aegyptiis
2036 1325 2097 1378 et
2140 1336 2278 1380 eum

155 1422 290 1486 filiis
324 1419 648 1496 Asc-buris,
703 1427 764 1479 et
799 1419 940 1494 quid
973 1435 1086 1495 per
1112 1418 1387 1478 occidere
1422 1417 1575 1480 filias
1612 1426 1673 1478 et
1712 1419 1867 1480 filios
1894 1418 2025 1496 ejus
2054 1419 2274 1496 gladio,

165 1539 342 1600 supra
377 1522 746 1598 explicatum
775 1525 897 1596 est3
937 1519 1150 1578 exinde
1184 1526 1359 1595 patet
1393 1519 1553 1596 quod
1586 1538 1699 1597 per
1732 1519 2075 1597 relinquere
2111 1520 2277 1580 illam

165 1623 376 1682 nudam
415 1630 486 1692 et
517 1620 880 1680 denudatam
913 1619 1278 1696 significetur
1315 1619 1545 1696 absque
1580 1638 1727 1680 vero
1764 1628 1825 1680 et
1858 1620 2031 1680 bono.
2095 1621 2281 1698 Apud

164 1723 396 1800 Esajam
459 1719 844 1796 „Dominus
881 1717 1235 1782 decalvabit
1265 1719 1555 1782 verticem
1580 1719 1883 1801 ,tibiarum
1915 1719 2181 1798 Ζίοηίε,
2218 1727 2283 1782 et

165 1821 444 1884 Jehovah
465 1820 760 1902 podicem
799 1839 1022 1880 earum
1055 1818 1372 1881 nudabit“
1418 1814 1547 1880 III:
1593 1825 1621 1880 1
1644 1827 1700 1896 73
1754 1822 1911 1881 filiae
1948 1822 2153 1882 Zionis
2190 1826 2277 1883 si-

169 1924 442 2000 gnificant
476 1921 812 1981 Ecclesiam
865 1920 1186 1980 coelestem
1251 1927 1312 1979 et
1362 1937 1515 1998 quae
1566 1921 1724 1981 illius
1759 1921 2069 1989 Ecclesiae
2120 1933 2275 1999 sunt,

165 2023 250 2083 hie
283 2032 493 2082 autem
529 2023 694 2080 illam
730 2037 1076 2098 perversam
1103 2041 1120 2096 3
1173 2027 1385 2080 vertex
1420 2021 1655 2080 illarum
1704 2025 1807 2098 qui
1842 2023 2274 2094 decalvabitur,

167 2123 460 2201 significat
492 2122 946 2200 intelligentiam
993 2139 1114 2197 qua
1159 2121 1572 2198 deprivabitur
1588 2142 1604 2198 3
1660 2129 1722 2181 et
1772 2121 1971 2198 podex
2024 2126 2127 2200 qui
2160 2143 2275 2183 nu-

165 2224 394 2284 dabitur
447 2223 746 2300 signifieat
789 2239 1052 2282 amorem
1095 2222 1238 2280 mali
1287 2228 1348 2280 et
1382 2220 1541 2280 falsi.
1595 2221 1779 2298 Apud
1812 2221 2049 2280 Nahum
2088 2267 2126 2297 „
2150 2222 2283 2286 Vae

161 2323 302 2384 wbi
353 2323 779 2403 aanyuimcm,
847 2326 984 2384 tota
1039 2321 1369 2383 mendacio
1424 2326 1487 2381 et
1546 2320 1785 2400 rapina
1828 2317 2027 2399 plena
2040 2349 2074 2398 ,·
2116 2343 2282 2403 prae

163 2420 576 2484 multitudine
598 2423 1056 2485 scortationum
1083 2421 1220 2505 ejus
1244 2427 1527 2502 reteyam
1540 2421 1839 2503 fimbria-s·
1864 2439 2055 2501 cuper
2063 2423 2280 2502 facies

170 2525 360 2596 tuae,
429 2528 486 2582 et
531 2523 856 2586 ostendam
908 2521 1200 2603 yentibue
1261 2521 1620 2584 nuditatem
1670 2527 1879 2596 tuam,
1947 2525 2007 2580 et
2059 2522 2279 2600 requie

169 2621 633 2702 iynomim'am“
669 2625 796 2686 III:
833 2628 893 2683 1.
927 2627 988 2682 4.
1027 2624 1097 2698 53
1151 2623 1296 2684 urbs
1331 2626 1687 2700 sanguinum
1726 2620 2021 2699 signifieat
2048 2621 2273 2680 doetri-

169 2741 300 2782 nam
335 2723 474 2783 falsi
511 2743 662 2800 quae
697 2725 1041 2786 violentiam
1087 2725 1266 2784 insert
1308 2724 1465 2783 bono
1516 2725 1844 2784 charitatis.
1925 2721 2106 2797 Apud
2139 2721 2273 2780 Ha-

169 2822 361 2882 bakuk
421 2869 460 2900 „
485 2823 615 2886 Vae
651 2824 932 2905 facienti
977 2823 1219 2885 socium
1257 2823 1482 2897 bibere,
1538 2824 1847 2901 etiamque
1886 2821 2274 2898 inebrianda

172 2927 237 2982 ut
276 2922 690 3004 introspiciat?
731 2923 1063 2986 nuditates
1107 2943 1322 2986 eorum
1332 2944 1363 2996 ;
1422 2924 1555 2986 bibe
1596 2923 1792 2984 etiam
1841 2927 1912 2984 tu
1962 2927 2037 2984 ut
2076 2942 2275 3002 prae-

166 3023 416 3100 putium
459 3022 821 3086 reveletur“
887 3025 986 3084 11:
1035 3027 1140 3085 15.
1188 3027 1306 3100 163
1360 3025 1562 3084 faeere
1622 3026 1852 3084 socium
1906 3023 2115 3084 bibere
2176 3028 2275 3084 in·-

176 3123 465 3200 ebriando,
507 3125 803 3202 signifieat
827 3125 1096 3184 imbuere
1131 3124 1302 3184 falsis
1337 3141 1533 3202 usque
1569 3132 1635 3184 ut
1662 3143 1779 3184 non
1805 3126 2009 3185 videat
2036 3143 2275 3201 verum3

179 3224 560 3302 introspicere
595 3225 896 3286 nuditates
937 3232 1030 3285 est
1063 3231 1130 3284 ut
1164 3233 1499 3302 appareant
1533 3225 1689 3284 falsa
1744 3243 1899 3301 quae
1934 3226 2279 3285 intellectus

178 3327 228 3380 et
255 3325 414 3384 mala
449 3342 608 3401 quae
633 3326 988 3402 voluntati33
1024 3332 1092 3384 ut
1124 3327 1507 3402 praeputium
1546 3327 1850 3385 reveletur
1888 3335 1982 3386 est
2010 3337 2077 3385 ut
2102 3345 2277 3384 amo-

177 3437 262 3482 res
293 3427 528 3502 spurci:
567 3427 728 3502 quod
751 3425 958 3484 bibere
993 3427 1070 3485 sit
1103 3427 1315 3486 instrui
1347 3426 1410 3485 in
1435 3429 1613 3500 veria,
1652 3425 1929 3485 videatur
1964 3445 2021 3484 n:
2056 3427 2193 3483 306
2210 3427 2269 3481 9.

183 3523 379 3584 3772.
422 3528 638 3586 401-7.
677 3529 888 3586 4018.
935 3527 1144 3586 8562.
1190 3529 1416 3602 9412,
1470 3527 1609 3587 inde
1668 3527 1731 3584 in
1780 3526 2053 3601 opposito
2090 3537 2273 3592 sensu
2348 3581 2352 3588 ,

176 3629 256 3681 est
288 3624 555 3685 imbuere
603 3627 788 3702 falsa3
845 3626 1005 3702 quod
1039 3625 1320 3685 inebriari
1371 3629 1450 3685 sit
1500 3628 1759 3685 insanire
1812 3642 1887 3683 ex
1932 3621 2133 3694 falsie,
2188 3622 2275 3679 ita

171 3738 276 3782 non
306 3725 512 3785 videre
549 3743 722 3796 vera,
766 3745 836 3785 n:
883 3729 1106 3785 1072:
1163 3727 1320 3803 quod
1355 3725 1737 3803 praeputium
1772 3722 2061 3798 significet
2100 3738 2271 3778 amo-

172 3838 260 3882 res
293 3841 618 3902 corporeos
657 3833 718 3884 et
753 3833 1070 3887 terrestres
1083 3872 1099 3902 ,
1154 3845 1226 3885 n:
1268 3829 1479 3886 4462.
1528 3825 1662 3882 ‘104
1678 3825 1737 3882 5.
1808 3821 1955 3882 Inde
1996 3827 2274 3878 constare

171 3930 357 3996 potest
391 3926 538 4004 quid
571 3928 940 4002 significatur
974 3944 1086 4004 per
1121 3926 1281 4004 quod
1330 3921 1684 4006 „Noachus
1711 3919 1933 3981 biberit
1966 3918 2187 3980 vinum
2215 3923 2275 3978 ct

172 4019 506 4086 inebriatus
534 4026 624 4087 eit
637 4072 654 4103 ,
711 4027 808 4088 ita
846 4032 920 4090 ut
936 4025 1180 4108 jaceret
1213 4023 1431 4086 nudus·
1476 4023 1547 4084 in
1587 4020 1793 4082 medio
1833 4019 2091 4083 tentorii
2128 4020 2235 4082 cui
2252 4042 2273 4080 .·

173 4126 221 4179 et
243 4125 438 4202 'quod
491 4125 776 4189 Okamua
824 4126 1046 4188 viserit
1091 4123 1451 4187 nuditatem
1492 4121 1713 4203 patric
1761 4122 1892 4199 sai,
1974 4121 2279 4185 salamnus

176 4229 368 4286 autem
407 4232 469 4287 et
493 4225 812 4308 Japhetus
847 4227 1121 4290 texerint
1159 4223 1519 4286 nuditatem
1560 4223 1696 4308 ejus
1710 4270 1726 4300 ,
1782 4229 1841 4284 ct
1876 4224 2043 4305 quod
2065 4225 2279 4304 facie-3
