2700 4792
321 358 549 416 CAPUT
581 356 922 415 TERTIUM.
1663 359 1875 415 VERS:
1920 369 2010 420 12.
2166 369 2274 423 347

37 554 85 619 Υ
173 515 316 580 cisti
347 514 620 578 consilia
678 535 723 576 a
763 512 1103 596 lonyinquo
1118 561 1133 589 ,
1199 515 1557 588 veritatem,
1598 510 1986 598 fidelitatem
1996 539 2023 590 ;
2068 524 2129 578 et
2156 537 2279 598 po-

170 617 355 680 suisti
393 615 478 677 de
531 615 689 678 Urbe
742 617 812 676 in
875 633 1194 690 acervum,
1254 617 1471 678 urbem
1516 617 1831 679 munitam
1878 619 1951 679 in
2000 619 2281 690 ruinam,
2368 675 2377 684 ,

162 717 482 800 palacium
527 715 882 777 alienorum
929 715 1010 776 de
1059 717 1234 786 urbe,
1285 721 1359 778 ut
1398 717 1470 778 in
1499 724 1879 797 perpetuum
1918 737 2044 780 non
2094 718 2277 780 aedi·-

34 795 37 856 ¹
161 822 416 901 ficetur:
467 823 804 898 propterea
859 815 1250 878 honorabunt
1300 815 1391 877 Te
1429 815 1715 896 populus
1766 816 2028 880 validus
2044 864 2062 893 ,
2120 820 2280 880 urbs

34 913 36 918 ’
169 919 444 1001 yentium
471 917 756 999 fortium
807 916 1112 978 timebunt
1163 916 1253 977 Te
1275 920 1313 951 “
1375 916 1579 977 XXV:
1625 922 1682 978 1.
1724 923 1785 978 2.
1831 923 1903 996 33
1966 921 2163 996 agitur
2198 919 2281 977 ibi
2360 972 2371 986 ,

171 1021 238 1080 de
300 1021 644 1078 vastatione
680 1017 992 1078 Ecclesiae
1050 1019 1268 1094 prioris
1331 1026 1394 1076 et
1446 1018 1521 1077 de
1570 1019 2000 1078 instauratione
2049 1035 2275 1092 novae3

167 1123 418 1180 vastatio
442 1119 756 1178 Ecclesiae
795 1117 996 1196 quoad
1033 1118 1365 1186 doctrinam
1392 1117 1741 1195 intelligitur
1774 1137 1885 1195 per
1909 1121 2169 1196 posuisti
2204 1118 2278 1178 de

172 1221 320 1283 Urbe
354 1223 420 1279 in
447 1237 748 1293 acervum,
788 1218 998 1278 urbem
1028 1221 1316 1276 munitam
1351 1221 1411 1277 in
1439 1221 1687 1292 ruinam,
1727 1219 2015 1296 palatium
2046 1219 2275 1277 alieno-

169 1341 288 1381 rum
319 1322 396 1380 de
424 1321 622 1396 Urbe3
665 1326 725 1378 et
758 1322 1120 1380 instauratio
1147 1337 1342 1379 novae
1369 1319 1681 1378 Ecclesiae
1720 1319 1917 1395 quoad
1952 1321 2279 1378 doctrinam

166 1423 654 1504 intelligiturper
677 1419 1051 1480 honorabunt
1067 1421 1156 1480 Te
1182 1419 1445 1497 populus
1472 1421 1729 1490 validus,
1751 1427 1812 1479 et
1831 1420 1989 1481 Urbs
2015 1422 2277 1496 gentium

167 1524 401 1583 fortium
447 1521 740 1581 timebunt
775 1521 884 1580 Te.
947 1521 1128 1596 Apud
1163 1520 1435 1580 Eundem
1476 1519 1605 1596 „In
1638 1519 1745 1580 die
1777 1517 1893 1580 illo
1922 1519 2282 1580 cantabitur

167 1621 498 1684 Canticum
551 1621 622 1682 in
680 1607 852 1682 terra
891 1619 1208 1692 Jehudae‚
1263 1622 1413 1682 wrbs
1466 1618 1691 1682 valida
1736 1621 1939 1696 nobis,
2006 1617 2281 1680 salutem

161 1729 346 1803 ponet
384 1741 606 1782 muros
643 1727 703 1782 et
744 1720 1135 1784 antemurale
1144 1743 1172 1794 ;
1225 1721 1464 1801 aperite
1492 1727 1725 1800 portas
1766 1727 1835 1782 ut
1874 1721 2284 1801 inyrediatur

167 1844 313 1902 qens
340 1824 538 1906 justa
587 1821 946 1884 custodiens
973 1820 1328 1903 fidelitates
1349 1825 1385 1855 “
1442 1821 1685 1882 XXV12
1731 1826 1786 1881 1.
1825 1827 1898 1896 2;
1964 1821 2121 1882 Urbs
2158 1839 2272 1880 va-

164 1924 276 1983 lida
334 1926 438 1984 hic
499 1925 794 2000 significat
839 1923 1166 1983 doctrinam
1218 1925 1459 1998 genuini
1504 1925 1667 1991 veri,
1730 1941 1907 1998 quam
1943 1923 2099 1982 falsa
2152 1939 2273 1980 non

166 2032 414 2101 possunt
439 2026 776 2100 destruere;
804 2027 956 2083 muri
979 2032 1038 2085 et
1072 2023 1441 2084 antemurale
1462 2022 1795 2099 significant
1821 2041 1968 2101 vera
1994 2025 2269 2091 tutantia,

167 2133 370 2201 portae
407 2117 744 2202 significant
783 2125 1226 2194 admissionem,
1261 2131 1329 2182 ut
1366 2140 1554 2200 supra
1589 2141 1659 2182 n:
1706 2125 1845 2183 208
1864 2143 1881 2200 3
1934 2140 2081 2200 gens
2111 2124 2283 2200 justa

170 2227 506 2286 custodiens
553 2224 876 2284 fidelitates
923 2231 1065 2284 sunt
1109 2224 1198 2284 illi
1253 2227 1355 2300 qui
1404 2227 1466 2281 in
1510 2224 1665 2282 bono
1706 2231 1765 2282 et
1802 2224 1939 2282 inde
1976 2227 2037 2282 in
2096 2227 2275 2284 veris.

165 2327 344 2402 Apud
377 2326 647 2385 Eundem
714 2371 750 2400 „
781 2324 1110 2400 Quomodo
1155 2324 1449 2385 cecidisti
1488 2321 1566 2382 de
1604 2320 1784 2382 Coelo
1826 2322 2110 2404 Lucifer,
2158 2343 2274 2384 em-

166 2425 338 2486 oieus
367 2445 432 2485 es
455 2427 526 2486 in
551 2431 804 2495 tem-am,
847 2425 960 2504 qui
982 2426 1201 2504 posuit
1225 2425 1431 2486 orbem
1453 2424 1525 2483 in
1552 2421 1885 2492 desertum,
1924 2424 2105 2484 urbes
2140 2423 2279 2506 eju-3

175 2523 532 2586 destmoeit:
560 2531 794 2606 parate
808 2523 984 2606 filiis
1009 2526 1146 2607 ejus
1171 2524 1631 2598 mactationem,
1660 2527 1733 2584 ut
1755 2541 1880 2583 non
1904 2528 2277 2601 resumant:

171 2630 234 2684 et
263 2625 638 2705 possideant
675 2632 940 2700 terram,
983 2645 1060 2686 ao
1085 2623 1473 2705 impleantur
1490 2623 1705 2705 facies·
1744 2628 1949 2683 terrae
1970 2621 2229 2683 urbibus
2238 2624 2275 2654 “

172 2725 342 2786 XIV:
389 2731 496 2786 12.
539 2731 567 2784 l
589 2733 648 2786 7.
685 2732 722 2786 2
743 2730 810 2802 13
858 2743 970 2803 per
1003 2727 1348 2786 Luciferum
1380 2726 1463 2785 ibi
1496 2725 1859 2801 intelligitur
1894 2721 2086 2782 Babel
2105 2765 2120 2795 ,
2174 2721 2280 2780 ubi

171 2844 336 2886 omne
375 2845 584 2887 verum
629 2829 956 2886 Doctrinae
996 2825 1305 2886 Ecclesiae
1341 2827 1442 2886 vel
1485 2825 1871 2885 falsificatum
1907 2823 2009 2883 vel
2044 2822 2279 2882 annihi-
2320 2827 2481 2893 [231]

169 2925 347 2986 latum
397 2935 516 3001 est3
584 2927 742 3003 quod
775 2909 1048 3003 posuerit
1095 2927 1300 2986 orbem
1346 2930 1408 2985 in
1444 2926 1745 2985 desertum
1800 2932 1859 2984 et
1912 2924 2093 2996 urbes
2146 2925 2279 3002 ejus

171 3028 556 3103 destruxerit,
593 3028 888 3106 significat
921 3026 1081 3104 quod
1107 3027 1441 3088 Ecclesiam
1480 3035 1541 3086 et
1566 3025 1917 3086 doctrinalia
1958 3026 2090 3102 ejus
2110 3045 2125 3101 3
2164 3041 2281 3102 pa-

173 3135 292 3188 rate
329 3129 470 3188 filiis
509 3130 640 3205 ejus
677 3130 1096 3188 mactationem
1133 3134 1198 3190 ut
1231 3145 1349 3187 non
1386 3134 1729 3204 resurgant,
1788 3126 2085 3204 significat
2122 3126 2285 3203 quod

173 3229 321 3288 falsa
359 3232 494 3306 ejus
535 3229 896 3289 destruenda
931 3231 1078 3304 sint3-
1113 3235 1175 3288 et
1209 3227 1561 3305 possideant
1596 3235 1847 3302 terram,
1888 3234 1949 3286 et
1982 3227 2281 3304 implean-

174 3335 262 3388 tur
301 3330 490 3390 facies
521 3336 718 3392 terrae
746 3328 1028 3403 urbibus,
1070 3329 1365 3405 significat
1400 3336 1467 3387 ut
1494 3329 1768 3388 Ecclesia
1804 3330 1883 3386 sit
1920 3336 1979 3387 et
2014 3327 2285 3387 doctrina

171 3428 264 3487 ibi.
324 3431 392 3490 In
429 3431 804 3508 Apocalypsi
851 3427 1142 3504 „Fracta
1181 3434 1276 3488 est
1309 3430 1460 3490 urbs
1498 3447 1736 3508 mayna
1774 3427 1845 3487 in
1882 3433 2011 3486 tres
2038 3432 2284 3506 parte-3,

173 3533 226 3586 et
257 3531 444 3592 urbes
485 3531 772 3609 yontium
811 3531 1220 3590 eor-meran&
1277 3529 1462 3589 XVI:
1510 3533 1539 3587 1
1560 3532 1619 3588 8.
1669 3533 1697 3586 1
1720 3531 1790 3602 93
1848 3528 2025 3584 etiam
2069 3524 2152 3583 ibi
2208 3524 2283 3583 de

169 3626 409 3706 Babele;
455 3632 586 3708 ejus
621 3631 908 3689 falsorum
937 3630 1208 3688 doctrina
1243 3637 1336 3689 est
1366 3647 1518 3706 quae
1554 3626 1902 3702 intelligitur
1934 3643 2046 3701 per
2074 3623 2282 3682 urbem

169 3728 418 3791 fractam
463 3733 526 3789 in
570 3739 692 3791 tres
745 3738 948 3807 partes
966 3775 982 3805 ,
1040 3739 1100 3790 et
1138 3730 1274 3789 inde
1313 3730 1580 3788 doctrina
1624 3726 1917 3784 malorum
1952 3742 2064 3800 per
2097 3724 2281 3784 urbes

170 3833 431 3904 gentium
469 3849 624 3908 quae
661 3834 1028 3891 corruerunt.
1087 3830 1270 3908 Apud
1304 3828 1599 3888 Davidem
1637 3822 1987 3899 „Redemti
2009 3822 2285 3884 Jehovae

169 3937 462 3993 errarunt
499 3933 570 3994 in
605 3931 852 3993 deserto
865 3977 881 4006 ,
930 3932 1001 3991 in
1025 3929 1375 3991 solitudine
1412 3928 1581 4002 viae,
1628 3926 1841 3986 urbem
1867 3922 2283 3986 habitationis

170 4047 286 4092 non
331 4033 732 4108 invenerunt,
776 4028 1078 4114 famelici
1118 4037 1178 4091 et
1215 4012 1565 4099 sitibundi,
1616 4026 1812 4088 duxit
1847 4044 1951 4086 eos
2001 4025 2073 4086 in
2110 4022 2287 4086 viam

171 4139 430 4208 rectam,
489 4139 562 4194 ut
604 4133 897 4194 irent-ad
938 4133 1151 4194 urbem
1187 4128 1652 4193 habitationis“
1701 4128 1935 4188 Psalm:
1976 4127 2175 4189 CVII:
2219 4131 2281 4187 2.

175 4233 232 4289 4.
279 4235 336 4292 5.
387 4240 460 4311 ⁷3
520 4251 720 4295 errare
757 4237 818 4296 in
853 4235 1094 4294 deserto
1133 4241 1206 4293 ·et
1239 4235 1302 4292 in
1337 4231 1655 4293 solitudine
1692 4232 1881 4305 vitae,
1942 4237 2034 4290 est
2068 4232 2127 4288 in
2168 4247 2283 4305 pe-
