2700 4792
47 7 119 464 Ι
294 365 532 420 CAPUT
572 363 916 432 TERTIUM.
1647 367 1859 424 VERS=
1904 381 1994 434 17.
2152 383 2261 440 383

48 509 53 518 ”
165 527 379 582 tametsi
413 542 532 584 non
569 523 774 583 vident
809 539 920 582 seu
953 523 1320 600 intelligunt,
1360 540 1427 584 se
1462 531 1771 601 avertunt,
1810 527 2079 590 dicentes
2118 533 2264 607 quid

159 625 278 696 hoc,
335 624 496 701 quod
542 625 721 683 video
784 641 896 682 seu
939 624 1205 701 intelligo
1255 624 1373 684 hoc
1426 627 1639 701 credo,
1696 629 1857 703 quod
1903 637 2103 690 autem
2136 649 2259 692 non

161 727 310 788 video
347 743 462 786 seu
495 725 796 801 intelligo,
852 725 967 784 hoc
1003 741 1120 782 non
1155 723 1401 784 credere
1430 743 1705 801 possum,
1744 729 1897 788 forte
1932 737 2073 788 sunt
2104 733 2261 792 falsa

48 845 51 868 ν
161 843 290 901 quae
327 827 650 885 destruunt
683 829 868 883 vitam
903 825 1294 901 spiritualem.
1380 827 1556 902 Quod
1586 829 1675 886 illi
1724 831 1825 906 qui
1876 832 1936 888 in
1987 831 2259 892 doctrin-a
2303 814 2313 825 ⁶

48 909 50 912 ’
159 925 216 984 de
247 927 380 984 sola
411 925 534 984 fide
571 932 630 984 et
665 926 738 983 de
767 925 1199 1001 justificatione
1235 944 1345 1002 per
1379 926 1541 984 illam
1580 935 1752 997 sunt,
1806 929 2037 1006 absque
2072 933 2255 992 intel-

48 1069 50 1072 >
155 1025 296 1084 lectu
330 1027 474 1084 boni
529 1028 670 1101 quia
717 1026 946 1102 absque
982 1025 1290 1084 voluntate
1340 1026 1480 1086 boni
1525 1031 1667 1102 sint,
1724 1034 1999 1089 constare
2045 1039 2255 1106 potest

157 1141 220 1184 ex
253 1144 356 1200 e0,
395 1125 562 1202 quod
595 1143 840 1202 prorsus
877 1126 1022 1184 nihil
1057 1126 1130 1184 de
1161 1126 1449 1184 charitate
1490 1144 1633 1203 erga
1667 1131 2003 1204 proximum
2036 1133 2249 1206 sciant,

48 1219 50 1224 ’
155 1228 384 1300 proinde
437 1226 584 1285 nihil
630 1225 702 1284 de
737 1226 924 1299 bono,
979 1243 1152 1284 omne
1203 1228 1357 1284 enim
1406 1227 1621 1284 bonum
1675 1230 1987 1305 spirituale
2034 1238 2127 1289 est
2182 1249 2255 1292 ex
2294 1291 2299 1296 ,

158 1326 430 1386 charitate
469 1331 532 1385 et
566 1327 710 1384 nihil
745 1327 974 1403 absque
1007 1343 1111 1399 ea,
1151 1335 1521 1402 quapropter
1556 1331 1659 1403 qui
1686 1338 1973 1404 separant
2007 1331 2185 1390 fidem
2220 1349 2257 1390 a

155 1427 456 1500 charitate,
515 1426 782 1486 dicentes
819 1426 976 1502 quod
1013 1426 1272 1486 charitas
1307 1426 1456 1485 nihil
1492 1428 1569 1486 ad
1604 1429 1860 1488 salutem
1896 1431 2105 1505 faciat,
2144 1432 2255 1490 sed

156 1528 270 1586 sola
315 1529 502 1596 fides,
555 1527 642 1585 illi
689 1543 934 1602 prorsus
983 1529 1258 1604 ignorant
1303 1528 1447 1603 quid
1487 1528 1737 1600 bonum,
1792 1533 1933 1606 quia
1981 1533 2257 1608 ignorant

155 1629 278 1702 quid
315 1629 608 1696 charitaS,
661 1645 794 1686 cum
830 1633 1027 1686 tamen
1061 1627 1282 1686 bonum
1343 1629 1653 1703 spirituale
1718 1637 1779 1690 et
1830 1632 1961 1708 ejus
2000 1631 2254 1708 affectio,

155 1745 294 1804 quae
323 1729 586 1788 charitas
613 1735 880 1798 vocatur,
921 1733 1014 1786 est
1036 1729 1174 1802 ipsa
1203 1729 1326 1786 vita
1354 1730 1679 1805 spiritualis
1705 1731 1979 1802 hominis
2016 1740 2077 1791 et
2100 1731 2251 1794 fides

157 1829 306 1889 nulla
366 1829 600 1903 absque
660 1829 792 1901 illa3
843 1827 981 1886 inde
1022 1833 1222 1903 patet,
1283 1829 1444 1904 quod
1477 1832 1595 1888 sint
1660 1833 1888 1908 absque
1942 1833 2255 1894 intellectu

157 1927 307 2004 boni3
361 1927 526 2004 quod
561 1927 676 1987 hoc
715 1929 926 1988 exinde
975 1930 1084 1998 sit,
1137 1930 1280 2005 quia
1316 1928 1544 2005 absque
1580 1933 1888 1993 voluntate
1923 1934 2075 1993 boni·
2099 1941 2255 2006 sunt,

157 2037 238 2087 cst
282 2033 420 2106 quia
469 2046 537 2087 se
593 2029 793 2087 dicunt
830 2031 1034 2106 justos
1095 2045 1206 2087 seu
1251 2029 1613 2104 justificatos
1652 2049 1788 2092 esse
1842 2053 1975 2092 cum
2026 2035 2255 2094 habent

156 2129 342 2206 fidem,
401 2138 462 2189 et
505 2145 620 2204 per
643 2130 1002 2206 justificatos
1049 2128 1389 2205 intelligunt
1432 2147 1551 2188 non
1588 2132 1956 2193 damnabiles
2004 2141 2255 2211 propter

156 2231 324 2290 ullam
365 2249 520 2302 rem,
591 2248 766 2306 quam
813 2232 1075 2305 cogitant
1133 2236 1194 2288 et
1237 2230 1472 2299 volunt,
1524 2234 1667 2312 quia
1700 2235 2067 2293 reconciliati
2111 2243 2253 2294 sunt

154 2328 304 2407 De03
359 2339 725 2408 quapropter
770 2330 1052 2405 credunt,
1109 2331 1250 2405 quia
1283 2333 1560 2405 sequitur
1609 2348 1683 2390 ex
1717 2350 1877 2392 nexu
1913 2351 2042 2392 cum
2082 2338 2251 2411 prin-

155 2434 320 2508 cipio,
354 2432 511 2508 quod
537 2447 730 2507 aeque
756 2431 899 2489 mali
930 2448 1002 2490 ac
1029 2431 1171 2490 boni
1197 2431 1505 2490 salventur
1532 2431 1705 2488 modo
1732 2431 1911 2492 fidem
1938 2438 2249 2510 recipiant,

157 2534 282 2590 sive
313 2533 372 2590 id
405 2533 550 2592 soret
599 2534 660 2590 in
711 2532 936 2590 ultimis
973 2535 1164 2591 vitae:
1221 2548 1441 2591 arcana
1492 2530 1797 2594 doctrinae
1846 2533 2025 2608 hujus
2080 2537 2143 2592 in
2180 2547 2291 2594 eo‘

153 2635 498 2702 consistunt,
567 2633 730 2709 quod
783 2633 1100 2708 loquantur
1153 2633 1226 2692 de
1271 2634 1671 2708 progressivis
1720 2633 2003 2708 gradibus
2050 2633 2249 2692 Justi-

154 2732 427 2794 fieationis
449 2779 466 2806 ,
517 2751 638 2792 non
674 2751 749 2792 ex
783 2734 984 2808 aliqua
1018 2726 1144 2791 vita
1177 2733 1459 2806 hominist,
1500 2749 1609 2792 seu
1646 2750 1721 2790 ex
1750 2733 2061 2792 affectione
2100 2733 2251 2792 cha-

154 2837 327 2894 ritatis
367 2836 520 2912 ejuS,
567 2834 674 2894 sed
711 2851 787 2894 ex
821 2833 951 2892 sola
985 2833 1100 2892 fide
1139 2834 1212 2891 de
1260 2832 1745 2893 reconciliatione
1772 2833 1892 2894 Dei
1916 2834 2113 2893 Patris
2140 2850 2251 2911 per

153 2933 376 3008 Filium,
434 2951 613 3012 quam
661 2941 878 2994 vocant
926 2935 1343 2998 confidentiam
1394 2950 1505 2992 seu
1553 2934 1859 3012 fiduciam,
1930 2951 1999 2994 ac
2048 2938 2243 3014 ipsam
2288 2943 2449 3008 [254]

151 3033 310 3095 fidem
354 3036 720 3110 salvanten13
760 3052 878 3094 non
913 3035 1172 3094 scientes
1199 3033 1357 3110 quod
1394 3034 1539 3092 nihil
1565 3036 2081 3113 vitaevspiritualis
2107 3039 2251 3097 insit

153 3138 196 3195 si
223 3138 364 3196 nihil
401 3137 743 3211 charitatis3
797 3135 860 3193 id
895 3135 1054 3210 quod
1097 3136 1344 3192 interius
1385 3136 1709 3211 percipitur
1759 3144 1862 3196 aut
1898 3145 2153 3215 apparet
2186 3141 2249 3198 in

154 3237 495 3297 confidentia
531 3236 694 3312 apud
727 3236 895 3306 ill-os,
950 3253 1146 3310 usque
1194 3234 1335 3292 nihil
1376 3235 1557 3295 trahit
1610 3255 1683 3296 ex
1720 3239 2033 3300 affectione
2070 3241 2249 3316 spiri-

153 3338 311 3412 tuali,
369 3338 479 3396 sed
519 3353 592 3394 ex
628 3336 884 3396 naturali
919 3337 1278 3412 cogitatione
1315 3334 1388 3393 de
1426 3337 1641 3411 gaudio
1678 3346 1783 3398 aut
1817 3340 1891 3400 de
1926 3357 2045 3399 non
2079 3340 2250 3398 dam-

153 3441 390 3498 natione.
429 3439 762 3496 Praeterea
798 3436 965 3494 nulla
992 3436 1268 3495 voluntas
1303 3435 1446 3494 boni
1482 3445 1575 3496 est
1598 3438 1736 3513 illis,
1778 3442 1879 3515 qui
1912 3457 2029 3498 non
2056 3441 2253 3496 sciunt

154 3538 362 3615 aliquid
415 3538 490 3598 de
525 3538 680 3596 bono
717 3537 1050 3611 charitatis,
1107 3545 1167 3596 et
1203 3539 1304 3612 qui
1362 3555 1483 3596 non
1514 3541 1710 3596 sciunt
1746 3538 1971 3613 aliquid
2017 3537 2089 3596 de
2134 3537 2251 3595 hoe

151 3637 308 3709 bono,
340 3657 462 3698 non
491 3640 689 3696 sciunt
722 3637 946 3714 aliquid
984 3637 1058 3696 de
1087 3636 1278 3709 malo,
1313 3655 1453 3696 nam
1488 3636 1709 3696 bonum
1746 3639 1969 3713 retegit
2003 3636 2245 3710 malum,

154 3748 505 3816 quapropter
543 3755 654 3798 nec
701 3747 958 3814 possunt
1002 3738 1318 3814 explorare
1370 3755 1467 3810 se,
1524 3738 1729 3796 videre
1782 3755 1895 3796 sua
1930 3737 2119 3811 mala,
2176 3755 2247 3797 ac

153 3841 228 3898 sic
265 3841 472 3918 fugere
509 3839 616 3898 illa
653 3847 714 3898 et
758 3841 1024 3898 aversari
1058 3839 1194 3912 illa,
1249 3837 1387 3896 inde
1428 3843 1520 3894 est
1568 3837 1727 3912 quod
1773 3837 2043 3896 relaxent
2080 3839 2247 3911 cogi-

152 3943 344 4000 tationi
371 3957 522 3999 suae
561 3946 620 3998 et
646 3939 943 3999 voluntati
976 3952 1124 3998 suae
1163 3939 1359 3998 omnia
1386 3937 1611 4006 fraena,
1646 3936 1820 3996 modo
1856 3940 2108 3995 caveant
2133 3935 2251 3995 sibi

153 4057 184 4096 a
221 4041 506 4100 faciendis
568 4039 741 4099 malis
793 4047 1042 4117 propter
1083 4040 1251 4116 leges
1265 4083 1281 4112 ,
1340 4037 1641 4114 jacturam
1686 4038 1913 4114 famae,
1984 4037 2247 4109 honoris,

151 4138 286 4200 lucri
323 4150 384 4202 et
413 4144 602 4216 vitae3
655 4141 796 4200 inde
831 4147 924 4200 est
953 4159 1087 4200 cum
1121 4140 1298 4199 iidem
1335 4137 1485 4196 fiunt
1522 4139 1793 4214 spiritus,
1836 4146 1895 4198 et
1928 4139 2047 4198 illis
2075 4139 2248 4200 aufe·-

151 4249 344 4302 runtur
378 4243 466 4302 illi
500 4243 770 4316 timores,
829 4241 990 4317 quod
1025 4241 1326 4300 associent
1353 4247 1419 4300 s'e
1456 4239 1741 4315 diabolis,
1782 4243 2045 4317 cogitant
2092 4241 2245 4300 enim
