2700 4792
301 353 585 412 cAPu‘r
621 351 991 422 QUARTUM.
1739 351 1945 408 vens=
1994 365 2042 412 7.
2202 365 2309 418 471

157 517 202 572 si
235 529 420 573 amor
463 513 582 572 sui
617 517 680 574 et
713 509 920 570 mundi
953 513 1196 588 regnat,
1235 508 1735 588 qualitercunque
1768 513 1831 571 in
1866 513 2033 574 cultu
2068 521 2311 576 externo

155 621 318 688 sunt,
383 613 722 690 conjuncti
761 615 904 671 sunt
953 610 1226 685 infernis,
1283 615 1346 670 et
1400 627 1639 688 quoque
1682 609 1827 672 illuc
1874 620 2017 690 post
2062 621 2315 678 mortem

155 713 482 786 feruntur,
549 720 614 772 et
643 729 764 772 non
797 713 966 788 prius
1003 710 1082 770 ad
1115 709 1360 788 aliquod
1382 708 1631 772 Coelnm
1668 711 1829 788 quod
1862 715 2213 789 periturum,
2246 723 2315 776 ut

152 812 472 874 hactenus
519 811 746 872 factum
781 817 896 872 est.

317 917 358 973 2
379 919 417 972 7
439 915 516 974 8.
583 913 660 972 Et
713 912 954 972 Animal
1003 913 1260 988 primum
1305 912 1501 972 simile
1548 911 1739 982 leoni,
1820 913 1979 989 quod
2020 915 2314 992 significet.

159 1015 614 1089 apparentiam
661 1015 722 1072 in
765 1012 994 1072 ultimis
1043 1011 1244 1088 quoad
1288 1015 1617 1088 potentiam
1678 1018 1739 1072 et
1800 1011 2074 1072 effectum
2108 1013 2313 1074 Divini

161 1110 315 1172 Veri
353 1113 765 1190 procedentis
825 1129 864 1170 a
896 1111 1154 1171 Domino
1173 1154 1190 1182 ,
1243 1117 1479 1172 constat
1526 1129 1603 1172 ex
1635 1113 2064 1190 significatione
2098 1112 2309 1190 leonis,

161 1213 330 1288 quod
361 1216 472 1274 sit.
487 1211 774 1272 Divinum
799 1211 1026 1270 Verum
1059 1211 1395 1289 procedens
1416 1231 1455 1272 a
1478 1214 1735 1274 Domino
1762 1212 1962 1288 quoad
1984 1215 2315 1289 potentiam

165 1318 226 1371 et
263 1313 601 1387 effectum,
656 1313 730 1372 de
767 1330 886 1388 qua
917 1314 1222 1390 sequitur3
1279 1313 1439 1389 quod
1472 1317 1553 1374 sit
1586 1313 1941 1391 apparentia
1972 1314 2035 1372 in
2068 1311 2308 1388 ultimis,

167 1419 266 1471 est
307 1416 476 1489 quia
513 1410 776 1472 Cherubi
809 1414 924 1472 visi
959 1417 1096 1472 sunt
1130 1415 1286 1472 sicut
1319 1413 1637 1485 Animalia,
1688 1420 1749 1476 et
1780 1415 2039 1489 primum
2071 1413 2183 1471 hoc
2220 1417 2307 1472 si-

169 1513 316 1572 mile
355 1513 563 1588 leoni3
615 1515 677 1574 in
712 1513 934 1574 ultimis
962 1512 1208 1584 dicitur,
1244 1513 1387 1590 quia
1422 1517 1777 1591 apparentia
1810 1513 1915 1572 illa
1948 1519 2076 1574 erat
2110 1529 2313 1574 coram

173 1611 476 1674 Johanne
515 1629 650 1672 cum
685 1615 749 1672 in
783 1616 998 1690 spiritu
1033 1619 1189 1686 erat,
1232 1615 1292 1673 et
1325 1615 1379 1672 is
1412 1613 1562 1672 vidit
1596 1616 1793 1674 omnia
1835 1616 1897 1672 in
1929 1613 2169 1688 ultimis,
2210 1613 2313 1672 ubi

175 1710 418 1773 Divina
471 1713 776 1774 coelestia
825 1720 885 1774 et
921 1712 1270 1790 spititualia
1313 1721 1847 1791 repraesentantur
1896 1716 2065 1773 vario
2115 1715 2307 1788 modo,

179 1829 346 1872 nunc
416 1832 528 1891 per
559 1813 768 1873 hortos
827 1819 888 1873 et
935 1813 1280 1890 paradisos,
1343 1832 1501 1873 nunc
1558 1832 1670 1892 per
1700 1816 1929 1893 palatia
1974 1822 2035 1874 et
2070 1814 2311 1892 templa,

185 1929 352 1972 nunc
388 1932 502 1992 per
533 1913 746 1974 fluvios
799 1920 860 1974 et
895 1930 1120 1991 aquas,
1173 1931 1329 1975 nunc
1375 1933 1488 1992 per
1524 1916 1825 1977 Animalia
1873 1917 2021 1976 varii
2054 1896 2310 1992 g'eneriS,

189 2018 262 2068 ut
291 2031 412 2088 per
442 2015 682 2088 leones,
723 2014 1004 2085 camelos,
1045 2031 1252 2091 equos,
1300 2014 1519 2089 boves,
1550 2017 1865 2091 juvencos,
1902 2032 2069 2085 oves,
2106 2031 2309 2092 agnos,

199 2111 543 2189 columbas,
587 2114 842 2190 aquilas,
893 2123 954 2173 et
986 2133 1099 2192 per
1131 2113 1336 2192 plura:
1384 2114 1603 2172 similia
1636 2117 1768 2176 visa
1800 2121 1940 2174 sunt
1972 2114 2311 2191 Prophetis,

197 2225 314 2283 per
353 2231 498 2290 quos
531 2213 803 2273 Verbum
837 2217 1236 2290 conscriptum
1273 2220 1397 2281 est,
1441 2213 1517 2272 ob
1556 2229 1802 2272 causam
1848 2220 1915 2272 ut
1948 2213 2217 2272 Verbum
2252 2216 2313 2272 in

214 2311 344 2368 suis
367 2314 602 2391 ultimis,
643 2331 796 2390 quae
831 2321 970 2374 sunt
1006 2331 1160 2392 quae
1191 2314 1573 2372 continentur
1604 2314 1666 2370 in
1701 2328 1889 2374 sensu
1920 2312 2132 2373 literae
2162 2314 2313 2390 ejus,

223 2420 303 2464 ex
334 2411 536 2473 talibus
569 2432 724 2492 quae
751 2421 890 2474 sunt
923 2414 982 2473 in
1011 2414 1256 2486 mundo,
1293 2430 1445 2489 quae
1474 2413 2057 2488 repraesentationes
2086 2419 2149 2472 et
2174 2407 2311 2471 cor-

215 2512 656 2585 respondentiae
707 2515 1060 2574 coelestium
1109 2521 1169 2574 et
1214 2512 1613 2590 spiritualium
1646 2516 1880 2582 essent,
1938 2511 2311 2584 consisteret,

213 2612 396 2670 etsie
427 2617 676 2674 serviret
731 2617 938 2674 sensui
985 2615 1282 2692 spirituali
1342 2631 1453 2690 pro
1488 2613 1623 2672 basi
1670 2619 1730 2672 et
1764 2609 2179 2670 fundamento:
2237 2611 2314 2670 ob

203 2705 366 2770 illam
401 2731 641 2773 causam
694 2717 872 2774 etiam
909 2714 1202 2789 Cherubi,
1258 2732 1370 2790 per
1415 2729 1565 2790 quos
1612 2710 1977 2788 significatur
2024 2707 2314 2770 Custodia

205 2814 266 2867 ot
297 2812 676 2873 Providentia
709 2815 948 2874 Domini
981 2831 1055 2872 ne
1085 2813 1254 2874 Coeli
1287 2816 1631 2890 superiores
1659 2812 1951 2896 adeantur
1982 2809 2097 2868 nisi
2130 2826 2313 2884 quam

203 2924 240 2966 a
272 2911 428 2974 bono
475 2917 698 2973 amoris
757 2920 819 2974 et
877 2914 1216 2988 charitatis,
1269 2916 1387 2974 visi
1447 2920 1585 2972 sunt
1630 2912 1673 2972 J
1676 2912 1919 2981 chami,
1967 2915 2029 2970 et
2072 2926 2312 2987 quoque

205 3008 510 3075 Ezechieli
558 3015 756 3091 quoad
802 3016 990 3074 facies
1035 3020 1104 3073 ut
1139 3014 1457 3074 Animalia.
1538 3013 1833 3090 Quoniam
1880 3011 2175 3072 Dominus
2220 3017 2313 3070 est

202 3117 304 3185 qui
337 3115 603 3176 custodit
639 3121 700 3174 et
734 3114 1036 3192 providet,
1114 3121 1176 3173 et
1207 3115 1322 3174 hoc
1373 3132 1483 3188 per
1516 3115 1801 3174 Divinum
1836 3111 2064 3174 Verum
2110 3116 2172 3171 et
2204 3129 2313 3188 per

198 3207 485 3274 Divinum
517 3215 779 3291 Bonum,
816 3217 904 3273 ita
938 3230 1048 3290 per
1075 3214 1354 3274 Divinam
1390 3230 1564 3274 suam
1600 3214 1959 3290 sapientiam
1994 3220 2055 3273 et
2086 3211 2309 3274 intelli-
2346 3213 2348 3216 ⁴

199 3317 492 3387 gentiam,
539 3315 676 3374 ideo
713 3316 846 3376 visa
879 3319 1022 3374 sunt
1057 3322 1314 3391 quatuor
1345 3314 1665 3383 Animalia,
1702 3331 1857 3390 quae
1894 3318 2065 3374 erant
2098 3312 2315 3374 similia

197 3407 386 3485 leoni,
435 3414 654 3489 vitulo,
707 3415 958 3486 homini,
1013 3420 1076 3474 et
1109 3413 1378 3490 aquilae,
1432 3416 1521 3474 sic
1556 3416 1712 3476 enim
1773 3429 1884 3489 per
1928 3412 2163 3473 leonem
2212 3429 2311 3471 re-
2352 3420 2513 3484 [311]
2630 3403 2632 3407 ’

199 3521 652 3588 praesentatum
689 3520 783 3574 est
815 3514 1102 3577 Divinum
1130 3513 1355 3574 Verum
1390 3513 1591 3590 quoad
1623 3511 1966 3588 potentiam,
2002 3527 2117 3584 per
2149 3513 2311 3569 vitu-

197 3610 326 3674 lum
359 3614 648 3674 Divinum
679 3614 915 3674 Bonum
975 3611 1177 3691 quoad
1231 3611 1488 3672 tutelam
1506 3655 1521 3685 ,
1590 3628 1703 3687 per
1760 3608 2061 3668 hominem
2094 3607 2317 3668 Divina

199 3717 520 3791 sapientia,
557 3721 620 3774 et
651 3732 763 3792 per
798 3714 1058 3797 aquilam
1092 3712 1312 3769 Divina
1343 3708 1768 3784 intelligentia3
1822 3706 2042 3766 Divina
2072 3707 2311 3768 Domini

200 3811 590 3875 Providentia
619 3814 816 3892 quoad
852 3811 1182 3874 custodiam
1211 3808 1529 3870 Goelorum
1563 3808 1937 3884 superiorum
1973 3824 2048 3868 ne
2086 3806 2312 3864 adean-

199 3919 302 3974 tur
358 3917 476 3976 nisi
519 3933 560 3974 a
603 3915 762 3976 bono
797 3917 1020 3976 amoris
1069 3918 1132 3972 et
1165 3909 1473 3972 charitatis
1488 3951 1508 3978 ,
1570 3897 1817 3967 includit
1870 3905 1978 3964 illa
2038 3909 2311 3984 quatuor.

204 4013 383 4090 Quod
440 4015 568 4076 Leo
629 4015 926 4092 significet
981 4013 1266 4076 Divinum
1298 4011 1529 4072 Verum
1587 4006 1921 4085 procedens
1987 4025 2027 4068 a
2058 4005 2315 4066 Domino

203 4115 403 4191 quoad
439 4119 786 4192 potentiam,
828 4119 1062 4175 constat
1096 4130 1135 4171 a
1167 4113 1318 4176 locis
1354 4113 1418 4172 in
1442 4109 1665 4184 Vei-be,
1705 4107 1808 4168 ubi
1842 4110 2213 4182 nominatur,
2249 4111 2319 4164 ut

205 4231 280 4275 ex
313 4215 742 4292 sequentibus3
795 4213 959 4292 apud
990 4211 1204 4276 Mosen
1255 4207 1577 4298 „Catulus
1618 4206 1855 4274 Leonis
1888 4206 2229 4279 Jehudalz.
2275 4221 2319 4269 a
