2700 4792
363 335 474 388 488
803 319 1293 378 APOCALYPSIS
1334 321 1773 381 EXPLIOATA.
1850 321 1901 391 ς.
1942 331 2101 384 281.-

361 483 666 559 inscripsit
699 483 856 542 enim
885 481 1086 542 David
1121 497 1296 540 suum
1331 481 1659 540 lamentum
1694 497 1882 558 super
1906 481 2153 542 Saulem
2192 488 2253 542 et
2278 482 2495 544 Jona-

359 583 602 643 thanem
650 581 730 641 ad
762 581 1094 642 docendum
1127 581 1284 642 filios
1320 580 1597 642 Jehudae
1634 599 1873 655 areum,
1926 588 1988 642 et
2018 599 2132 660 per
2164 579 2321 642 filios
2354 585 2491 646 Jev-

355 681 558 742 hudae
591 681 998 760 significantur
1031 699 1176 741 vera
1201 681 1533 756 Ecclesiae,
1572 688 1633 741 et
1666 699 1776 758 per
1804 699 2009 742 arcum
2045 682 2311 742 doctrina
2342 688 2489 743 veri

355 783 680 861 pugnantis
717 787 924 842 contra
957 781 1129 841 salsa.
1181 781 1364 860 Apud
1394 781 1657 842 Hiobum
1694 781 1921 857 „Num
1948 801 2071 861 per
2108 778 2477 862 intelliym-

357 881 524 944 tiam
575 888 758 944 tuam
808 877 982 944 volat
1013 881 1334 962 accipiter,
1384 886 1443 941 et
1478 881 1792 962 expandit
1842 879 1992 944 alas
2036 901 2195 944 auae
2248 901 2480 944 versus

357 986 682 1058 austrum,
721 1001 874 1046 nam
895 981 1102 1068 juxta
1141 1000 1214 1043 os
1253 987 1435 1042 tuum
1473 979 1721 1044 attollit
1758 1001 1827 1043 ae
1862 980 2113 1062 aquila,
2156 986 2217 1043 et
2240 982 2313 1044 in
2338 979 2487 1045 alto

347 1082 538 1165 ponit
569 1082 800 1144 nidum
825 1101 1041 1158 auum,
1082 1081 1154 1144 in
1174 1086 1365 1162 petra
1400 1080 1649 1144 habitat
1682 1087 1745 1142 et
1756 1088 2113 1162 pernoctat,
2154 1081 2307 1144 inde
2318 1101 2488 1162 per-

357 1183 638 1264 vestiqat
677 1183 882 1245 cibum
893 1225 910 1258 ,
971 1183 1044 1246 in
1083 1179 1497 1262 lonqinquum
1546 1180 1717 1244 oculi
1752 1182 1889 1268 ejus
1911 1181 2318 1262 prospiciunt
2329 1202 2359 1255 ,·
2420 1189 2491 1244 et

355 1282 468 1346 ubi
499 1287 650 1345 sunt
693 1282 976 1365 confossi
1011 1283 1102 1344 ibi
1144 1279 1315 1343 illa“
1376 1282 1690 1344 xxxlx=
1732 1287 1818 1344 26
1860 1284 1936 1342 ad
1978 1285 2101 1359 303
2156 1286 2353 1360 agitur
2390 1284 2491 1348 ibi

355 1383 434 1444 de
467 1383 887 1461 intelligentia,
943 1383 1103 1462 quod
1137 1401 1322 1443 nemor
1345 1381 1511 1442 illam
1548 1401 1625 1443 ex
1658 1401 1724 1444 se
1762 1401 1873 1444 seu
1910 1401 1983 1443 ex
2018 1386 2263 1461 proprio
2300 1400 2490 1444 com--

351 1502 572 1563 parare
605 1487 815 1562 possit,
853 1502 1038 1562 quare
1065 1484 1281 1544 dicitur
1315 1501 1455 1543 num
1490 1501 1601 1560 per
1624 1484 2079 1561 intelligentiam
2114 1490 2279 1544 tuam
2308 1485 2493 1545 volat

355 1587 673 1662 accipiter,
737 1591 799 1643 et
834 1584 1118 1662 expandit
1161 1584 1294 1645 alas
1351 1599 1497 1644 suas
1546 1601 1758 1645 versus
1808 1591 2078 1645 austrum
2097 1629 2115 1659 ,
2170 1592 2233 1644 et
2263 1603 2381 1663 per
2422 1585 2489 1644 id

355 1685 726 1762 significatur
757 1685 1042 1746 inducere
1076 1693 1270 1744 semet
1299 1686 1362 1744 in
1387 1685 1583 1745 lucem
1608 1682 2057 1762 intelligentiae,
2094 1686 2253 1746 hanc
2278 1687 2483 1762 signi·-

354 1779 498 1846 ficat'
531 1791 798 1844 austrum
818 1828 835 1858 ,
889 1785 986 1846 hic
1021 1791 1222 1844 autem
1261 1802 1379 1844 non
1412 1802 1632 1862 posse-3
1684 1788 1821 1862 ipsa
1866 1787 2267 1863 intelligentia
2312 1804 2485 1862 quae

355 1884 686 1963 spiritualis
720 1884 973 1944 hominis
1011 1884 1366 1946 describitur
1398 1903 1513 1964 per
1550 1885 1709 1963 quod
1740 1886 1965 1963 Aquila
1996 1903 2065 1946 se
2102 1887 2355 1956 attollat,
2412 1890 2481 1946 in

353 1985 478 2046 alto
511 1991 699 2062 ponat
731 1985 961 2062 nidum,
1017 1988 1079 2046 in
1125 1992 1300 2063 petra
1346 1985 1580 2048 habitet
1630 1993 1692 2046 et
1726 1993 2069 2064 pernoctet,
2125 1987 2263 2048 inde
2321 2005 2483 2065 per-

353 2087 616 2163 vestiget
642 2087 836 2146 cibum
851 2131 868 2161 ,
909 2092 970 2146 et
1005 2085 1194 2148 oculis
1229 2089 1290 2146 in
1315 2067 1703 2170 longinquum
1734 2089 2095 2164 prospiciat3
2136 2089 2295 2166 quod
2318 2088 2481 2150 nulli

353 2185 496 2246 talis
531 2186 930 2263 intelligentia
973 2205 1048 2247 ex
1095 2204 1162 2247 se
1209 2190 1286 2248 sit
1321 2187 1691 2264 significatur
1736 2205 1847 2264 per
1880 2205 2021 2246 num
2068 2189 2149 2248 ad
2182 2205 2251 2248 os
2296 2195 2477 2248 tuum

349 2287 468 2350 hoc
501 2287 644 2346 facit
667 2285 912 2365 Aquila3
951 2294 1018 2347 at
1045 2287 1206 2366 quod
1231 2305 1306 2348 ex
1331 2289 1579 2366 propria
1602 2287 1997 2365 intelligentia
2028 2307 2150 2350 non
2174 2289 2479 2366 prodeant

349 2390 470 2450 nisi
501 2405 680 2465 quam
713 2387 890 2460 falsa,
923 2387 1291 2466 significatur
1321 2405 1435 2466 per
1462 2389 1563 2448 ubi
1586 2395 1729 2448 sunt
1756 2388 2017 2449 confossi
2048 2390 2135 2450 ibi
2159 2390 2279 2466 illa,
2310 2406 2473 2450 eon-

349 2489 502 2554 fossi
533 2490 594 2548 in
627 2487 834 2550 Verbo
867 2489 1204 2566 significant
1235 2488 1373 2549 illos
1418 2489 1583 2565 apud
1618 2505 1769 2566 quos
1820 2507 1969 2549 vera
2002 2493 2299 2550 exstincta
2330 2496 2478 2550 sunt

352 2607 466 2668 per
498 2589 674 2664 falsa,
727 2589 1005 2649 videatur
1039 2607 1105 2648 n:
1150 2591 1364 2650 4503.
1444 2589 1537 2648 Ex
1570 2589 1665 2648 his
1718 2597 1994 2650 constare
2028 2597 2259 2668 potest,
2316 2590 2475 2674 quid

353 2689 721 2768 significatur
753 2707 865 2768 per
897 2689 1138 2749 Domini
1167 2689 1386 2766 verba,
1427 2689 1666 2768 quando
1700 2693 2219 2768 interrogaverunt
2250 2691 2467 2766 Ipsum

351 2791 596 2850 ubinam
628 2790 918 2851 Ultimum
952 2790 1291 2860 Judicium‚
1344 2788 1507 2868 apud
1539 2790 1767 2849 Lucam
1803 2791 2189 2866 „Dm-erant
2220 2788 2463 2850 Disci-

341 2886 524 2972 puli,
579 2887 689 2952 ubi
724 2889 1042 2960 Domine,
1087 2889 1238 2970 Ipse
1275 2889 1457 2952 dioeit
1492 2890 1616 2962 eia,
1666 2891 1776 2953 ubi
1808 2910 2039 2971 empus
2076 2891 2166 2953 ibi
2204 2909 2466 2971 conyn-

153 2997 313 3061 [322]
351 2988 674 3070 qabuntur
705 2988 1028 3070 Aquilae“
1091 2991 1306 3051 XVII:
1366 2994 1403 3052 3
1420 2997 1487 3066 73
1542 3009 1653 3068 per
1697 3009 1915 3068 corpus
1962 2993 2048 3052 ibi
2100 2993 2471 3070 significatur

351 3086 612 3150 Mundus
645 3089 1004 3168 spiritualis,
1055 3089 1159 3150 ubi
1193 3109 1401 3151 omnes
1446 3092 1719 3152 homines
1770 3093 1949 3151 simul
1994 3099 2137 3152 sunt
2170 3100 2293 3152 tam
2324 3092 2469 3152 boni

353 3207 530 3268 quam
565 3189 732 3265 mali,
773 3197 834 3249 et
865 3208 980 3267 per
1013 3191 1265 3267 Aquilae
1303 3191 1711 3269 significantur
1744 3195 1847 3270 qui
1882 3196 1943 3252 in
1978 3196 2141 3253 veris
2178 3194 2366 3270 etqui
2402 3195 2463 3252 in

349 3289 518 3352 falsis
533 3335 551 3367 ,
589 3291 674 3349 ita
707 3292 810 3368 qui
842 3291 905 3349 in
937 3289 1332 3370 intelligentia
1357 3309 1503 3353 vera
1538 3299 1599 3351 et
1634 3295 1737 3370 qui
1768 3295 1831 3352 in
1856 3294 2253 3370 intelligentia
2285 3292 2459 3364 falsa,

348 3391 502 3451 haec
535 3389 926 3469 intelligentia
973 3398 1068 3451 est
1117 3408 1191 3452 ex
1238 3394 1484 3470 proprio
1531 3392 1817 3468 hominis,
1875 3394 2271 3472 intelligentia
2317 3407 2463 3452 vera

352 3498 552 3554 autem
589 3498 682 3554 est
717 3509 791 3553 ex
825 3491 1082 3552 Domino
1116 3509 1228 3570 per
1262 3491 1549 3552 Verbum.
1618 3493 1803 3554 Falsa
1836 3511 1995 3571 quae
2030 3499 2169 3554 sunt
2204 3513 2281 3555 ex
2310 3509 2455 3569 pro-

349 3594 482 3670 pria
527 3593 922 3674 intelligentia
969 3594 1147 3652 etiarn
1197 3592 1617 3654 describuntur
1661 3611 1773 3670 per
1818 3594 2069 3672 Aquilae
2125 3597 2189 3654 in
2238 3589 2453 3659 Verbo,

347 3693 498 3752 utin
527 3694 918 3770 sequentibus
945 3694 1040 3756 his
1065 3693 1244 3763 locis;
1287 3693 1449 3772 apud
1474 3693 1802 3754 Jererniam
1839 3693 2055 3770 „Ecce
2078 3693 2249 3757 siout
2270 3689 2455 3754 nubes

346 3792 664 3870 ascendit,
729 3798 791 3854 et
832 3795 1002 3858 sicut
1022 3791 1308 3876 procella
1351 3813 1580 3856 cuv-ms
1628 3793 1766 3876 qius
1782 3839 1799 3868 ,
1860 3792 2087 3858 celeres
2124 3800 2277 3856 eum
2301 3805 2463 3875 prae

345 3891 588 3973 aquilis
621 3893 765 3974 equi
789 3895 927 3978 qius
936 3916 954 3972 3
997 3913 1114 3956 vae
1135 3894 1314 3957 nobie
1345 3894 1502 3974 quia
1528 3893 1852 3956 devastati
1876 3897 2149 3958 sumus“
2186 3894 2297 3955 IV:
2334 3896 2362 3952 1
2382 3893 2417 3950 3
2441 3909 2458 3966 ς

345 3995 543 4068 agitur
575 3994 658 4052 ibi
693 3996 766 4054 de
803 3995 1174 4056 desolatione
1209 3998 1338 4055 veri
1370 3998 1431 4054 in
1466 3996 1768 4072 Ecclesia,
1808 4003 1870 4056 et
1902 4013 2015 4074 per
2048 3996 2268 4054 nubem
2304 4004 2458 4072 quae

345 4090 644 4166 ascendit,
699 4095 1107 4170 significantur
1168 4096 1324 4155 falsa
1335 4115 1351 4172 3
1376 4123 1381 4126 ·
1406 4113 1515 4172 per
1552 4113 1793 4156 currum
1846 4100 1949 4182 qui
1984 4099 2143 4156 sieut
2175 4093 2460 4174 procella,

345 4187 715 4266 significatur
749 4192 1014 4254 doctrina
1049 4195 1216 4274 falsi3
1271 4195 1567 4274 cupiditas
1620 4204 1679 4259 et
1714 4197 1997 4277 voluptas
2036 4213 2243 4258 eorum
2276 4195 2459 4268 ratio·-
