2700 4792
365 359 604 416 CAPUT
659 357 960 419 PRIMUM.
1588 359 1770 416 VERs
1789 383 1803 416 ε
1847 369 2092 424 12-16.
2252 375 2321 426 61

179 517 456 588 Blando,
491 517 769 576 videatur
801 519 864 574 in
901 514 1102 592 Opere
1141 515 1214 576 de
1245 514 1453 577 Conso
1488 535 1567 576 m·
1602 517 1912 591 lunam,
1960 539 2030 581 n:
2074 525 2105 582 1
2124 524 2211 582 26
2246 524 2325 584 ad

193 625 232 680 1
257 624 298 678 4
315 621 381 678 Ο.

369 721 480 778 60.
533 718 725 778 Vers:
782 719 892 775 12.
941 717 1047 777 13.
1095 720 1204 775 14.
1252 719 1363 776 15.
1414 719 1522 777 16.
1610 716 1708 778 Et
1742 737 2075 782 conversus
2111 721 2323 786 videre

182 838 441 893 vocem,
495 835 656 898 quae
695 814 1059 895 loquebatur
1091 834 1234 876 oum
1266 835 1395 889 me,
1444 823 1507 878 et
1542 836 1875 880 conversus
1914 820 2056 880 vidi
2089 829 2322 902 septem

189 916 614 982 Candelabra
663 936 880 977 aurea.
968 915 1066 976 Et
1115 916 1188 976 in
1245 915 1453 977 medio
1502 923 1737 997 septem
1784 917 2323 984 Candelabrmm

189 1016 490 1082 similem
523 1015 704 1078 Filio
739 1015 1018 1078 hominis
1032 1059 1048 1088 ,
1085 1015 1385 1077 indutum
1420 1016 1639 1093 talari,
1674 1023 1736 1078 et
1767 1021 2201 1099 praecinctum
2232 1023 2323 1084 ad

189 1116 546 1182 mamillas
578 1137 742 1178 zema
777 1135 994 1178 aurea.
1066 1115 1163 1176 Et
1197 1115 1410 1196 Caput
1440 1116 1667 1197 Ipsius
1702 1124 1762 1178 et
1796 1118 2023 1200 capilli
2056 1119 2324 1184 candidi

195 1227 517 1299 tamquam
551 1215 706 1279 lana
739 1215 1021 1278 candida
1055 1223 1359 1296 tanquam
1390 1217 1510 1278 πίω
1523 1237 1553 1289 ,·
1606 1223 1666 1278 et
1700 1217 1868 1280 oculi
1900 1219 2125 1299 Ipsius
2175 1227 2321 1284 tan·-

113 1393 118 1398 ,
193 1339 404 1402 qvam
434 1319 710 1398 flamma
753 1316 948 1398 iynio.
1035 1314 1132 1376 Et
1177 1315 1387 1376 Pedes
1439 1316 1491 1377 Ι
1469 1317 1665 1396 peius
1714 1318 1962 1382 similes
2020 1318 2320 1384 chalcoli-

199 1423 374 1482 bano
409 1426 708 1499 tanquam
747 1418 822 1479 in
866 1415 1130 1478 Camino
1175 1415 1377 1496 iynitz·
1386 1435 1416 1488 ,⁶
1468 1423 1529 1477 et
1576 1435 1700 1479 vox
1744 1418 1971 1500 Ipsius
2018 1425 2341 1501 tanquam.

209 1539 346 1581 νοω
379 1539 688 1599 aquari-um
720 1515 1090 1580 mltum-um.
1179 1515 1276 1577 Et
1309 1517 1541 1578 habene
1592 1517 1664 1579 in
1698 1519 1931 1582 dextra
1963 1540 2087 1582 sua
2124 1541 2320 1584 manu

203 1617 440 1681 stella-9
473 1625 704 1700 septem
714 1640 741 1691 ;
795 1623 856 1678 et
899 1637 982 1680 θα]
1027 1637 1134 1679 ore
1183 1615 1413 1695 Ipsius
1458 1619 1801 1698 romphaea
1850 1639 2079 1700 anceps
2126 1627 2320 1684 aouta

197 1721 468 1792 emim&
519 1725 580 1779 et
614 1719 830 1800 facies
876 1717 1104 1798 Ipsius
1147 1723 1452 1796 tanquam
1500 1716 1615 1779 Sol
1645 1717 1868 1800 χαίρει
1918 1721 1989 1782 in
2026 1721 2319 1802 potentia

197 1841 353 1883 sua.
444 1821 523 1880 Et
557 1835 886 1880 conversus
919 1818 1126 1878 videre
1164 1835 1380 1878 vocem
1430 1836 1584 1895 quae
1633 1819 1989 1896 loquebatur
2030 1839 2165 1882 cum
2200 1839 2318 1895 me,

197 1921 504 1999 significat
543 1921 916 1980 intellectum
959 1919 1355 1978 illustratum:
1412 1925 1473 1979 et
1528 1937 1855 1980 conversus
1910 1922 2034 1982 vidi
2078 1929 2319 2000 septem

177 2021 590 2082 Candelabra
637 2037 848 2095 aurea,
905 2017 1201 2096 signifieat
1243 2018 1479 2078 Novum
1524 2018 1774 2080 Coelum
1822 2028 1883 2081 et
1923 2021 2158 2084 Novam
2192 2024 2315 2082 Ec·-

199 2123 492 2190 elesiam,
545 2139 702 2198 quae
735 2123 798 2180 in
842 2121 1000 2180 bono
1051 2120 1308 2178 amoris:
1366 2126 1427 2178 et
1460 2122 1522 2178 in
1555 2119 1750 2179 medio
1798 2129 2033 2198 septem
2078 2122 2318 2184 Cande-

195 2223 513 2282 labrorum
549 2221 804 2280 similem
848 2221 1002 2280 Filio
1053 2219 1339 2294 hominiS,
1404 2219 1697 2296 significat
1742 2221 2061 2282 Dominum
2100 2239 2137 2282 a
2180 2223 2317 2300 Quo

197 2340 384 2382 omne
423 2320 593 2380 Coeli
641 2328 702 2381 et
731 2321 1084 2380 Ecclesiae:
1137 2319 1411 2378 indutum
1450 2319 1653 2391 talari,
1704 2322 1999 2398 signffieat
2031 2322 2317 2382 Divinum

199 2423 446 2482 Verum
481 2421 816 2497 procedens
853 2413 928 2480 ab
964 2420 1137 2497 Ipso:
1194 2425 1254 2478 et
1283 2421 1694 2504 praecinctum
1729 2421 1807 2480 ad
1840 2422 2135 2481 mamillas
2160 2439 2319 2482 zona

195 2537 436 2590 aurea,
487 2519 784 2596 signifieat
816 2521 1100 2580 Divinum
1139 2519 1377 2578 Bonum
1412 2520 1715 2579 similiter:
1770 2528 1832 2580 et
1878 2521 2078 2598 Caput
2110 2521 2315 2598 Ipsius

205 2626 278 2681 et
323 2619 528 2696 capilli
563 2619 829 2688 candidi,
877 2620 1174 2696 signifieat
1207 2620 1495 2680 Divinum
1527 2619 1729 2695 Ipsius
1764 2621 1828 2678 in
1875 2621 2083 2696 primis
2120 2627 2183 2680 et
2215 2620 2315 2678 ul·-

202 2723 373 2780 timis
391 2737 440 2780 :⁸
463 2727 750 2796 tanquam
781 2719 924 2778 lana
969 2720 1223 2780 candida
1263 2726 1549 2796 tanquam
1596 2720 1725 2794 nix,
1779 2718 2077 2796 signifieat
2118 2719 2317 2797 quoad

202 2822 432 2882 bouum
483 2827 544 2880 et
590 2838 798 2880 verum
843 2821 956 2880 ibi:
1013 2827 1073 2880 et
1107 2820 1268 2880 oeuli
1313 2820 1517 2896 Ipsius
1553 2826 1839 2895 tanquam
1872 2821 2111 2880 flamma
2141 2821 2317 2896 ignis,

203 2920 504 2998 significat
545 2920 827 2981 Divinam
863 2921 1310 2980 Providentiam
1356 2937 1430 2979 ex
1470 2919 1689 2981 Divino
1726 2937 1928 2980 amore
1962 2919 2197 2996 Ipsius:
2256 2927 2317 2980 et

203 3021 404 3080 Pedes
440 3020 640 3096 Ipsius
694 3021 920 3080 similes
969 3019 1381 3080 chalcolibano
1430 3027 1714 3096 tanquam
1756 3023 1818 3080 in
1862 3022 2093 3082 camino
2126 3022 2315 3098 igniti,

209 3121 504 3195 signifieat
535 3120 806 3180 ultimmn
841 3121 1062 3180 ordinis
1096 3120 1331 3189 Divini‚
1384 3119 1542 3195 quod
1575 3119 1895 3180 Naturale:
1952 3128 2013 3180 et
2047 3139 2167 3182 vox
2199 3121 2310 3197 Ip-

209 3221 344 3276 sius
402 3225 679 3294 tanquam
737 3237 851 3282 vox
905 3237 1196 3296 aquarum
1255 3220 1605 3288 inultm-tun,
1682 3219 1976 3296 signifieat
2027 3221 2315 3281 Divinum

209 3318 442 3378 Verum
475 3321 537 3378 in
571 3318 826 3379 ultimis:
884 3327 944 3379 et
966 3320 1196 3380 habens
1222 3323 1286 3378 in
1321 3320 1533 3380 dextra
1568 3335 1679 3378 sua
1713 3337 1893 3379 manu
1927 3320 2139 3380 stellas
2164 3337 2312 3398 sep-

201 3424 356 3493 tem,
412 3419 706 3494 signifieat
759 3422 1130 3496 cognitiones
1175 3421 1315 3479 boni
1369 3425 1429 3478 et
1474 3421 1605 3479 veri
1642 3437 1847 3480 omnes
1896 3420 1971 3478 ab
2020 3420 2197 3495 Ipso:
2254 3424 2315 3478 et

203 3535 282 3576 ex
347 3535 449 3578 ore
501 3519 706 3596 Ipsius
757 3520 1090 3596 romphaea
1129 3536 1353 3596 anceps
1392 3524 1571 3576 acuta
1604 3521 1843 3593 exiens,
1908 3518 2203 3594 signifieat
2236 3533 2314 3576 ex

201 3616 410 3678 Verbo
451 3618 886 3695 dispersionem
925 3621 1184 3678 omnium
1229 3619 1554 3678 falsorum:
1612 3626 1671 3678 et
1713 3620 1900 3679 facies
1934 3617 2137 3694 Ipsius
2174 3621 2311 3674 tan-

203 3735 386 3792 quam
437 3717 542 3777 Sol
577 3718 769 3795 fulget
801 3721 864 3776 in
905 3735 1020 3778 sua
1051 3723 1348 3794 potentia,
1402 3716 1699 3794 signifieat
1728 3718 2014 3778 Divinum
2050 3731 2315 3778 amorem

201 3815 405 3893 Ipsius
441 3833 516 3876 ex
555 3835 673 3894 quo
711 3821 912 3878 omnia
948 3817 1132 3878 Coeli.

363 3918 472 3975 61.
545 3917 622 3976 Et
667 3933 994 3980 conversus
1041 3920 1245 3980 videre
1292 3937 1504 3979 vocem
1554 3935 1709 3995 quae
1755 3917 2120 3995 loquebatur
2170 3935 2309 3978 eum
2348 3924 2472 3989 [45]

203 4033 328 4090 me,
383 4015 542 4092 quod
591 4016 884 4094 slgnificet
929 4019 1300 4080 intellectum
1333 4020 1729 4091 illustratum,
1786 4027 2063 4078 constare
2108 4025 2312 4096 potest

202 4107 750 4192 aliquantisper'ex
783 4117 929 4193 illis,
972 4135 1124 4195 quae
1163 4137 1353 4196 supra
1380 4137 1451 4177 nt
1514 4119 1596 4176 55
1640 4117 1801 4176 dicta
1836 4126 2007 4193 sunt,
2058 4118 2163 4178 ubi
2199 4137 2312 4178 ex-

87 4263 98 4275 .
203 4213 458 4287 plicatur
485 4217 630 4292 quid
665 4217 1032 4294 significatur
1065 4236 1178 4295 per
1217 4217 1385 4298 quod
1420 4215 1745 4278 audiverit
1780 4235 1987 4276 vocem
2010 4222 2165 4296 post
2200 4235 2264 4276 se
2278 4234 2310 4288 ,-
