2700 4792
406 305 518 358 464
729 293 1224 350 APOCALYPSIS
1266 289 1701 348 EXPLICATA.
1784 289 1831 360 §.
1875 297 2003 350 275.
2059 297 2187 350 276.

407 451 779 514 descendunt
823 451 934 510 illa
981 467 1136 526 quae
1181 458 1324 512 sunt
1366 454 1429 510 in
1472 451 1803 530 spirituali3
1856 469 1969 529 per
2014 467 2181 511 mare
2236 449 2557 510 orientale

407 551 775 630 significatur
807 535 1098 611 naturalis
1133 550 1312 611 homo
1349 551 1548 628 quoad
1578 551 1830 628 bonum3
1870 558 1931 613 et
1964 569 2073 630 per
2108 567 2275 610 mare
2310 557 2548 627 poste-

405 655 532 712 rius
568 651 858 710 naturalis
893 651 1070 711 homo
1107 652 1306 728 quoad
1341 670 1545 711 verum
1562 672 1579 728 3
1616 657 1678 710 et
1714 653 1856 729 quia
1888 652 2181 712 naturalis
2217 650 2397 709 homo
2434 657 2553 710 est

407 755 470 812 in
505 752 914 812 communibus
950 754 1106 826 veri,
1162 752 1298 812 ideo
1332 771 1445 829 per
1478 769 1642 812 mare
1682 754 1865 812 etiam
1900 755 2235 813 communia
2268 753 2403 811 veri
2434 754 2541 810 si-

405 851 776 930 gnificantur.
835 851 952 928 Qui
985 869 1104 910 non
1141 854 1254 911 scit
1291 852 1519 928 aquuid
1570 853 1643 911 de
1677 853 1979 929 spirituali
2012 853 2283 924 homine,
2339 867 2409 910 ac
2442 850 2535 912 de

405 955 567 1013 veris
629 958 690 1012 et
739 951 912 1012 bonis
963 969 1120 1028 quae
1167 951 1279 1026 ibi,
1335 954 1569 1028 opinari
1617 958 1821 1029 potest
1869 952 2028 1029 quod
2074 969 2223 1012 vera
2270 967 2425 1028 quae
2460 952 2537 1010 in

405 1052 664 1112 naturali
709 1053 974 1126 homine,
1031 1059 1093 1112 et
1126 1059 1423 1112 vocantur
1469 1054 1835 1129 cognitiones
1887 1059 1947 1112 et
1980 1051 2338 1126 scientifica,
2404 1067 2545 1112 non

207 1156 368 1219 [306]
409 1156 528 1214 sint
563 1155 896 1213 communia
931 1154 1083 1225 veri,
1139 1152 1251 1212 sed
1285 1155 1483 1210 omnia
1515 1155 1645 1213 veri
1682 1170 1836 1230 quae
1872 1153 2036 1229 apud
2066 1152 2402 1227 hominem3
2460 1158 2539 1212 at

405 1256 559 1314 sciat
593 1253 754 1329 quod
789 1270 933 1312 vera
967 1253 1028 1310 in
1063 1252 1363 1328 spirituali
1398 1252 1666 1328 homine,
1726 1269 1798 1312 ex
1843 1252 2058 1330 quibus
2110 1252 2217 1312 illa
2264 1268 2422 1328 quae
2462 1255 2541 1312 in

403 1353 684 1428 naturali,
719 1356 1007 1412 immenso
1037 1370 1282 1412 numero
1311 1351 1621 1427 excedant3
1660 1354 1771 1412 sed
1796 1353 1901 1411 illa
1927 1371 2082 1430 quae
2116 1355 2179 1411 in
2213 1352 2539 1429 spirituali

403 1455 643 1515 homine
702 1470 820 1512 non
879 1451 957 1512 ad
1002 1454 1453 1529 perceptionem
1489 1453 1779 1512 naturalis
1838 1452 2095 1512 hominis
2137 1453 2535 1530 perveniunt,

407 1571 582 1632 quam
613 1571 747 1614 cum
774 1554 834 1612 in
862 1552 1232 1629 spiritualem
1267 1553 1551 1612 mundum
1578 1555 1756 1628 venit,
1796 1553 1958 1630 quod
1989 1552 2056 1612 fit
2080 1558 2222 1630 post
2246 1557 2537 1624 mortem,

404 1661 547 1714 tunc
585 1654 740 1713 enim
774 1653 950 1732 homo
999 1655 1164 1711 exuit
1197 1653 1469 1712 naturale
1522 1658 1583 1712 et
1614 1652 1805 1712 induit
1840 1651 2151 1730 spirituale
2168 1671 2185 1728 3
2242 1651 2407 1727 quod
2440 1654 2540 1712 ita

405 1755 513 1828 sit,
569 1759 842 1813 constare
878 1757 1081 1828 potest
1118 1752 1308 1812 solum
1350 1771 1425 1812 ex
1454 1769 1545 1826 eo,
1599 1753 1758 1829 quod
1793 1753 2013 1830 Angeli
2044 1753 2161 1811 sint
2195 1754 2256 1810 in
2290 1751 2530 1811 intelli-

403 1855 606 1930 gentia
669 1858 730 1912 et
765 1853 1061 1928 sapientia
1119 1851 1404 1912 ineffabili
1449 1871 1597 1930 prae
1632 1852 1901 1929 homine,
1956 1860 2017 1912 et
2063 1859 2267 1912 tamen
2300 1851 2536 1928 Angeli

405 1961 543 2012 sunt
579 1969 654 2011 ex
689 1952 962 2012 Humano
1003 1951 1270 2038 Genere3
1329 1953 1490 2029 quod
1522 1953 1741 2030 Angeli
1786 1956 1903 2013 sint
1948 1970 2023 2014 ex
2070 1952 2350 2012 Humano
2389 1951 2531 2012 Ge-

403 2069 576 2127 nere,
631 2052 908 2112 videatur
943 2053 1002 2110 in
1039 2051 1348 2129 Opusculo
1386 2051 1460 2111 de
1496 2052 1738 2114 Umnuo
1775 2053 2022 2114 Jumclo
2070 2071 2127 2111 n:
2176 2055 2260 2111 14
2298 2050 2378 2110 ad
2424 2055 2525 2110 22

405 2160 467 2214 et
505 2154 594 2212 23
637 2153 715 2211 ad
754 2155 863 2211 27.
917 2151 1073 2228 Quia
1106 2153 1273 2212 Mare
1311 2151 1607 2228 significat
1640 2155 1974 2212 communia
2006 2154 2170 2223 veri,
2203 2151 2342 2211 ideo
2382 2151 2523 2210 Vas

403 2269 714 2329 magnum,
781 2252 941 2329 quod
997 2269 1108 2329 pro
1162 2256 1457 2312 communi
1515 2251 1883 2326 Lavatione,
1948 2252 2276 2312 vocabatur
2344 2251 2527 2311 Mare

403 2370 676 2428 aeneum,
711 2351 744 2411 Ι
767 2352 926 2428 Reg:
964 2353 1117 2412 VII:
1161 2355 1248 2412 23
1291 2352 1369 2412 ad
1410 2355 1533 2428 263
1586 2353 1922 2414 lavationes
1960 2355 2118 2414 enim
2153 2367 2525 2442 repraesen-

401 2453 610 2512 tabant
642 2451 1086 2530 purificationes
1114 2469 1151 2510 a
1175 2452 1344 2510 falsis
1374 2459 1435 2510 et
1460 2453 1652 2528 maIiS,
1692 2461 1753 2513 et
1781 2453 2344 2544 aquae-significant
2368 2467 2531 2510 vera
2634 2481 2654 2502 ο

400 2572 512 2631 per
541 2571 694 2631 quae
719 2553 1162 2630 purificationes
1190 2552 1368 2626 fiunt3
1408 2559 1469 2611 et
1505 2554 1643 2629 quia
1678 2556 1874 2613 omnia
1898 2571 2046 2614 vera
2072 2559 2212 2612 sunt
2238 2569 2314 2610 ex
2337 2550 2527 2624 bone,

401 2654 538 2714 ideo
569 2654 876 2714 continens
915 2653 1044 2730 ejus
1082 2658 1211 2712 erat
1237 2651 1384 2722 AeS,
1418 2653 1575 2712 unde
1611 2660 1889 2712 vocatum
1924 2660 2017 2713 est
2040 2653 2206 2712 Mare
2242 2667 2527 2724 aeneum,

401 2754 528 2813 Aes
566 2757 720 2813 enim
766 2753 1057 2830 significat
1115 2753 1366 2829 bonum3
1420 2753 1755 2829 purificatio
1792 2753 2149 2829 spiritualis,
2212 2768 2367 2828 quae
2414 2759 2525 2810 est

401 2853 736 2928 purificatio
773 2869 810 2910 a
843 2854 1012 2912 falsis
1051 2860 1110 2912 et
1143 2853 1318 2912 malis
1337 2895 1354 2924 ‚
1402 2853 1758 2914 describitur
1790 2853 1874 2912 ibi
1906 2853 2087 2930 plene
2120 2870 2229 2929 per
2264 2865 2519 2911 mensu-

401 2967 502 3008 ras
537 2951 698 3010 illius
733 2955 930 3024 vasiS,
983 2959 1044 3012 et
1090 2970 1202 3029 per
1237 2952 1417 3011 bases
1456 2953 1620 3031 ejus,
1675 2953 2009 3013 intellectas
2062 2954 2123 3010 in
2158 2967 2343 3011 sensu
2378 2952 2517 3042 spi-

401 3049 619 3110 rituali.
698 3051 788 3127 ΒΧ,
823 3050 947 3127 his,
1003 3069 1158 3128 quae
1223 3051 1481 3112 adducta
1528 3060 1697 3128 sunt,
1752 3060 2025 3113 constare
2061 3056 2296 3129 potest,
2352 3051 2522 3128 quod

400 3165 512 3224 per
563 3149 732 3207 Mare
793 3150 1198 3235 significentur
1242 3155 1577 3212 communia
1611 3155 1775 3227 veri,
1830 3169 1943 3212 seu
1979 3154 2345 3230 cognitiones
2380 3153 2518 3210 veri

399 3247 576 3308 simul
613 3257 674 3308 et
709 3248 1020 3309 collectim.
1103 3249 1261 3326 Quid
1296 3269 1440 3310 vero
1478 3253 1735 3330 amplius
1770 3252 2139 3330 significatur
2173 3269 2286 3328 per
2319 3250 2509 3324 Mare,

399 3347 632 3426 patebit
662 3351 722 3407 in
749 3349 1144 3425 explicatione
1181 3353 1594 3428 sequentium,
1632 3355 1857 3412 namin
1884 3350 2277 3428 sequentibus
2313 3350 2505 3409 nomi-

399 3455 578 3510 natur
613 3449 780 3508 Mare
819 3451 882 3508 in
941 3451 1110 3508 vario
1144 3465 1358 3520 sensu,
1410 3458 1477 3510 ut
1527 3454 1727 3529 Apoc:
1765 3453 1842 3511 V:
1888 3453 1995 3512 13.
2052 3451 2209 3528 Gap:
2248 3449 2396 3510 VH:
2443 3452 2500 3506 1.

405 3554 467 3609 2.
512 3553 572 3610 3.
655 3549 812 3626 Gap:
850 3549 1028 3608 VIII:
1100 3551 1158 3608 8.
1217 3553 1278 3609 9.
1366 3549 1519 3628 Cap:
1573 3553 1669 3612 X:
1726 3555 1788 3611 2.
1850 3554 1910 3610 8.
1992 3549 2151 3628 Cap:
2190 3547 2338 3610 XII:
2389 3548 2503 3606 18.

402 3649 559 3726 Cap:
596 3649 787 3710 XIII:
835 3653 892 3708 1.
963 3649 1121 3728 Gapt
1173 3649 1346 3710 XIV:
1394 3655 1451 3710 7.
1520 3650 1675 3728 Gapt
1712 3651 1854 3710 XV:
1897 3655 1959 3710 2.
2035 3650 2192 3728 Gap:
2228 3647 2397 3708 XVI:
2441 3647 2503 3707 3.

402 3745 564 3826 Capz
598 3749 848 3810 XVIII:
895 3753 1002 3809 17.
1045 3753 1155 3811 19.
1195 3753 1307 3809 21.
1366 3749 1528 3828 Cap:
1563 3749 1709 3810 XX:
1754 3753 1865 3810 13.
1921 3750 2080 3827 Cap:
2118 3749 2304 3810 XXI:
2351 3751 2408 3808 1.

555 3852 716 3908 276.
785 3849 972 3910 Vers:
1031 3852 1093 3909 6.
1141 3855 1199 3909 7.
1240 3851 1306 3918 8.,
1380 3847 1478 3910 Et
1520 3849 1591 3910 in
1624 3849 1834 3910 medio
1882 3849 2127 3912 Throm·
2166 3852 2228 3908 et
2274 3848 2511 3909 circum

401 3945 728 4008 Thr-onum
763 3953 1037 4026 quatuor
1073 3946 1415 4010 Animalia
1444 3947 1639 4031 plena
1679 3947 1883 4012 oculis
1920 3953 2066 4011 ante
2100 3954 2160 4009 et
2186 3953 2373 4010 retro,
2412 3945 2513 4007 Et

395 4040 664 4099 Animal
689 4045 980 4120 primum
1017 4045 1231 4110 simile
1273 4045 1439 4109 leone·
1448 4095 1463 4124 ,
1519 4054 1580 4109 et
1617 4048 1964 4112 secundum
1988 4045 2261 4110 Animal
2299 4042 2514 4107 simile

396 4131 622 4210 vitulo,
677 4143 739 4198 et
783 4144 1043 4207 tertium
1077 4145 1348 4210 Animal
1396 4147 1629 4212 habene
1665 4149 1913 4231 faciem
1964 4149 2133 4213 sicut
2184 4145 2365 4210 homo
2377 4190 2395 4222 ‚
2452 4149 2514 4206 et
