2700 4792
357 393 592 450 cAPUT
625 394 974 452 maurium.
1277 431 1281 435 .
1738 394 1950 451 vsns=
1995 406 2050 460 4.
2210 409 2317 462 291

205 557 394 616 XLV:
445 560 474 614 1
492 559 554 614 4.
609 561 638 614 1
659 559 692 616 5
708 574 724 630 3
805 571 916 629 per
972 552 1183 612 Filiam
1240 551 1427 630 Regis
1478 553 1845 630 significatur
1903 555 2137 616 affectio
2192 567 2322 630 veri

207 655 573 735 spiritualis,
622 661 686 714 et
727 653 862 714 inde
898 652 1173 714 Ecclesia
1212 669 1288 712 ex
1311 653 1431 712 illis
1470 655 1573 729 qui
1604 655 1665 712 in
1711 670 1784 712 ea
1814 655 2126 717 affectione
2152 637 2336 742 sunt}
2361 657 2519 728 [105]

203 758 333 818 Rex
379 755 678 834 significat
727 755 1049 816 Dominum
1103 753 1304 830 quoad
1361 753 1647 814 Divinum
1684 755 1909 814 Verum
1923 777 1939 833 3
2006 761 2193 819 vestis
2248 779 2322 826 ex

200 858 480 936 implexis
517 859 650 916 auri
690 855 1146 932 intelligentiam
1197 862 1256 914 et
1291 857 1649 931 sapientiam
1685 873 1759 914 ex
1794 855 1897 916 illo
1937 876 2113 934 νει-ος
2166 879 2317 922 acu-

201 963 365 1037 picta
397 961 462 1018 in
497 957 714 1033 quibus
753 953 1082 1016 adducetur
1115 955 1302 1032 Regi,
1356 963 1496 1014 sunt
1532 958 1896 1033 cognitiones
1933 961 2079 1017 veri.
2144 959 2321 1037 Quod

199 1060 348 1119 Filia
385 1058 684 1134 significet
734 1057 1108 1116 affectionem
1159 1057 1286 1116 veri
1341 1062 1403 1114 et
1448 1055 1585 1116 inde
1622 1056 1989 1128 Ecclesiam,
2040 1060 2319 1124 videatur

201 1179 266 1220 n:
305 1161 526 1218 2362.
572 1160 784 1218 2623.
832 1157 1043 1216 3373.
1089 1157 1301 1216 3963.
1345 1159 1560 1215 4257.
1598 1159 1807 1216 6729.
1854 1160 2065 1220 6775.
2104 1163 2315 1224 6779.

203 1263 420 1323 8649.
487 1259 696 1318 9055.
755 1260 980 1317 9807:
1037 1256 1198 1333 quod
1244 1257 1377 1316 Rex
1422 1257 1745 1316 Dominum
1795 1259 1995 1334 quoad
2028 1262 2315 1324 Divinum

197 1363 461 1435 Verum,
517 1375 702 1435 supra
748 1377 821 1416 n:
867 1359 978 1416 31.
1085 1357 1156 1415 In
1204 1356 1384 1416 Libro
1430 1357 1493 1418 11
1549 1356 1847 1418 Samuelis
1902 1357 2171 1434 „Filiae
2202 1362 2313 1424 Ie-

193 1459 403 1524 melis
459 1479 649 1539 super
692 1455 890 1519 Saule
922 1457 1107 1536 flete,
1172 1456 1286 1537 qui
1331 1457 1623 1518 amicivit
1677 1477 1787 1518 voa
1840 1458 2112 1541 dibapha
2173 1483 2317 1526 eum

195 1560 520 1636 delicatia,
561 1565 621 1620 et
653 1557 962 1638 imposuit
993 1563 1290 1620 ornatum
1329 1558 1482 1620 auri
1514 1578 1706 1638 super
1729 1565 1957 1621 vestem
1992 1569 2315 1626 vestramss‘

195 1665 249 1724 1:
295 1666 390 1722 24
409 1683 425 1738 ;
494 1663 647 1722 haec
691 1662 754 1719 in
800 1657 1226 1718 lamentatione
1276 1659 1531 1720 Davidis
1575 1675 1760 1736 super
1808 1659 2079 1738 Saulem,
2135 1683 2317 1742 quam

195 1765 509 1841 inscripsit
541 1760 620 1821 ad
653 1760 982 1820 docendum
1020 1760 1172 1819 filios
1194 1760 1478 1842 ⁹Jehudae
1515 1776 1751 1834 arcum,
1788 1761 1940 1823 ibid:
1978 1763 2165 1824 Vers:
2204 1768 2315 1844 183

195 1883 304 1942 per
333 1881 542 1922 arcum
579 1860 946 1938 significatur
974 1878 1181 1920 verum
1216 1878 1491 1938 pugnans
1528 1869 1735 1920 contra
1768 1862 2003 1939 falsum,
2041 1863 2317 1926 videatur

199 1986 265 2025 n:
313 1966 536 2024 2686.
588 1964 812 2036 2709;
866 1979 978 2038 per
1025 1960 1266 2020 Saulem
1313 1962 1399 2021 ibi
1446 1969 1512 2020 ut
1556 1961 1783 2039 Regem
1844 1963 2209 2042 significatur
2256 1965 2319 2026 id

193 2067 432 2126 Verum
445 2086 462 2140 3
515 2081 626 2140 per
666 2061 818 2120 filios
856 2061 1136 2122 Jehudae
1191 2061 1597 2138 significantur
1644 2063 1731 2121 illi
1775 2067 1877 2140 qui
1912 2066 1971 2123 in
2006 2065 2187 2126 Veris
2239 2085 2318 2126 ex

195 2167 356 2226 bono
405 2170 578 2238 sunt3
632 2179 741 2239 per
785 2165 1026 2222 amicire
1079 2161 1232 2221 filias
1279 2162 1527 2221 Israelis
1570 2163 1857 2239 dibapho,
1910 2173 1971 2224 et
2028 2184 2141 2244 per
2197 2170 2313 2228 im-

193 2283 426 2344 ponere
473 2271 746 2324 ornatum
795 2265 926 2322 auri
977 2279 1165 2339 super
1199 2270 1462 2337 vestem,
1520 2269 1613 2322 est
1645 2265 1935 2340 impertiri
1968 2267 2311 2345 intelligen-

195 2370 346 2426 tiam
393 2373 456 2424 et
488 2367 846 2440 sapientiam
881 2363 1000 2423 illis
1065 2366 1166 2438 qui
1200 2365 1258 2421 in
1296 2363 1609 2424 affectione
1648 2367 1777 2424 veri
1814 2367 2113 2440 spirituali
2148 2376 2307 2428 sunt.

197 2467 388 2544 Apud
419 2465 790 2524 Matthaeum
846 2463 1240 2544 „Ingressus
1274 2463 1425 2524 Rex
1465 2467 1537 2524 ut
1563 2461 1800 2523 videret
1836 2463 2311 2542 discumbentes,

202 2565 379 2626 vidit
418 2565 505 2626 ibi
539 2565 848 2626 hominem
885 2583 1010 2625 non
1045 2563 1346 2626 indutum
1384 2568 1551 2622 veste
1590 2563 1966 2642 nuptiarum
1978 2584 2007 2636 ;
2044 2571 2104 2626 et
2132 2563 2313 2626 dixit

197 2667 294 2742 ei,
350 2665 574 2735 amice,
613 2665 919 2745 quomodo
965 2665 1086 2726 huc
1125 2663 1392 2725 intrasti
1426 2683 1551 2724 non
1600 2663 1830 2724 habens
1882 2669 2111 2726 vestem
2143 2685 2310 2746 nup-
2369 2706 2379 2715 ,-

195 2768 481 2836 ciarum,
529 2763 642 2826 ille
685 2765 1027 2840 obmutuit,
1099 2771 1247 2826 tunc
1303 2763 1481 2826 dixit
1532 2765 1712 2840 Rex,
1768 2762 1971 2845 liyate
2012 2763 2211 2846 pedes
2252 2770 2317 2826 et

193 2886 462 2938 manua,
501 2871 562 2926 et
585 2867 792 2950 ejicite
831 2866 902 2927 in
927 2866 1208 2928 tenebras
1234 2865 1562 2926 eoetimaa“
1620 2866 1841 2928 XXII:
1886 2871 1995 2927 11.
2042 2870 2150 2926 12.
2187 2869 2313 2943 133

196 2971 406 3030 Vestis
443 2970 790 3044 nuptiarum
839 2967 1130 3044 significat
1177 2965 1634 3044 intelligentiam
1670 2967 1998 3044 spiritualis
2032 2968 2310 3040 hominiS,

195 3087 354 3146 quae
409 3076 505 3128 est
552 3085 629 3128 ex⁴
663 3067 1094 3145 cognitionibus
1131 3069 1260 3128 veri
1296 3074 1357 3126 et
1392 3067 1561 3137 boni,
1614 3075 1675 3126 at
1708 3085 1827 3128 non
1860 3068 2103 3129 indutus
2138 3075 2313 3129 veste

191 3173 543 3248 nuptiarum
581 3168 876 3245 significat
911 3167 1280 3245 hypocritam
1317 3169 1421 3244 qui
1454 3185 1564 3244 per
1598 3168 1883 3228 moralem
1917 3172 2105 3230 vitam
2138 3187 2311 3230 men·

190 3274 342 3330 titur
370 3269 774 3346 spiritualem,
817 3286 950 3328 cum
979 3276 1180 3330 tamen
1209 3274 1302 3327 est
1338 3285 1501 3328 mere
1530 3269 1847 3347 naturalis3
1896 3270 2085 3348 ligare
2120 3270 2313 3348 pedes

201 3377 268 3430 et
311 3387 527 3429 manus
575 3369 874 3447 significat
921 3371 1317 3447 privationem
1354 3371 1757 3446 cognitionum
1788 3369 1879 3430 ¹ex
1918 3371 2155 3444 Verbo,
2202 3389 2314 3448 per
2366 3449 2370 3454 .

195 3486 358 3548 quas
395 3477 484 3530 est
517 3473 804 3530 mentitus
839 3469 1139 3530 hominem
1173 3469 1579 3547 spiritualem3
1619 3472 1755 3548 ejici
1788 3474 1849 3531 in
1884 3469 2165 3530 tenebras
2204 3486 2309 3528 ex-

187 3575 375 3630 timas
413 3569 708 3648 significat
740 3571 1054 3632 interillos
1090 3573 1196 3648 qui
1228 3573 1288 3630 in
1323 3569 1493 3629 falsis
1524 3587 1600 3630 ex
1628 3571 1786 3630 malo
1814 3575 1954 3630 sunt
1970 3567 2315 3645 ;-tenebrae

189 3674 457 3732 extimae
504 3678 642 3730 sunt
695 3671 854 3730 falsa
900 3688 976 3730 ex
1034 3671 1210 3730 malo.
1305 3671 1485 3747 Apud
1532 3671 1905 3748 Zephaniam
1958 3711 1997 3743 „
2020 3664 2311 3732 Visitabo

184 3791 390 3851 auper-
412 3769 740 3850 prineipea
781 3776 842 3830 et
884 3789 1078 3852 cuper
1101 3767 1288 3852 filios
1315 3769 1553 3848 Reqie,
1622 3775 1684 3830 et
1724 3785 1917 3848 auper-
1950 3785 2161 3828 omnea
2203 3765 2309 3826 in-

183 3871 392 3933 dutos
445 3871 835 3934 vestimentis
892 3867 1286 3952 alieniyenae
1313 3872 1350 3904 “
1432 3869 1489 3928 1:
1561 3872 1634 3945 85
1700 3869 2007 3946 principes
2080 3872 2143 3926 et
2204 3864 2313 3925 filii

182 3973 382 4049 Regis
419 3971 754 4048 significant
784 3972 921 4032 illos
959 3974 1062 4050 qui
1095 3974 1158 4032 in
1183 3973 1342 4032 veris
1380 3977 1547 4045 sunt,
1587 3986 1659 4030 ac
1692 3971 1757 4030 in
1790 3969 2068 4048 opposito
2104 3983 2309 4042 sensu,

181 4077 255 4132 ut
303 4071 438 4147 hie,
503 4072 639 4132 illos
703 4074 806 4149 qui
863 4075 924 4132 in
984 4072 1152 4132 falsis
1165 4092 1182 4150 ;
1251 4073 1315 4130 hi
1374 4070 1653 4132 dicuntur
1708 4069 1898 4130 induti
1955 4072 2313 4131 vestimento

181 4173 586 4250 alienigenae,
627 4175 768 4250 quia
800 4175 1224 4236 vestimentum
1257 4171 1551 4248 significat
1586 4171 1805 4232 falsum
1822 4217 1839 4247 ,
1878 4179 1943 4232 et
1974 4171 2313 4248 alienigena

179 4273 329 4334 illos
379 4276 482 4350 qui
528 4280 700 4356 extra
733 4274 1070 4336 Ecclesiam
1113 4281 1278 4348 sunt,
1337 4279 1399 4332 et
1448 4289 1565 4334 non
1627 4278 1961 4351 agnoscunt
1994 4271 2315 4334 Ecclesiae

289 4413 324 4442 ,
1903 4375 1929 4428 1
1953 4376 1986 4429 9
2022 4365 2060 4405 *
