2700 4792
407 335 516 386 50⁸
743 321 1230 378 APOCALYPSIS
1275 321 1713 378 EXPLICATA.
1772 320 1818 388 ς.
1864 329 2187 382 eoi—293·

399 482 538 544 inde
586 487 868 544 constare
911 485 1146 559 potest,
1201 497 1308 542 eur
1354 479 1719 554 humiliatio,
1776 485 1837 538 et
1878 478 2037 540 unde
2084 486 2183 540 cst
2214 481 2379 558 quod
2412 499 2545 560 per

399 581 714 662 procidere
775 589 836 640 et
885 581 1138 641 adorare
1199 579 1568 659 significetur
1623 577 1953 640 humiliatio
2006 586 2069 640 et
2112 586 2257 642 tunc
2300 584 2537 660 agnitio

399 681 600 746 corde.

557 786 592 842 2
609 785 720 842 92.
774 781 852 840 Et
885 780 1250 860 abjiciebant
1295 796 1547 842 coronas
1600 796 1745 841 suas
1792 797 1993 840 coram
2032 780 2295 852 Throno‚
2354 781 2523 858 quod

401 882 696 961 significet
725 880 1194 954 humiliationem
1231 888 1292 942 et
1325 888 1471 940 tunc
1504 882 1867 959 agnitionem
1902 881 2111 955 corde,
2166 879 2323 958 quod
2370 880 2526 940 nihil

401 983 542 1044 boni
576 1000 654 1045 ex
685 981 808 1042 illis
821 1025 840 1058 ,
879 981 987 1042 sed
1025 981 1183 1058 quod
1219 998 1395 1042 omne
1428 999 1469 1042 a
1498 979 1789 1056 Domino,
1830 989 2069 1041 constat
2101 998 2179 1041 ex
2210 981 2525 1058 significa·-

400 1085 562 1146 tione
597 1098 870 1158 coronae,
910 1081 1068 1161 quod
1091 1085 1173 1142 sit
1205 1083 1428 1142 bonum
1464 1086 1525 1141 et
1558 1081 1695 1140 inde
1720 1083 2039 1158 sapientia,
2076 1081 2153 1141 de
2180 1098 2301 1159 qua
2328 1097 2530 1159 supra

401 1203 478 1244 n:
517 1187 603 1243 27
619 1187 690 1258 2;
745 1188 806 1242 et
841 1199 915 1242 ex
951 1182 1383 1260 significatione
1418 1181 1683 1260 abjicere
1718 1199 1921 1242 coram
1961 1180 2203 1243 Throno
2222 1225 2240 1254 ,
2292 1198 2407 1242 seu
2442 1181 2536 1242 ibi

399 1284 744 1358 demittere,
802 1281 962 1360 quod
1009 1285 1092 1342 sit
1135 1299 1212 1344 ex
1246 1281 1657 1343 humiliatione
1690 1298 2053 1360 agnoscere,
2108 1282 2270 1359 quod
2301 1282 2366 1341 id
2400 1299 2533 1342 non

399 1403 440 1444 a
471 1389 668 1444 semet
699 1382 822 1442 sed
855 1399 894 1440 a
927 1380 1070 1444 Solo
1105 1382 1397 1454 Domino,
1448 1399 1585 1442 nam
1622 1383 1883 1459 abjicere
1932 1389 2029 1443 est
2061 1383 2177 1442 sibi
2210 1381 2531 1454 abdicare,

399 1491 462 1546 et
495 1483 806 1545 demittere
841 1499 1044 1544 coram
1081 1482 1322 1544 Throno
1362 1489 1457 1544 est
1488 1499 1817 1559 agnoscere
1855 1481 2015 1559 quod
2047 1480 2110 1542 id
2144 1500 2183 1543 a
2212 1480 2354 1542 Solo
2382 1481 2527 1543 Do·-

398 1587 575 1646 mino.
655 1584 886 1644 Bonum
923 1583 1086 1660 quod
1117 1583 1214 1643 hic
1260 1601 1375 1662 per
1408 1599 1663 1644 coronas
1698 1581 2099 1659 significatur,
2153 1589 2251 1644 est
2297 1581 2531 1642 bonum

396 1684 618 1744 amoris
666 1692 730 1743 et
775 1682 1111 1757 charitatis,
1168 1684 1284 1742 hoc
1328 1682 1553 1746 bonum
1602 1684 1793 1743 influit
1836 1701 1875 1746 a
1910 1681 2053 1744 Solo
2089 1683 2347 1744 Domino
2373 1727 2390 1757 ,
2446 1699 2532 1742 ac

397 1784 682 1860 recipitur
718 1783 793 1842 ab
829 1782 1080 1858 Angelis
1119 1781 1286 1843 Coeli
1322 1789 1387 1843 et
1418 1782 1496 1844 ab
1528 1782 1868 1843 hominibus
1900 1782 2215 1844 Ecclesiae
2248 1785 2311 1842 in
2338 1780 2533 1843 Veris

397 1900 556 1961 quae
594 1899 669 1943 ex
704 1880 936 1943 Verbo:
991 1899 1138 1942 vera
1171 1899 1328 1958 quae
1364 1901 1442 1942 ex
1476 1882 1681 1943 Verbo
1728 1884 1894 1959 apud
1922 1882 2225 1960 Angelum
2260 1889 2325 1942 et
2354 1883 2531 1960 apud

395 1983 694 2044 hominem
727 1984 790 2044 in
821 1999 1024 2042 eorum
1055 1983 1342 2043 memoria
1376 1989 1546 2070 sunt,
1583 1984 1799 2044 exinde
1834 1984 2125 2044 Dominus
2162 1988 2376 2044 evocat
2408 1982 2535 2042 illa

397 2089 459 2144 et
481 2083 789 2161 conjungit
821 2081 976 2141 bono
1006 2089 1289 2160 quantum
1319 2084 1588 2160 Angelus
1626 2082 1931 2146 anthemo
1958 2085 2019 2142 in
2046 2083 2359 2144 affectione
2388 2087 2530 2143 veri

396 2183 695 2262 spirituali
725 2190 836 2254 est,
863 2200 1019 2260 quae
1043 2185 1098 2242 ei
1127 2189 1220 2242 est
1248 2183 1482 2260 quando
1505 2186 1652 2244 vivit
1676 2184 2003 2244 secundnm
2024 2202 2169 2244 vera
2198 2201 2267 2244 ex
2290 2182 2527 2244 Verbo:

397 2283 736 2361 conjunctio
775 2283 842 2342 fit
877 2287 938 2342 in
971 2286 1238 2344 interiori
1282 2301 1394 2344 seu
1430 2284 1731 2362 spirituali
1763 2283 2033 2356 homine,
2090 2291 2151 2346 et
2185 2284 2323 2345 inde
2356 2285 2424 2346 fit
2454 2285 2527 2343 in

195 2391 354 2453 [334]
399 2384 693 2446 exteriore
733 2400 843 2443 seu
877 2384 1140 2443 naturali
1169 2382 1439 2444 homine:
1494 2385 1832 2463 conjunctio
1866 2384 1972 2444 illa
2004 2386 2149 2446 facit
2181 2384 2527 2446 Ecclesiam

396 2484 559 2563 apud
590 2481 889 2544 hominem
957 2483 1096 2542 dum
1155 2486 1215 2542 in
1251 2486 1427 2544 terris
1462 2487 1641 2558 vivit,
1698 2491 1759 2544 et
1815 2491 2032 2562 postea
2089 2485 2235 2545 facit
2268 2484 2529 2546 Coelum

395 2585 560 2664 apud
591 2584 794 2646 illum:
849 2585 984 2644 inde
1020 2589 1219 2660 patet,
1274 2583 1437 2661 quod
1470 2585 1703 2661 absque
1736 2584 1842 2644 illa
1876 2585 2291 2664 conjunctione
2339 2602 2529 2648 nemo

393 2688 586 2763 possit
619 2684 881 2761 salvari,
937 2691 1060 2756 tum
1099 2685 1260 2761 quod
1305 2683 1473 2744 nulla
1508 2686 1847 2762 conjunctio
1890 2685 2033 2746 boni
2068 2693 2131 2746 et
2162 2687 2291 2746 veri
2321 2686 2525 2760 detur,

396 2788 513 2846 uisi
543 2786 722 2846 homo
757 2789 922 2846 vivat
953 2787 1137 2844 vitam
1175 2787 1422 2861 amoris3
1476 2788 1682 2845 vivere
1717 2787 1896 2844 vitam
1932 2788 2153 2846 amoris
2189 2793 2282 2846 est
2312 2785 2527 2846 facere

394 2893 724 2962 praecepta
756 2887 1030 2955 Domini,
1079 2903 1216 2946 nam
1264 2903 1465 2945 amare
1518 2894 1611 2944 est
1654 2886 1883 2959 facere,
1938 2887 2102 2964 quod
2148 2887 2305 2947 enim
2336 2885 2525 2946 homo

393 2989 557 3044 amat
588 2985 700 3045 hoc
731 2985 862 3046 vult
895 2992 958 3046 et
990 2983 1104 3046 hoc
1139 2987 1298 3062 facit,
1337 2985 1499 3064 quod
1532 2993 1732 3048 autem
1766 3003 1886 3046 non
1912 2995 2075 3048 amat
2106 2986 2221 3048 hoc
2242 3003 2360 3047 non
2385 2985 2524 3046 vult

395 3091 457 3142 et
489 3082 624 3142 ideo
660 3099 777 3141 non
812 3085 972 3142 facit.

549 3186 584 3242 2
602 3184 708 3242 93.
763 3183 1050 3242 Dicentes
1062 3227 1081 3258 ,
1137 3184 1350 3262 dignus
1402 3202 1470 3248 es
1515 3186 1775 3247 Domine
1821 3190 2101 3266 accipere
2148 3187 2401 3266 gloriam
2450 3195 2516 3247 et

389 3285 678 3344 honorem
712 3288 775 3366 et
805 3287 1169 3360 potestatem
1191 3329 1208 3356 ,
1263 3287 1427 3362 quod
1472 3286 1769 3366 significet
1810 3289 2089 3348 meritum
2126 3295 2189 3348 et
2212 3287 2513 3367 justitiam

394 3401 550 3462 quae
584 3383 805 3444 Divino
841 3383 1120 3444 Humano
1153 3383 1426 3462 Domini,
1482 3387 1643 3466 quod
1679 3404 1755 3446 ex
1791 3405 1865 3447 eo
1900 3390 1983 3448 sit
2018 3405 2191 3448 omne
2226 3388 2513 3451 Divinum

393 3485 622 3546 Verum
659 3491 719 3545 et
751 3485 1040 3546 Divinum
1073 3484 1304 3566 Bonum
1319 3531 1336 3562 ‚
1378 3505 1449 3548 ac
1487 3486 1773 3564 Salvatio,
1822 3495 2060 3550 constat
2094 3507 2170 3550 ex
2204 3486 2507 3566 significa·

394 3590 552 3648 tione
608 3586 822 3664 dignus
873 3602 940 3645 es
974 3584 1262 3663 Domine,
1321 3587 1481 3664 quod
1516 3589 1595 3647 sit
1626 3585 1904 3648 Meritum
1958 3598 2019 3648 et
2052 3589 2305 3650 Justitia
2350 3603 2509 3662 quae

392 3687 612 3748 Divino
660 3687 937 3746 Humano
971 3685 1244 3760 Domini,
1297 3687 1371 3746 de
1427 3705 1550 3766 qua
1596 3690 1868 3764 sequitur
1880 3708 1896 3765 3
1953 3705 2029 3749 ex
2081 3687 2513 3766 significatione

393 3786 619 3865 gloriae
657 3792 718 3846 et
750 3786 1014 3862 honoris,
1053 3804 1188 3848 cum
1216 3786 1291 3848 de
1315 3787 1593 3858 Domino,
1630 3789 1790 3863 quod
1823 3790 1944 3848 sint
1968 3789 2255 3849 Divinum
2283 3786 2513 3848 Verum

393 3893 464 3962 et„
493 3889 780 3948 DivInum
815 3887 1050 3948 Bonum
1085 3905 1240 3966 quae
1277 3887 1355 3948 ab
1388 3887 1535 3966 Ipso
1552 3933 1570 3964 ,
1627 3886 1701 3949 de
1738 3907 1861 3967 qua
1894 3905 2089 3968 supra
2120 3908 2191 3948 n:
2233 3889 2397 3964 2883
2454 3895 2513 3946 et

393 4004 470 4046 ex
503 3987 934 4064 significatione
971 3989 1319 4065 potestatis,
1374 3990 1532 4066 quod
1574 3991 1655 4050 sit
1688 3987 1977 4066 salvati03
2030 3989 2193 4072 quod
2238 3993 2511 4066 potestas

389 4083 487 4141 hic
547 4085 942 4148 salvationem
999 4087 1324 4168 significet,
1396 4096 1488 4150 est
1534 4092 1675 4170 quia
1726 4093 1917 4152 omnis
1969 4096 2241 4169 potestas
2290 4089 2515 4150 Divina

389 4181 554 4242 illam
591 4190 826 4259 spectat
859 4194 926 4248 ut
959 4188 1168 4264 finem;
1219 4188 1397 4250 homo
1434 4193 1587 4252 enim
1626 4210 1699 4252 cx
1734 4197 2037 4272 potestate
2064 4190 2284 4252 Divina
2318 4189 2513 4250 refor-
