2700 4792
329 347 570 436 cAPu'r'
611 375 1024 436 schNnUM.
1700 375 1921 430 πεῖθε
1966 385 2019 458 s.
2180 389 2287 442 με,

171 539 320 600 Inde
354 545 635 598 constare
665 544 885 615 potest,
931 536 1092 614 quod
1118 537 1411 596 Dominus
1446 537 1709 614 rejectus
1746 538 1823 596 sit
1864 537 1941 596 ab
1975 538 2094 598 illis
2128 540 2288 602 intra

174 639 548 714 Ecclesiam,
591 640 693 716 qui
714 637 1058 698 immediate
1098 636 1322 696 adeunt
1351 637 1631 706 Patrem,
1668 645 1729 696 et
1770 636 1978 715 Ipsum
2014 646 2186 698 orant
2222 645 2289 699 ut

171 743 538 800 misereatur
561 745 809 816 propter
847 738 1096 813 Filinm3
1147 737 1212 796 hi
1247 739 1403 796 enim
1436 753 1557 795 non
1596 737 1771 796 aliter
1803 746 2060 815 possunt
2098 757 2277 817 quam

175 843 450 918 cogitare
491 839 568 898 de
601 839 880 898 Humano
903 837 1174 912 Domini,
1217 839 1375 897 sicut
1400 837 1477 896 de
1512 835 1787 896 Humano
1818 837 1972 898 alius
2008 839 2280 915 hominis,

175 944 257 1000 ita
290 957 420 998 non
459 939 638 997 simul
665 939 738 998 de
765 939 986 997 Divino
1031 937 1236 1014 Ipsius
1271 939 1330 996 in
1365 937 1661 1012 Humano,
1700 939 1895 998 minus
1938 939 2011 998 de
2065 939 2283 998 Divino

177 1041 382 1117 Ipsius
415 1040 734 1116 conjuncto
756 1037 1034 1098 Humano
1061 1037 1264 1114 Ipsius
1287 1040 1445 1096 sicut
1468 1039 1787 1114 conjuncta
1812 1045 1905 1098 est
1926 1041 2123 1096 anima
2149 1055 2284 1098 cor-

177 1143 328 1218 pori,
365 1139 700 1198 secundum
741 1138 1072 1198 doctrinam
1103 1141 1168 1196 in
1209 1141 1491 1198 universo
1534 1135 1871 1196 Christiano
1910 1137 2071 1198 Orbe
2106 1155 2281 1198 rece-

182 1247 363 1317 ptam,
403 1239 684 1298 videatur
706 1255 892 1316 supra
917 1257 993 1297 n:
1041 1242 1070 1298 1
1089 1241 1128 1298 Ο
1159 1244 1220 1296 et
1246 1242 1282 1297 2
1298 1241 1370 1297 6:
1408 1241 1541 1314 quis
1568 1254 1827 1314 usquam
1850 1241 1913 1296 in
1940 1237 2279 1298 Christiano

183 1341 374 1416 Orbe,
447 1341 548 1416 qui
592 1339 878 1398 Divinum
924 1339 1166 1398 DomIni
1217 1341 1512 1416 agnoscit,
1584 1338 1721 1396 talis
1780 1338 1914 1398 vult
1970 1355 2107 1398 csse
2124 1383 2139 1413 ,
2212 1347 2282 1398 ut

186 1441 472 1500 Divinum
518 1439 720 1516 Ipsius
779 1445 964 1516 ponat
1010 1445 1180 1498 extra
1223 1439 1567 1497 Humanum
1614 1437 1844 1515 Ipsius3
1900 1456 2039 1498 cum
2083 1446 2285 1499 tamen

199 1543 456 1616 cogitare
493 1541 570 1600 de
606 1539 736 1600 solo
770 1539 1048 1598 Humano
1085 1545 1147 1598 et
1192 1556 1309 1597 non
1360 1539 1537 1598 simul
1588 1525 1661 1597 de
1714 1539 1931 1598 Divino
1978 1537 2183 1616 Ipsius
2219 1541 2281 1598 in

197 1639 497 1714 Humano,
544 1646 644 1700 est
677 1641 898 1698 intueri
931 1639 1037 1698 illa
1070 1646 1391 1715 separata,
1429 1640 1590 1715 quod
1614 1655 1733 1698 non
1771 1647 1864 1698 est
1896 1641 2115 1700 intueri
2150 1639 2283 1700 Do·-

192 1741 441 1815 minum,
491 1757 603 1800 nec
635 1746 955 1816 utrumque
1001 1747 1071 1800 ut
1115 1757 1292 1797 unam
1345 1739 1702 1814 Personam,
1757 1757 1895 1800 cum
1930 1747 2131 1799 tamen
2166 1739 2279 1800 do-

188 1842 378 1899 ctrina
419 1843 480 1900 in
517 1840 970 1900 Christianismo
1005 1847 1254 1915 recepta
1295 1842 1474 1898 etiam
1512 1847 1631 1910 est,
1694 1841 1856 1917 quod
1903 1840 2190 1900 Divinum
2224 1849 2287 1901 ct

192 1940 538 2000 Humanum
574 1940 816 2000 Domini
851 1957 969 1999 non
1003 1942 1122 1999 sint
1159 1939 1278 1998 duo
1315 1940 1427 2000 sed
1460 1941 1635 2000 unica
1658 1941 1943 2001 Persona.
1996 1941 2285 2002 Homines

192 2040 504 2102 Ecclesiae
528 2041 706 2100 hodie
735 2040 976 2118 quidem
1003 2043 1264 2118 cogitant
1292 2040 1367 2100 de
1393 2040 1611 2100 Divino
1638 2041 1883 2100 Domini
1913 2043 1975 2099 in
2008 2039 2286 2102 Humano

189 2139 422 2217 Ipsius,
463 2159 598 2201 cum
635 2159 712 2200 ex
747 2141 1019 2201 doctrina
1051 2140 1363 2200 Ecclesiae
1398 2140 1748 2219 loquuntur,
1790 2149 1851 2199 at
1884 2158 2133 2218 prorsus
2169 2142 2284 2201 ali-

191 2247 286 2299 ter
318 2242 456 2301 dum
503 2244 772 2318 cogitant
816 2248 876 2299 et
921 2257 1128 2301 secum
1173 2240 1501 2318 loquuntur
1550 2247 1718 2300 extra
1762 2243 2092 2302 doctrinam
2105 2262 2121 2317 3
2176 2242 2287 2302 sed

189 2343 446 2419 sciatur,
487 2341 646 2418 quod
680 2341 836 2400 alius
873 2348 1068 2400 status
1103 2342 1182 2400 sit
1214 2341 1438 2400 homini
1472 2359 1608 2402 cum
1643 2359 1719 2400 ex
1756 2343 2025 2402 doctrina
2060 2344 2283 2419 cogitat

187 2448 252 2498 et
285 2441 576 2518 loquitur,
631 2447 694 2500 et
727 2441 880 2502 alius
929 2457 1063 2501 cum
1111 2449 1277 2501 extra
1311 2442 1669 2516 doctrinam3
1724 2441 1867 2502 dum
1900 2459 1977 2501 ex
2012 2443 2285 2501 doctrina

192 2541 419 2614 cogitat
453 2547 514 2599 et
545 2541 829 2618 loquitur,
893 2548 1035 2602 tunc
1077 2560 1152 2600 ex
1205 2543 1491 2600 memoria
1534 2542 1825 2600 naturalis
1881 2544 1976 2600 sui
2024 2541 2281 2600 hominis

197 2641 422 2714 cogitat
457 2646 516 2698 et
553 2640 836 2717 loquitur3
891 2649 954 2700 at
991 2660 1124 2701 cum
1161 2649 1332 2702 extra
1368 2643 1725 2715 doctrinam,
1778 2649 1918 2700 tunc
1956 2658 2033 2700 ex
2066 2641 2283 2715 spiritu

189 2755 334 2814 suo,
388 2758 524 2800 nam
575 2759 650 2800 ex
695 2743 906 2818 spiritu
953 2745 1214 2820 cogitare
1273 2750 1332 2802 et
1379 2742 1580 2820 loqui,
1637 2747 1731 2800 est
1775 2761 1850 2802 ex
1900 2739 2280 2800 interioribus

189 2843 400 2902 mentis
437 2857 616 2917 suae,
674 2843 832 2902 unde
871 2849 966 2902 est
1000 2845 1136 2920 ipsa
1169 2843 1318 2902 fides
1358 2844 1519 2921 ejus;
1570 2842 1825 2902 hominis
1872 2844 2052 2902 etiam
2087 2845 2281 2900 status

192 2947 330 3016 post
360 2948 608 3002 mortem
642 2942 737 3018 fit,
793 2943 990 3020 qualis
1027 2943 1158 3020 ejus
1196 2945 1441 3019 spiritus
1470 2944 1751 3022 cogitatio
1802 2950 1863 3004 et
1897 2941 2141 3019 loquela
2176 2958 2279 3002 se-

198 3056 334 3098 cum
379 3042 486 3102 suit
541 3050 716 3103 extra
761 3043 1119 3118 doctrinam,
1177 3049 1238 3102 et
1287 3061 1407 3102 non
1460 3044 1655 3121 qualis
1710 3045 1842 3121 ejus
1892 3044 2173 3122 cogitatio
2222 3049 2285 3102 et

197 3137 431 3214 loquela
469 3143 580 3202 fuit
627 3161 704 3202 ex
751 3142 1050 3214 doctrina,
1112 3147 1168 3204 si
1211 3161 1330 3203 non
1376 3143 1527 3204 haec
1582 3163 1703 3204 una
1746 3145 1927 3204 fuerit
1972 3162 2109 3206 cum
2145 3143 2283 3204 illa:

200 3239 357 3315 quod
396 3241 518 3302 bini
559 3249 754 3302 status
804 3244 1028 3306 homini
1073 3243 1270 3321 quoad
1303 3244 1482 3304 fidem
1520 3253 1579 3305 et
1624 3263 1887 3306 amorem
1923 3249 2069 3322 sint,
2124 3261 2281 3304 unus

193 3337 330 3398 dum
362 3342 421 3400 in
457 3343 729 3404 doctrina
767 3350 894 3415 est,
950 3352 1010 3404 et
1044 3345 1196 3405 alter
1236 3363 1373 3406 cum
1410 3353 1581 3404 extra
1614 3345 1971 3422 doctrinam3
2028 3352 2088 3404 et
2123 3343 2285 3420 quod

190 3445 385 3500 status
423 3443 556 3520 ejus
590 3442 732 3505 fidei
774 3452 834 3504 et
869 3447 1088 3504 amoris
1133 3452 1302 3504 extra
1345 3445 1677 3505 doctrinam
1724 3447 1922 3507 salvet
1961 3444 2165 3517 illum,
2222 3449 2285 3501 et

185 3557 306 3600 non
343 3548 540 3602 status
577 3544 710 3621 ejus
749 3545 1028 3622 loquelae
1065 3545 1138 3605 de
1179 3546 1296 3606 fide
1343 3553 1404 3605 et
1454 3563 1656 3606 amore
1702 3564 1837 3607 cum
1882 3563 1955 3604 ex
1994 3543 2279 3616 doctrina,

184 3641 300 3702 nisi
337 3642 437 3702 hic
471 3661 655 3702 unum
689 3645 872 3706 faciat
899 3663 1035 3706 cum
1066 3646 1199 3721 illo,
1237 3646 1415 3706 homo
1452 3649 1673 3720 nescit,
1713 3663 1847 3705 cum
1880 3651 2083 3702 tamen
2116 3643 2284 3718 cogi—-

181 3745 314 3802 tare
353 3749 417 3802 et
451 3742 620 3820 loqui
653 3762 723 3804 ex
763 3746 1035 3806 doctrina
1069 3747 1142 3807 de
1177 3747 1298 3806 fide
1335 3755 1397 3806 et
1432 3763 1633 3806 amore
1672 3751 1767 3804 est
1801 3744 1968 3820 loqui
1994 3757 2067 3800 ex
2101 3746 2281 3799 natu-

181 3842 292 3902 rali
327 3827 666 3903 homine'et
701 3847 832 3924 ejus
867 3850 1184 3916 memoria,
1237 3853 1305 3906 ut
1339 3854 1613 3906 constare
1650 3851 1854 3920 potest
1890 3859 1965 3902 ex
2012 3859 2082 3902 co
2128 3840 2277 3915 solo,

183 3942 346 4016 quod
398 3959 592 4019 aeque
642 3945 786 4005 mali
823 3963 1000 4024 quam
1061 3929 1203 4008 Boni
1249 3948 1336 4006 ita
1384 3948 1647 4023 cogitare
1688 3950 1764 4003 'et
1820 3943 1987 4022 loqui
2044 3944 2282 4022 possint

187 4042 428 4117 quando
465 4060 601 4102 cum
639 4045 804 4122 aliis3
861 4054 1230 4125 quapropter
1265 4050 1447 4107 etiam
1482 4045 1778 4105 antistites
1815 4045 1957 4104 mali
1991 4061 2184 4123 aeque
2214 4061 2285 4104 ac

180 4139 346 4218 boni,
405 4159 518 4202 seu
570 4147 868 4206 antistites
906 4151 1008 4224 qui
1055 4147 1280 4208 nullam
1331 4146 1509 4208 fidem
1550 4145 1775 4206 habe-nt
1828 4164 2021 4226 aeque
2072 4161 2144 4205 ac
2180 4147 2283 4222 qui

186 4239 362 4302 fidem
399 4243 652 4322 habent,
701 4255 960 4324 possunt
996 4248 1353 4325 praedicare
1386 4247 1781 4325 Evangelium
1818 4265 1951 4308 cum
1990 4245 2164 4306 simili
2202 4243 2280 4301 ad

282 4359 715 4416 swedenborg,
757 4364 946 4418 Apocal.
978 4365 1089 4418 upl.
1124 4365 1156 4403 Ι.
1872 4348 1954 4406 1⁸0
