2700 4792
461 329 533 377 76
826 312 1318 368 APOCALYPSIS
1363 311 1789 367 EXPLICATA.
1870 311 1919 380 §.
1962 320 2053 372 67.
2107 322 2199 372 68.

459 473 694 553 capitia
741 470 968 553 Ipsius
1026 472 1192 533 sicut
1243 468 1397 531 lana
1446 469 1774 530 candida⁶
1813 467 1977 530 vn:
2013 472 2074 528 9.
2145 466 2358 530 Vestis
2398 472 2580 535 etiam

461 573 763 652 significat·
778 573 1061 632 Divinum
1087 576 1149 632 in
1182 573 1436 644 ultimis,
1476 572 1753 631 videatur
1792 588 1982 648 supra
2017 559 2134 657 [nt]
2176 572 2307 645 643
2342 578 2409 630 et
2444 572 2577 630 An-

463 676 666 751 tiquos
715 674 942 732 dierum
981 673 1300 733 Dominum
1355 674 1431 732 ab
1493 679 1755 732 aeterno.
1847 671 2005 746 Quia
2051 671 2223 730 Lana
2266 671 2576 747 significat

462 775 682 834 bonum
719 777 780 832 in
817 774 1069 847 ultimis,
1107 774 1243 832 ideo
1284 773 1601 850 aliquoties
1637 775 1696 829 in
1725 771 1928 830 Verbo
1956 770 2314 829 describitur
2347 771 2577 830 bonum

459 892 574 952 per
635 874 867 945 lanam,
942 881 1000 933 et
1056 892 1264 932 verum
1315 891 1430 950 per
1486 872 1672 932 linum
1729 878 1790 931 et
1837 889 1949 948 per
2001 873 2229 940 nivem,
2291 878 2361 930 ut
2410 873 2579 949 apud

462 973 875 1048 Hoscheam,
871 973 1140 1049 ,Dima
1192 972 1291 1033 ibo
1317 978 1471 1052 poet
1504 971 1793 1032 amasios
1828 988 2029 1040 meoc,
2082 968 2328 1030 dantes.
2331 991 2578 1050 panem

460 1092 666 1134 meam
699 1080 758 1133 et
795 1092 999 1153 aquas
1034 1093 1237 1147 meaa,
1277 1071 1536 1132 Lanam
1561 1092 1766 1132 meam
1800 1077 1860 1131 et
1896 1068 2102 1130 linum
2135 1090 2384 1141 noeum,·
2433 1071 2577 1132 ideo

460 1179 744 1235 revertar
776 1180 836 1234 et
870 1173 1186 1252 accipiam
1206 1173 1609 1252 smnoentnm
1649 1191 1856 1232 meum
1903 1171 1973 1231 ὄπ
2008 1176 2279 1251 tempore
2314 1189 2462 1247 cao,
2523 1179 2580 1232 et

460 1274 754 1353 auferam
796 1273 1055 1334 Lanam
1090 1291 1294 1331 mam
1326 1277 1386 1331 et
1434 1270 1639 1332 linum
1686 1275 1939 1332 τηεωη(ί
1995 1271 2091 1329 11:
2133 1273 2187 1330 5.
2226 1274 2285 1329 9.
2383 1273 2576 1349 Apud

459 1374 842 1434 Ezechielem
884 1372 1207 1451 „Adipem
1240 1372 1599 1446 comeditis,
1653 1378 1713 1432 et
1747 1371 2003 1433 Lanam
2037 1369 2347 1444 induitis,
2402 1372 2576 1450 quod

460 1474 771 1553 optimum
802 1479 927 1549 est,
968 1473 1296 1547 mactatis,
1343 1491 1601 1552 yreyem
1636 1491 1763 1533 non
1783 1471 2112 1551 paccit2⁰8“
2150 1470 2464 1530 XXXIV:
2511 1475 2570 1532 3.

458 1575 641 1650 Apud
674 1575 972 1633 Davidem
1012 1571 1346 1647 „Jehovah
1393 1572 1603 1633 mittet
1652 1574 1905 1632 verbum
1951 1589 2143 1631 ouum
2193 1570 2263 1630 in
2309 1577 2569 1646 tan-am,

461 1672 578 1731 dat
629 1672 836 1732 nivem
890 1673 1063 1733 sicut
1113 1671 1378 1732 lanam“
1456 1674 1688 1733 Psalm:
1748 1671 2062 1733 CXLVII:
2127 1673 2234 1728 15.
2295 1675 2324 1729 1
2346 1676 2408 1732 6.
2497 1674 2571 1730 Et

301 1785 424 1846 [55]
466 1772 631 1848 apud
663 1773 909 1850 Esajam
962 1771 1088 1848 „Si
1134 1773 1390 1852 suerint
1437 1779 1703 1853 peccata
1762 1777 1974 1834 vestra
2038 1769 2205 1829 sicut
2266 1770 2565 1851 dibapha,

459 1877 763 1950 tanquam
806 1872 952 1933 Nea·
998 1870 1305 1933 albescent
1314 1893 1343 1944 ,·
1396 1873 1461 1932 εἰ
1505 1874 1699 1933 rubra
1736 1871 1995 1951 suerint
2040 1870 2211 1930 sicut
2242 1891 2564 1952 purpura,

460 1977 763 2051 tanquam
787 1970 983 2032 Lana
1015 1977 1244 2032 παγαί(
1290 1973 1350 2032 I:
1414 1975 1531 2032 18:
1588 1972 1747 2049 quod
1782 1975 1881 2030 nix
1915 1972 2149 2029 dicatur
2184 1972 2258 2030 de
2293 1976 2562 2048 peccatis

459 2090 617 2148 quae
653 2072 894 2132 fuerunt
929 2073 1083 2131 sicut
1116 2073 1412 2149 dibapha,
1445 2081 1515 2132 et
1537 2074 1680 2132 lana
1712 2072 1788 2132 de
1823 2071 2093 2148 peccatis
2122 2089 2277 2148 quac
2318 2074 2561 2140 fuerunt

457 2172 644 2230 rubra
677 2175 833 2232 sicut
865 2191 1164 2249 purpura,
1220 2181 1315 2232 est
1366 2176 1508 2249 quia
1555 2172 1817 2249 dibapha
1851 2170 2185 2250 significant
2228 2190 2442 2232 vorum
2491 2191 2563 2230 ex

456 2272 646 2348 bono,
680 2282 740 2332 et
773 2275 832 2330 in
856 2275 1138 2349 opposito
1176 2290 1361 2332 sensu
1398 2273 1612 2331 falsum
1649 2290 1726 2332 cx
1753 2272 1928 2346 malo,
1967 2290 2035 2329 n:
2078 2274 2295 2332 4922.
2336 2275 2557 2332 9468:

458 2389 531 2431 ac
555 2374 803 2431 rubrum
843 2380 904 2433 et
939 2391 1212 2450 purpura
1256 2373 1510 2442 bonum,
1561 2381 1623 2432 et
1676 2375 1739 2432 in
1790 2373 2069 2448 opposito
2112 2388 2298 2432 sensu
2341 2373 2561 2432 malum

434 2475 646 2532 ‚omnis
687 2476 944 2550 genefiS,
979 2491 1046 2536 ιι.
1092 2475 1305 2532 3300.
1350 2475 1561 2533 9467.
1600 2476 1810 2533 9865.
1880 2503 1885 2507 -

612 2575 720 2633 68.
782 2575 859 2632 Et
903 2573 1061 2633 oculi
1100 2573 1304 2650 Ipsius
1341 2576 1499 2632 sicut
1543 2575 1790 2633 flamma
1820 2574 2004 2651 igni3‚
2062 2518 2226 2648 quod
2265 2572 2559 2648 significet

453 2674 733 2732 Divinam
778 2674 1222 2750 Providentiam
1273 2690 1349 2732 ex
1385 2674 1603 2732 Divino
1643 2674 1865 2734 Amore
1907 2674 2146 2748 Ipsius,
2210 2679 2453 2737 constat
2489 2690 2560 2733 ex

457 2774 884 2850 significatione
923 2773 1272 2849 Oculorum,
1313 2774 1473 2849 qnod
1508 2774 2039 2844 sintintenectus,
2086 2771 2161 2831 de
2181 2792 2319 2851 qua
2353 2790 2556 2851 supra,

455 2889 530 2931 nt
581 2874 691 2947 37,
757 2881 816 2932 et
858 2891 993 2932 cum
1038 2875 1112 2933 de
1159 2875 1449 2943 Domino,
1502 2874 1660 2950 quod
1711 2877 1831 2932 sint
1877 2876 2251 2950 praesentia,
2308 2877 2373 2932 et
2424 2875 2560 2933 inde

454 2972 874 3047 Providentia,
916 2992 988 3032 n:
1033 2976 1245 3033 3869.
1283 2975 1543 3043 10569,
1572 2973 1647 3033 de
1672 2989 1795 3050 qua
1827 2977 2126 3051 sequitur3
2166 2982 2227 3033 et
2261 2993 2330 3034 ex
2364 2957 2556 3051 signi-

454 3072 729 3132 ficatione
763 3075 1039 3131 flammae
1072 3075 1257 3149 igniS,
1323 3074 1512 3149 quod,
1563 3092 1698 3133 cum
1736 3071 1809 3133 de
1843 3072 2101 3132 Domino
2112 3070 2129 3147 ,’
2182 3077 2262 3133 sit
2296 3075 2555 3135 Divinus

453 3173 665 3231 Amor:
723 3190 910 3232 causa
945 3173 1103 3248 quod
1135 3173 1375 3229 flamma
1408 3176 1562 3250 ignis
1590 3178 1677 3232 'sit
1710 3174 1964 3232 Divinus
2012 3173 2229 3248 Amor,
2259 3181 2384 3237 ,est
2421 3178 2560 3252 quio

453 3272 743 3332 Dominus
781 3291 814 3331 e
853 3271 1036 3330 Coelo
1073 3279 1329 3347 apparet
1365 3281 1433 3330 ut
1472 3273 1603 3349 Sol,
1653 3283 1714 3333 et
1751 3273 2049 3346 omnum,
2090 3274 2251 3350 quod
2284 3276 2562 3350 procedit

453 3372 529 3430 ab
572 3375 747 3450 Ipso,
814 3378 880 3429 ut
938 3370 1099 3444 Lux,
1165 3372 1441 3431 flammea
1482 3376 1545 3432 in
1584 3375 1789 3432 intimo
1838 3391 1947 3432 seu
1991 3377 2170 3433 tertio
2218 3373 2437 3445 Coelo,
2497 3379 2555 3433 et

452 3473 709 3533 candida
746 3473 804 3530 in
844 3469 1042 3529 medio
1078 3487 1187 3529 seu
1224 3473 1488 3532 secundo
1528 3473 1737 3547 Coe103
1790 3475 1923 3550 ipse
1949 3473 2205 3533 Divinus
2232 3475 2420 3533 Amor
2462 3480 2553 3534 est

453 3576 556 3650 qui
605 3577 692 3632 ita
737 3576 1024 3646 apparet:
1073 3571 1210 3629 inde
1259 3579 1381 3646 est,
1454 3574 1613 3650 quod
1647 3573 1810 3650 Ignis
1851 3581 1913 3633 et
1943 3571 2219 3632 Flamma
2249 3576 2313 3633 in
2350 3573 2550 3655 Verbo

451 3673 788 3750 significent
814 3686 1094 3740 amorem,
1123 3679 1190 3729 ut
1217 3678 1494 3733 constare
1520 3680 1723 3749 potest
1750 3691 1826 3730 ex
1860 3673 1977 3731 illis
2006 3690 2163 3748 quae
2191 3677 2253 3732 in
2270 3674 2552 3734 Ancum

452 3772 876 3832 conminus
905 3776 1148 3829 ostensa
1183 3780 1354 3848 suut3
1392 3790 1628 3849 nempe,
1661 3772 1822 3849 quod
1847 3772 2010 3848 Ignis
2038 3776 2100 3832 in
2128 3772 2329 3834 Verbo
2366 3775 2549 3851 signi-

447 3871 590 3928 ficet
623 3885 883 3928 amorem
909 3873 970 3927 in
998 3878 1252 3948 utroque
1282 3889 1484 3947 sensu,
1524 3891 1591 3931 n:
1638 3875 1799 3932 934.
1841 3874 2057 3940 4906.
2105 3874 2330 3933 5215.·
2382 3871 2551 3950 Quod

448 3969 614 4044 Ignis
651 3984 824 4027 sacer
859 3975 919 4028 et
965 3971 1248 4031 coelestis
1299 3974 1378 4029 sit
1413 3972 1669 4033 Divinus
1718 3974 1933 4041 Amor,
1981 3981 2042 4032 et
2080 3975 2269 4032 omnis
2320 3973 2549 4032 affectio

441 4085 605 4145 ⁹quate
641 4069 799 4128 illius
834 4070 1107 4143 Amoris,
1143 4090 1201 4130 n:
1255 4073 1417 4131 934.
1458 4075 1667 4131 6314.
1714 4074 1926 4131 6832.
2004 4073 2180 4148 Quod
2213 4073 2392 4132 binae
2432 4075 2547 4131 ori-

448 4170 616 4244 gines
657 4171 871 4229 caloris
908 4173 1044 4243 sint,
1084 4189 1206 4228 una
1242 4190 1312 4229 ex
1343 4171 1471 4229 sole
1501 4172 1729 4243 mundi,
1770 4189 1844 4231 ex
1883 4190 2000 4248 quo
2029 4175 2237 4231 omnia*
2262 4178 2549 4250 vegetant
