2700 4792
391 313 504 368 40ss
795 297 1288 356 APOCALYPSIS
1329 297 1769 358 EXPLICATA.
1850 297 1899 366 §-
1941 305 2075 364 283,

394 467 456 522 et
489 455 606 522 Ala
638 459 920 520 Divinum
957 458 1286 536 spirltuale
1305 503 1324 532 ,
1374 458 1535 536 quod
1570 464 1665 518 est
1697 457 1985 518 Divinum
2016 453 2251 518 Verum
2286 475 2361 520 ex
2400 475 2536 538 quo

391 563 512 622 illa.
579 559 762 638 Apud
793 560 1040 637 Esajam
1091 557 1611 638 „Ea-spectantes
1635 554 1946 618 Jehovam
1982 557 2370 620 innovantur
2406 579 2529 622 ro-

393 663 552 734 bore,
585 657 934 722 ascendunt
967 655 1081 720 ala
1119 658 1290 720 sieut
1314 654 1640 738 Aquilae“
1684 657 1829 717 XL:
1874 659 1998 734 313
2054 659 2377 720 ascendere
2414 660 2527 719 ala

391 764 548 822 sicut
583 758 818 837 aquilae
855 766 950 820 est
983 762 1044 818 in
1076 759 1274 820 lucem
1303 757 1488 828 Coeli,
1526 775 1680 834 quae
1717 764 1812 818 est
1834 757 2123 817 Divinum
2148 757 2369 818 Verum
2392 774 2517 820 seu

389 861 676 922 Divinum
703 859 1016 937 spirituale
1045 877 1122 920 ex
1152 876 1268 937 quo
1291 857 1707 936 intelligentia.
1758 858 1943 935 Apud
1967 858 2343 918 Ezechielem
2378 856 2517 934 „In

345 1037 352 1044 ⁶
391 964 598 1022 monte
621 957 1000 1022 altitudinis
1017 956 1322 1040 plantabo
1347 977 1505 1034 eum,
1545 961 1619 1020 ut
1644 954 1905 1019 attollat
1940 977 2196 1020 ramum
2220 963 2281 1020 et
2293 957 2521 1040 saciat

193 1079 354 1142 [32⁷]
383 1063 704 1145 fructum,
769 1065 828 1121 et
875 1059 1108 1122 evadat
1157 1059 1228 1122 in
1277 1057 1552 1122 Oedi-um
1606 1057 2021 1139 maynifieam
2034 1103 2055 1128 ‚
2116 1063 2192 1121 ut
2236 1057 2528 1122 habitent

396 1164 512 1226 sub
561 1159 686 1224 illa
741 1160 947 1224 omnis
999 1160 1144 1222 avis
1195 1158 1615 1242 cujuscunque
1678 1155 1823 1220 alae
1842 1161 1882 1192 “
1958 1158 2181 1220 XVII:
2228 1161 2355 1238 233
2408 1177 2528 1238 per

398 1264 657 1325 Cedrum
739 1261 1112 1340 magnificam
1183 1261 1549 1338 significatur
1614 1259 1943 1337 spiritualis
2014 1260 2327 1336 Ecclesia3
2406 1277 2531 1338 per

397 1381 634 1424 omnem
665 1379 840 1421 avem
867 1361 1278 1439 cujuscunque
1307 1361 1443 1420 alae
1469 1359 1876 1438 significantur
1900 1359 2334 1420 intellectualia
2360 1377 2529 1438 quae

399 1483 478 1526 cx
504 1462 916 1542 spiritualibus
943 1463 1122 1524 veris,
1173 1461 1266 1520 Ex
1289 1461 1385 1520 his
1414 1479 1569 1523 nunc
1596 1465 1871 1523 constare
1884 1465 2117 1536 potest,
2156 1460 2301 1536 quid
2324 1463 2527 1538 signi-

397 1565 615 1626 ficatur
668 1580 779 1639 per
823 1561 954 1622 alas
991 1560 1406 1621 Cheruborum
1468 1567 1590 1622 tam
1646 1561 1744 1620 hic
1780 1577 1958 1637 quam
2002 1559 2145 1620 alibi
2190 1561 2253 1623 in
2287 1560 2525 1638 Verbo,

399 1665 562 1739 quod
621 1679 836 1738 nempe
880 1660 1164 1722 Divinum
1215 1661 1561 1738 spirituale,
1618 1660 1777 1738 quod
1826 1665 1920 1720 est
1966 1660 2251 1720 Divinum
2286 1659 2529 1723 Verum

395 1767 730 1836 insti-uem,
770 1777 1152 1837 regenerans,
1193 1767 1254 1820 et
1283 1765 1513 1838 tutans;
1566 1767 1635 1820 ut
1668 1777 1903 1838 quoque
1940 1761 2103 1838 apud
2135 1760 2529 1824 Ezechielem

397 1907 438 1939 „
453 1862 750 1940 Quatuor
773 1858 989 1940 facies
1023 1865 1206 1920 erant
1245 1861 1584 1941 unicuique
1619 1859 1923 1933 Cherubo,
1966 1866 2026 1922 et
2062 1865 2339 1940 quatum·
2372 1858 2530 1924 alae

395 1962 732 2042 unicuique
739 1981 768 2033 ;
821 1956 966 2020 alae
1021 1978 1238 2022 eorum
1271 1966 1509 2022 erectae
1552 1962 1750 2023 unius
1802 1959 1895 2022 ad
1928 1958 2204 2023 alterum
2214 1981 2242 2033 ;
2296 1962 2528 2042 cuique

397 2061 543 2124 alae
591 2067 862 2142 teyentes
919 2079 1182 2140 corpora
1227 2079 1443 2122 eorum
1457 2083 1477 2122 .-
1532 2061 1762 2124 audivi
1796 2079 2021 2124 sonum
2073 2058 2329 2124 alarum
2364 2069 2525 2124 tan-

393 2181 586 2244 quam
623 2180 849 2224 sonum
885 2179 1198 2240 aquarum
1233 2179 1649 2241 maynarum,
1702 2163 1871 2224 sicut
1900 2179 2111 2224 vocem
2144 2160 2484 2224 Schaddai
2496 2185 2535 2237 ,-

395 2283 540 2324 cum
595 2262 773 2324 ibant
787 2305 802 2336 ,
867 2278 1074 2321 vocem
1125 2258 1444 2323 tumultu-s·
1494 2268 1801 2342 tanquam
1854 2281 2061 2324 vocem
2112 2265 2475 2326 castrorum
2489 2285 2526 2337 ,-

395 2383 540 2426 cum
573 2363 844 2438 stabant,
895 2359 1291 2424 remittebant
1329 2359 1479 2423 ala-s·
1518 2381 1679 2425 suae
1698 2385 1719 2424 :
1764 2361 1994 2424 audivi
2026 2381 2233 2424 vocem
2258 2358 2528 2424 alarum

397 2462 687 2539 illm-um,
743 2458 1170 2525 osculantium
1205 2479 1275 2522 se
1299 2462 1495 2525 unius
1536 2463 1627 2524 ad
1660 2461 1953 2536 alterum,
1988 2467 2048 2522 et
2089 2481 2297 2524 vocem
2332 2467 2524 2524 rota-

367 2584 543 2628 -rum
572 2565 780 2648 juata
815 2560 967 2623 illoc
983 2584 1004 2624 .·
1075 2579 1199 2622 voce
1255 2558 1515 2625 alan
1549 2562 1970 2626 enervatorum
2006 2561 2241 2624 audita
2278 2567 2381 2638 est,
2422 2563 2527 2626 ad

397 2665 664 2727 Atrium
715 2663 1030 2734 exterius,
1095 2661 1264 2724 eicut
1317 2681 1443 2724 vox
1508 2663 1651 2726 Dei
1698 2661 2029 2726 Schaddai
2052 2684 2073 2724 :
2138 2660 2525 2724 similitudo

397 2783 707 2826 manuum
743 2769 884 2826 erat
921 2763 1036 2826 sub
1073 2759 1204 2824 alis·
1237 2758 1550 2826 illorum“
1594 2764 1651 2824 I:
1684 2768 1747 2823 4.
1782 2767 1843 2824 6.
1878 2765 1989 2823 23.
2030 2762 2142 2822 25.
2174 2763 2288 2821 26.
2346 2760 2523 2839 Cap:

397 2865 510 2924 111:
559 2867 665 2925 13.
719 2865 878 2942 Cap:
915 2863 998 2925 X:
1047 2867 1104 2924 5.
1152 2867 1274 2938 215
1330 2865 1490 2940 quod
1524 2865 1677 2924 Alae
1730 2864 1826 2924 hic
1860 2863 2194 2940 significent
2223 2861 2525 2924 Divinum

399 2963 756 3040 spirituale,
797 2964 961 3040 quod
1003 2973 1097 3024 est
1130 2963 1419 3023 Divinum
1444 2963 1671 3024 Verum
1695 2964 1939 3024 Domini
1972 2965 2033 3022 in
2064 2963 2275 3040 Regno
2309 2963 2521 3040 Ipsius

401 3060 684 3133 Coelesti,
711 3069 948 3122 constat
973 3081 1047 3122 ex
1075 3063 1324 3138 singulis
1351 3063 1769 3142 descriptionis
1796 3065 1907 3141 ibi;
1946 3063 2108 3141 quod
2132 3063 2285 3123 Alae
2308 3069 2521 3124 essent

395 3165 670 3238 quatuor,
708 3162 1003 3238 significat
1025 3163 1312 3222 Divinum
1341 3162 1668 3240 spirituale
1700 3166 1765 3224 in
1790 3181 1862 3225 eo
1888 3164 2098 3242 Regno
2112 3185 2127 3240 3
2166 3162 2329 3248 quod
2353 3162 2515 3223 Alae

397 3266 602 3320 essent
635 3266 876 3320 erectae
909 3263 1084 3322 unius
1114 3260 1194 3319 ad
1217 3262 1507 3339 alterum,
1548 3271 1609 3324 et
1646 3265 1809 3342 quod
1844 3271 2037 3324 semet
2072 3264 2510 3337 oscularentur,

396 3359 692 3438 significat
725 3364 1228 3422 consociationem
1277 3369 1338 3422 et
1374 3365 1852 3441 conjunctionem
1888 3367 2153 3424 omnium
2184 3362 2269 3421 ibi
2302 3381 2341 3421 a
2372 3362 2509 3422 Do-

395 3464 586 3539 min03
642 3462 801 3540 quod
835 3462 968 3523 alae
1001 3468 1278 3541 tegerent
1311 3480 1565 3540 corpora
1600 3481 1839 3540 corum,
1894 3464 2191 3542 signifieat
2222 3463 2510 3523 Divinum

393 3563 720 3641 Spiritualc
747 3559 1121 3624 circumdans
1154 3560 1441 3623 Divinum
1479 3563 1756 3624 Coeleste
1792 3564 1875 3624 ibi
1886 3585 1904 3642 ;
1956 3563 2119 3642 quod
2152 3578 2330 3622 sonus
2366 3560 2503 3619 ala-
2620 3593 2635 3602 -

395 3681 526 3722 rum
557 3663 797 3723 auditus
834 3667 914 3724 sit
939 3666 1096 3724 sicut
1121 3679 1306 3724 sonus
1341 3681 1636 3740 aquarum
1662 3681 2035 3742 magnarum,
2072 3671 2133 3724 et
2158 3661 2317 3739 qued
2348 3662 2513 3720 sicut

395 3769 692 3840 rotarum,
747 3770 808 3824 et
843 3765 999 3826 sicut
1033 3782 1148 3825 vox
1179 3762 1481 3824 Schaddai
1498 3807 1515 3840 ,
1570 3771 1633 3825 et
1666 3765 1827 3842 quod
1864 3781 1984 3824 vox
2038 3763 2269 3824 alarum
2302 3759 2513 3820 audita

395 3867 475 3924 sit
509 3863 588 3923 ad
622 3866 839 3924 atrium
887 3867 1178 3938 exterius,
1229 3863 1526 3940 significat
1560 3864 1738 3942 quale
1772 3863 1979 3925 Divini
2013 3861 2360 3941 Spiritualis
2394 3877 2512 3920 seu

393 3963 598 4020 Divini
631 3963 782 4022 Veri
829 3965 890 4022 in
939 3964 1146 4024 ultimo
1183 3961 1395 4038 Coelo,
1446 3981 1566 4024 vox
1613 3966 1773 4024 enim
1804 3964 2191 4041 praedicatur
2230 3961 2307 4022 de
2340 3977 2508 4034 vero,

397 4072 589 4127 aquae
641 4061 976 4132 significant
1026 4081 1172 4122 vera
1225 4069 1286 4122 et
1345 4081 1552 4122 eorum
1594 4066 2047 4142 perceptionem
2058 4084 2075 4140 3
2140 4069 2314 4122 rotae
2364 4075 2514 4120 vera

395 4148 806 4213 doctrinalium
843 4175 915 4218 ex
951 4177 1022 4220 eo
1059 4163 1217 4237 quod
1251 4179 1461 4222 currus
1496 4163 1791 4240 significet
1826 4163 2185 4240 doctrinam5
2242 4169 2305 4223 ct
2336 4162 2513 4220 Deus
