2700 4792
228 881 317 947 [8]

2145 217 2179 252 ο

382 313 416 366 8
841 305 1336 361 APOCALYPSIS
1378 304 1807 360 EXPLICATA.
1868 304 1916 372 §.
1958 313 2013 366 9.

389 468 600 528 3488.
676 465 887 526 3858.
957 465 1170 522 6397.
1255 463 1434 538 Quod
1466 463 1717 534 PetruS,
1775 463 2049 522 «Iacobus
2086 467 2145 522 et
2178 463 2537 525 Johannes

383 566 978 643 repraesentaverint
1013 570 1074 622 et
1115 562 1256 622 inde
1291 563 1762 640 significaverint
1804 563 2043 639 Fidem,
2102 561 2531 640 Chai-itatem,

387 673 452 728 et
494 666 732 726 Bonum
784 665 1090 724 charitatis
1137 667 1200 722 in
1244 680 1359 724 suo
1408 664 1645 739 ordine,
1708 664 1987 722 Praefat:
2037 663 2117 722 ad
2162 661 2396 725 XVIII
2456 671 2535 727 et

387 765 578 828 XXII
617 766 849 826 Genes:
890 770 1030 823 etn:
1076 765 1285 824 3934.
1331 766 1545 824 8581.
1594 766 1855 824 10087.

557 869 618 925 9.
677 866 928 942 Quando
955 867 1087 940 quis
1115 865 1246 938 scit,
1287 864 1449 941 quod
1476 866 1673 923 omnia
1704 863 1959 924 Nomina
1985 867 2047 924 in
2068 864 2272 924 Verbo
2304 868 2531 942 signi-

383 967 564 1027 ficent
602 983 701 1026 res
719 1011 738 1040 ,
793 972 854 1026 et
899 964 1059 1041 quod
1105 965 1363 1023 Nomina
1415 964 1729 1024 duodecim
1780 964 2035 1023 filiorum
2088 964 2334 1040 Jacobi‚
2402 973 2527 1024 aut

386 1067 701 1128 duodecim
739 1066 1030 1125 Tribuum
1049 1109 1066 1139 ,
1123 1064 1460 1140 significent
1496 1067 1693 1124 omnia
1727 1082 1873 1124 vera
1903 1071 1963 1124 et
1987 1065 2147 1124 bona
2180 1065 2521 1126 Ecclesiae

385 1172 447 1227 in
474 1166 819 1244 complexu,
861 1172 922 1225 et
956 1165 1233 1224 similiter
1259 1167 1499 1224 nomina
1524 1165 1837 1224 duodecim
1870 1163 2325 1240 Discipulorum
2360 1165 2513 1224 Do-

381 1270 541 1343 mini,
582 1274 641 1327 et
673 1267 836 1343 quod
860 1266 1097 1339 PetruS,
1138 1263 1409 1324 «Iacobus
1448 1273 1509 1324 et
1543 1265 1854 1324 Johannes
1892 1265 2227 1342 significent
2259 1266 2511 1341 Fidem,

385 1367 780 1442 charitatem,
839 1371 900 1425 et
933 1365 1168 1424 Bonum
1205 1365 1541 1437 charitatis,
1602 1368 1655 1424 is
1691 1366 1897 1424 videre
1932 1372 2136 1442 potest
2168 1365 2352 1441 plura
2391 1383 2507 1424 ar-

381 1487 534 1530 cana
574 1471 638 1528 in
682 1465 888 1526 Verbo
905 1485 920 1540 3
1004 1465 1529 1542 quemadmodum,
1588 1485 1696 1525 cur
1754 1464 2132 1541 „Dmninus
2180 1465 2511 1545 imposuit

383 1567 638 1630 Simoni
705 1583 926 1638 nomen
981 1564 1221 1625 Petrus
1239 1610 1256 1640 ,
1342 1585 1418 1626 ac
1476 1565 1708 1626 Jacobo
1769 1571 1828 1626 et
1892 1564 2178 1627 Johanm·
2234 1567 2513 1627 nomina

383 1669 774 1747 Boaneryesf,
803 1685 960 1744 quae
987 1665 1360 1746 siqnificant
1372 1663 1557 1747 filios·
1584 1666 1900 1726 tonitrui“
1940 1667 2125 1725 Marc:
2162 1666 2273 1726 III:
2310 1667 2378 1743 [1
2402 1668 2503 1744 6.]

394 1773 424 1828 1
445 1773 476 1827 7
501 1788 518 1844 3
555 1768 772 1827 Petrus
801 1770 956 1827 enim
981 1770 1136 1826 sicut
1160 1767 1342 1826 Petra
1372 1768 1665 1844 significat
1690 1767 2009 1826 Dominum
2040 1768 2237 1845 quoad
2273 1773 2495 1828 veru‘m

388 1887 464 1928 ex
499 1868 655 1928 bono
676 1913 693 1938 ‚
758 1885 868 1927 seu
914 1868 1092 1928 fidem
1140 1861 1228 1926 ex'
1251 1868 1539 1928 charitate
1551 1890 1566 1944 3
1624 1875 1685 1926 et
1722 1868 1827 1926 filii
1876 1870 2118 1926 tonitrui
2154 1867 2501 1943 significant

385 1969 522 2028 illos
563 1971 665 2045 qui
703 1987 777 2027 ex
813 1968 1125 2028 affectione
1155 1986 1310 2044 quae
1341 1972 1558 2028 amoris
1593 1971 1890 2044 recipiunt
1926 1986 2073 2026 vera
2100 1968 2282 2028 coeli:
2334 1969 2499 2044 quod

390 2070 574 2130 Petra
609 2069 905 2149 significet
928 2069 1250 2128 Dominum
1279 2070 1481 2146 quoad
1514 2087 1725 2128 verum
1764 2087 1839 2128 ex
1871 2070 2027 2128 bono
2065 2086 2175 2128 seu
2210 2068 2390 2128 fidem
2418 2085 2497 2127 ex

393 2169 699 2242 charitate,
738 2170 1013 2228 videatur
1037 2187 1092 2226 n:
1131 2171 1342 2230 8581.
1391 2171 1663 2244 105803
1702 2171 1973 2230 similiter
1999 2170 2184 2246 Lapis
2222 2169 2489 2239 Israeli-⁶3,

389 2289 450 2328 n:
495 2272 680 2349 6426
699 2291 716 2346 3
773 2277 832 2329 et
869 2270 1029 2346 quod
1058 2270 1350 2328 Tonitrua
1385 2270 1717 2346 significent
1742 2271 1963 2329 Divina
1996 2288 2143 2329 vera
2180 2287 2253 2328 ex
2283 2268 2489 2340 Coelo,

387 2372 448 2428 n:
493 2371 704 2430 7573.
751 2373 972 2445 89145
1030 2387 1100 2430 ac
1147 2370 1387 2447 fulgura
1420 2371 1771 2446 splendores
1821 2371 2089 2446 illorum,
2138 2389 2214 2428 n:
2260 2371 2488 2443 88133

387 2471 528 2532 inde
579 2473 759 2531 etiam
798 2472 1089 2530 Tonitrua
1138 2471 1297 2530 dicta
1342 2471 1585 2530 fuerunt
1619 2488 1829 2546 voceS,
1898 2490 1970 2532 n:
2018 2473 2227 2531 7573.
2278 2473 2484 2530 8914.

387 2572 612 2656 Aliqua
663 2573 934 2642 Arcana,
1000 2590 1156 2648 quae
1217 2573 1425 2632 videre
1476 2579 1732 2648 possunt
1784 2573 1873 2631 illi
1919 2575 2020 2649 qui
2070 2575 2267 2632 sciunt
2331 2571 2487 2648 quod

387 2672 934 2750 Petrussi'gnificet
965 2673 1178 2748 fidem,
1233 2681 1293 2732 et
1328 2672 1639 2732 Johannes
1676 2673 1897 2731 bonum
1934 2673 2237 2731 charitatis
2256 2715 2272 2746 ,
2311 2672 2485 2730 velim

343 2791 751 2846 *memoraret
806 2773 1096 2849 Primum,
1155 2792 1260 2832 cur
1307 2774 1603 2831 Dominus
1652 2772 1729 2830 ad
1775 2773 2019 2831 Petrum
2072 2774 2217 2831 dixit
2294 2770 2484 2850 „Eyo

387 2872 508 2932 tibi
541 2871 712 2942 dico,
762 2872 916 2949 quia
951 2877 1023 2933 tu
1057 2893 1122 2933 es
1147 2872 1414 2947 Petrae,
1460 2877 1521 2931 et
1560 2891 1749 2951 super
1775 2872 1893 2932 hac
1917 2871 2120 2934 Petra
2146 2871 2483 2954 aedificabo

389 2991 596 3034 meam
629 2969 992 3032 Ecclesiam
1004 2993 1032 3043 ;
1095 2979 1156 3033 et
1203 2972 1363 3033 dabo
1421 2973 1539 3032 tibi
1584 2970 1791 3032 claves
1841 2973 2061 3054 Reyni
2129 2971 2473 3034 coelorum

389 3072 604 3132 Matth:
645 3070 816 3129 XVI:
855 3075 962 3130 18.
1003 3077 1118 3148 19;
1157 3081 1411 3150 apparet
1448 3092 1523 3133 ex
1562 3075 1765 3150 litera,
1822 3077 1979 3134 sicut
2016 3076 2195 3133 Petro
2238 3075 2373 3132 data
2404 3075 2479 3131 sit

390 3172 498 3231 illa
533 3175 834 3248 potentia,
903 3189 1039 3232 cum.
1089 3181 1285 3233 tamen
1333 3174 1499 3232 nulla
1535 3176 1677 3233 data
1728 3183 1821 3234 est
1860 3177 2071 3250 Petr03
2126 3176 2235 3234 sed
2270 3175 2479 3234 dictum

389 3273 467 3331 ad
501 3272 696 3348 illum,
765 3275 908 3350 quia
953 3274 1170 3334 Petrus
1221 3275 1595 3352 significabat
1645 3293 1854 3334 verum
1908 3294 1982 3334 ex
2036 3276 2193 3335 bono
2244 3274 2396 3350 quod
2440 3291 2474 3330 a

388 3374 644 3432 Domino
657 3419 674 3448 ,
741 3379 802 3432 et
841 3391 985 3434 vero
1040 3393 1112 3434 ex
1149 3376 1303 3435 bono
1342 3375 1505 3453 quod
1540 3393 1577 3432 a
1610 3376 1865 3433 Domino
1912 3382 2004 3434 est
2040 3379 2229 3435 omnis
2265 3381 2465 3450 poten-

389 3477 501 3544 tia,
535 3477 622 3532 ita
654 3473 912 3534 Domino
953 3491 1023 3535 ex
1058 3477 1214 3535 bono
1251 3495 1363 3554 per
1398 3461 1638 3550 verum,
1680 3475 1838 3550 quod
1872 3478 1957 3534 ita
1990 3479 2084 3551 sit,
2124 3476 2470 3534 illustratum

385 3574 596 3634 videas
633 3578 694 3633 in
723 3575 1032 3654 Opusculo
1071 3577 1144 3635 de
1180 3577 1424 3636 UL'rnuo
1454 3576 1731 3652 Juolclo,
1769 3593 1837 3634 n:
1878 3578 1985 3636 57.
2053 3577 2327 3636 Alterum
2358 3575 2467 3634 Ar·-

388 3693 633 3746 canum,
671 3678 830 3752 quod
867 3677 1056 3736 videri
1089 3684 1318 3752 potest,
1358 3695 1491 3735 cum
1518 3677 1707 3734 scitur
1742 3677 1903 3751 quod
1937 3677 2153 3736 Petrus
2198 3675 2471 3752 significet

387 3775 626 3848 Fidem,
682 3784 809 3846 est,
871 3795 978 3836 cur
1012 3777 1306 3836 Dominus
1345 3775 1491 3834 dixit
1530 3776 1607 3834 ad
1642 3775 1811 3833 illum
1824 3821 1840 3851 ,
1910 3778 2069 3853 quod
2106 3781 2467 3854 „antequam

388 3871 608 3953 yallus
645 3876 968 3952 cecinerit,
1007 3882 1100 3938 ter
1133 3876 1362 3956 Ipsum
1387 3877 1817 3955 abneyaturus·
1853 3883 2053 3948 essem
2100 3876 2267 3954 quod
2295 3875 2469 3935 etiam

373 3974 633 4054 factum
675 3978 812 4034 e3t“
875 3977 1086 4036 Matth:
1127 3977 1362 4037 XXVI:
1408 3979 1519 4047 34,
1561 3993 1691 4052 seq:
1728 3995 1839 4053 per
1875 3977 1981 4036 illa
2024 3977 2465 4054 significabatur,

389 4073 550 4150 quod
581 4074 786 4134 ultimo
823 4083 1091 4154 tempore
1129 4073 1441 4138 Ecclesiae
1478 4078 1645 4136 nulla
1687 4085 1851 4138 esset
1884 4077 2035 4138 fides
2075 4081 2131 4136 in
2168 4079 2467 4136 Dominum

390 4175 530 4252 quia
590 4175 756 4236 nulla
805 4177 1100 4258 charitas,
1155 4179 1519 4256 gallicinium
1570 4181 1723 4239 enirn
1786 4197 1978 4257 aeque
2041 4197 2109 4238 ac
2166 4177 2465 4238 diluculum
2576 4165 2579 4168 “
