2700 4792
37 7 57 426 l
307 363 547 420 CAPUT
585 361 926 420 Tannum.
1650 362 1862 423 vans:
1905 373 1999 426 ρο.
2154 374 2265 427 415

38 545 40 548 ’
155 529 368 586 deatur
405 541 594 601 supra
640 542 718 582 n:
762 525 940 598 2083
993 521 1090 582 hic
1140 527 1342 582 autem
1396 538 1510 600 per
1542 526 1777 599 aperire
1827 527 2041 583 ostium
2076 526 2265 602 signi-

153 628 362 687 ficatur
395 626 662 700 receptio
709 622 888 683 corde
933 639 1043 682 seu
1076 625 1231 692 vita,
1280 639 1419 682 nam
1458 625 1729 701 sequitur
1748 667 1764 698 ,
1822 630 1884 683 et
1918 625 2153 684 intrabo
2192 626 2269 685 ad

153 728 349 788 illum:
407 713 620 783 dicitur
653 726 705 782 si
742 725 1046 800 aperuerit
1082 725 1326 796 ostium,
1386 725 1543 782 sicut
1575 723 1753 784 homo
1790 725 2079 802 aperiret,
2132 743 2269 786 cum

154 837 352 886 tamen
387 824 528 900 Ipse
562 825 858 884 Dominus
897 830 989 881 est
1023 825 1124 898 qui
1159 825 1382 899 aperit,
1438 824 1766 883 secundum
1799 825 1905 883 illa
1940 843 2094 900 quae
2130 844 2269 886 mox

36 909 38 956 '
154 944 338 1003 supra
375 943 444 982 n:
487 926 626 983 248
669 923 828 982 dicta
861 931 922 982 et
957 930 1200 982 ostensa
1235 929 1403 998 sunt,
1442 923 1551 982 sed
1586 926 1670 983 ita
1703 924 1933 999 dicitur,
1986 927 2266 1000 quoniam
2308 929 2467 992 [274]

36 1023 38 1074 Ι
155 1029 233 1086 ita
269 1030 528 1102 apparet
557 1024 782 1082 homini
815 1039 892 1082 ex
925 1022 1114 1081 libero
1168 1024 1224 1081 ei
1259 1023 1399 1082 dato
1444 1040 1482 1081 a
1515 1024 1801 1100 Domin03
1858 1030 1920 1082 et
1950 1030 2271 1100 praeterea

153 1131 210 1187 in
274 1141 460 1184 sensu
520 1124 732 1182 literae
784 1122 972 1182 Verbi
1023 1123 1210 1199 plura
1269 1124 1601 1183 secundum
1663 1125 2047 1202 apparentiae
2109 1124 2271 1186 dicta

154 1234 320 1300 sunt,
385 1223 496 1284 sed
553 1224 942 1300 apparentiae
1007 1222 1148 1282 illae
1197 1231 1498 1281 exuuntur
1553 1226 1613 1282 in
1650 1223 1859 1298 Coelo,
1916 1223 2017 1282 ubi
2052 1240 2269 1284 sensus

153 1329 423 1387 internus
475 1340 586 1383 seu
631 1322 958 1400 spiritualis
1001 1321 1192 1382 Verbi
1239 1329 1365 1382 est:
1440 1340 1655 1383 sensus
1707 1323 1919 1384 literae
1969 1324 2157 1383 Verbi
2205 1327 2269 1385 in

34 1485 36 1492 ,
153 1427 352 1486 multis
407 1425 558 1484 locis
593 1424 923 1482 secundum
971 1424 1359 1500 apparentiae
1399 1431 1520 1498 est,
1576 1441 1649 1484 ex
1697 1439 1885 1484 causa
1940 1430 2010 1483 ut
2041 1427 2269 1485 serviat

154 1528 358 1586 sensui
414 1523 710 1601 spirituali
757 1541 868 1600 pro
916 1523 1075 1597 basi,
1127 1523 1391 1599 alioquin
1438 1540 1554 1582 non
1617 1524 1772 1584 foret
1829 1526 1884 1583 ei
1928 1525 2091 1584 basis
2154 1543 2269 1585 seu

154 1626 634 1686 fundamentum:
695 1623 854 1700 quod
898 1623 1076 1700 plura
1133 1625 1196 1681 in
1231 1623 1436 1682 Verbo
1496 1624 1824 1684 secundum
1882 1627 2267 1703 apparentias

155 1727 310 1786 dicta
343 1729 496 1799 sint,
563 1731 838 1783 constare
887 1729 1090 1801 potest
1123 1722 1318 1782 solum
1354 1741 1429 1782 ex
1464 1740 1537 1784 eo
1555 1768 1572 1800 ,
1630 1724 1789 1801 quod
1821 1727 1884 1784 in
1917 1725 2120 1785 Verbo
2170 1725 2264 1784 di-

157 1834 319 1887 catur
368 1825 528 1902 quod
575 1822 799 1882 malum
845 1826 925 1882 sit
959 1841 996 1881 a
1029 1823 1198 1898 Deo,
1245 1823 1409 1900 quod
1443 1825 1973 1901 excandescentia,
2026 1827 2150 1900 ira,
2204 1831 2266 1886 et

154 1927 409 1986 vindicta
455 1925 590 1984 Deo
640 1926 744 1998 sit,
802 1929 863 1982 et
910 1923 1128 1982 similia
1175 1922 1323 1997 alia,
1392 1941 1530 1984 cum
1584 1930 1785 1986 tamen
1827 1926 1997 1986 Deus
2044 1927 2268 1985 nemini

156 2027 370 2086 malum
407 2027 618 2098 saciat,
673 2041 783 2082 nec
818 2024 946 2099 Ipsi
1001 2025 1077 2084 sit
1113 2023 1316 2100 aliqua
1374 2026 1465 2082 ira
1525 2031 1586 2084 et
1621 2026 1913 2099 vindicta,
1970 2034 2063 2086 est
2110 2029 2268 2085 enim

155 2128 348 2204 ipsum
382 2126 614 2184 Bonum
656 2131 715 2182 et
747 2125 880 2201 ipse
916 2124 1120 2197 Amor,
1171 2123 1281 2182 sed
1315 2126 1457 2200 quia
1503 2127 1587 2182 ita
1621 2131 1875 2202 apparet
1921 2142 2057 2185 cum
2089 2126 2267 2186 homo

155 2227 372 2286 malum
407 2227 552 2284 facit
588 2230 648 2283 ct
681 2225 956 2299 punitur,
1012 2223 1147 2282 ideo
1181 2225 1241 2282 in
1277 2241 1463 2284 sensu
1498 2224 1709 2284 literae
1754 2227 1841 2283 ita
1875 2224 2106 2293 dicitur,
2156 2225 2265 2285 sed

153 2345 344 2404 usque
377 2328 492 2386 hoc
529 2326 703 2384 alit-er
751 2325 808 2381 in
845 2341 1027 2384 sensu
1062 2322 1250 2382 Verbi
1299 2324 1597 2401 spirituali
1643 2324 2020 2402 intelligitur3
2070 2326 2265 2385 simile

157 2433 252 2486 est
287 2442 424 2484 cum
452 2426 584 2495 boc,
629 2424 692 2484 ai
728 2423 908 2484 homo
947 2422 1268 2503 aperuerit
1307 2423 1564 2485 ostium.
1634 2425 1824 2485 Porro
1862 2425 2095 2486 dicetur
2124 2425 2269 2503 quid

155 2523 515 2600 intelligitur
543 2543 648 2600 per
673 2527 908 2602 aperire
945 2526 1193 2598 ostium,
1235 2542 1371 2583 cum
1404 2525 1467 2583 id
1490 2525 1708 2585 dicitur
1742 2525 1871 2585 fieri
1897 2526 1974 2584 ab
2006 2525 2263 2597 homine,

155 2632 220 2685 ut
253 2624 390 2700 hic,
443 2641 680 2701 nempe,
729 2625 1024 2684 Dominus
1071 2639 1312 2702 semper
1360 2641 1651 2702 praesens
1700 2632 1793 2685 est
1838 2642 1974 2684 cum
2008 2624 2165 2682 bono
2204 2631 2265 2682 et

155 2743 294 2785 vero
337 2725 500 2802 apud
541 2725 866 2798 hominem,
921 2731 982 2784 et
1031 2732 1279 2784 conatur
1323 2727 1559 2802 aperire
1609 2726 1739 2802 ejus
1786 2730 2043 2783 mentem
2078 2725 2261 2801 spiri·-

156 2826 403 2896 malem,
455 2843 614 2902 quae
652 2832 745 2885 est
781 2827 999 2894 ostium
1047 2825 1208 2905 quod
1240 2826 1533 2885 Dominus
1570 2827 1801 2903 aperire
1838 2825 1997 2899 vult,
2050 2828 2112 2882 et
2146 2822 2259 2883 do-

157 2943 290 2988 nare
323 2927 494 2986 illum
533 2926 782 2985 coelesti
819 2943 1018 2986 amore
1057 2932 1118 2987 et
1154 2926 1300 3000 fide,
1342 2926 1483 2986 dicit
1520 2928 1704 3000 enim,
1756 2929 1855 2985 ato
1894 2922 1985 2984 ad
2025 2922 2264 2986 ostium

156 3032 210 3086 et
239 3023 478 3106 palem
535 3026 644 3085 sed
695 3026 792 3084 hic
829 3032 1078 3086 conatus
1137 3042 1249 3086 seu
1283 3026 1435 3085 haec
1482 3032 1781 3104 perpetua
1814 3025 2094 3086 voluntas
2128 3025 2263 3086 Do·-

157 3129 288 3185 mini
349 3145 468 3186 non
516 3127 926 3203 appercipitur
973 3127 1049 3186 ab
1094 3127 1362 3200 homine,
1423 3132 1598 3202 putat
1650 3129 1806 3186 enim
1864 3126 2041 3186 homo
2102 3125 2265 3203 quod

156 3225 366 3286 bonum
403 3227 586 3286 faciat
621 3243 659 3284 a
695 3243 791 3300 se,
847 3233 908 3286 et
954 3227 1112 3310 quod
1159 3226 1260 3286 ssle
1297 3234 1544 3285 conatus
1590 3243 1699 3286 seu
1735 3227 1840 3287 illa
1873 3227 2151 3287 voluntas
2188 3227 2267 3286 sit

157 3327 208 3384 in
249 3327 386 3400 lllo,
445 3329 596 3386 satis
645 3333 740 3385 est
785 3334 926 3386 tunc
978 3327 1138 3405 quod
1185 3332 1474 3404 agnoscat
1522 3345 1596 3384 ex
1650 3328 1918 3388 doctrina
1952 3327 2263 3388 Ecclesiae

160 3428 306 3502 quod
341 3444 518 3486 omne
552 3426 772 3486 bonum
823 3429 900 3486 sit
936 3428 1138 3486 a0Deo
1191 3433 1252 3486 et
1297 3427 1445 3486 nihil
1490 3425 1567 3486 ab
1614 3427 1850 3487 homine
1865 3446 1883 3502 3
1940 3426 2098 3503 quod
2144 3442 2264 3484 non

157 3528 602 3605 appercipiatur
639 3527 716 3585 ab
750 3528 1018 3602 homine,
1077 3535 1170 3587 est
1206 3529 1388 3586 etiam
1423 3543 1639 3602 causa,
1696 3533 1764 3586 ut
1798 3526 1873 3584 ab
1909 3525 2145 3584 homine
2185 3527 2265 3583 sit

156 3631 444 3704 receptio,
503 3634 564 3686 et
597 3644 710 3703 per
746 3631 1149 3704 receptionem
1189 3628 1627 3705 appropriatio,
1686 3627 1859 3685 aliter
1894 3626 2050 3685 enim
2082 3621 2261 3682 homo

157 3743 260 3786 non
295 3729 610 3787 reformari
644 3734 877 3805 potest:
933 3733 1103 3804 patet
1135 3730 1340 3805 itaque
1380 3733 1669 3803 quantum
1706 3731 1906 3785 errant
1940 3723 2027 3781 illi
2064 3725 2165 3800 qui
2202 3725 2265 3782 in

157 3825 416 3886 doctrina
449 3827 526 3887 de
561 3827 692 3887 sola
725 3828 843 3888 fide
878 3835 1043 3900 sunt,
1097 3829 1157 3887 in
1195 3845 1266 3887 eo
1302 3827 1463 3904 quod
1498 3826 1695 3885 dicant
1730 3832 1789 3883 et
1824 3822 2069 3882 credant
2104 3822 2266 3899 quod

154 3925 292 3987 fides
329 3928 524 3988 salvet
561 3936 622 3990 et
661 3947 781 3988 non
814 3928 1034 3988 bonum
1073 3929 1266 4002 vitae,
1321 3943 1434 3986 seu
1484 3925 1642 4002 quod
1676 3924 1851 3983 homo
1898 3921 2264 4001 justificetur

155 4042 254 4101 per
289 4028 478 4088 solam
517 4029 726 4104 fidem,
786 4028 1158 4089 excludendo
1211 4030 1298 4087 sic
1336 4025 1799 4103 applicationem
1848 4023 1925 4083 ad
1958 4025 2263 4102 recipien-

157 4125 314 4204 dum3
355 4131 551 4189 sciunt
581 4131 742 4207 quod
773 4131 952 4189 homo
991 4128 1328 4206 explorabit
1351 4129 1651 4203 seipsum,
1690 4124 1917 4185 videbit
1952 4131 2015 4185 et
2040 4143 2264 4204 agnos·-

157 4235 244 4285 cet
277 4245 388 4288 sua
421 4230 583 4289 mala
617 4249 736 4291 non
771 4230 946 4291 modo
971 4247 1250 4305 operum,
1287 4229 1397 4288 sed
1433 4228 1611 4286 etiam
1648 4225 1807 4285 mala
1842 4229 2267 4305 cogitationum
