2700 4792
309 385 594 444 CAPUT
635 383 1000 454 QUARTUM.
1733 385 1947 450 VERS:
1992 399 2045 452 6.
2204 401 2321 456 469

60 531 64 560 '
151 547 388 627 posuit
451 565 576 606 eoo
621 545 696 607 in
746 543 954 606 medio
1001 542 1266 606 Domus
1319 541 1682 626 interioris,
1750 552 1811 608 et
1854 547 2123 612 obduxit
2174 547 2327 614 illos

159 667 322 710 auro
339 670 364 709 .·
427 653 504 708 et
545 665 784 728 quoque
817 642 1090 726 sculpsit
1123 663 1334 706 omnes
1362 645 1651 726 pam'etee
1673 645 1937 710 Domus
1978 647 2327 732 sculpturis
2424 718 2431 724 ,

159 747 658 823 Che-mbm-um,
715 753 776 808 et
827 765 1062 826 quoque
1113 765 1304 826 super
1339 746 1573 827 forest
1643 748 1676 809 Ι
1718 749 1881 827 Regx
1920 750 2039 810 VI:
2116 753 2204 812 23
2246 753 2326 812 ad
2376 774 2383 780 ·

163 852 278 908 29.
331 851 434 910 3-2
490 848 584 907 ad
615 849 702 909 35
719 869 737 925 3
776 865 886 924 per
925 846 1242 924 Templum
1277 850 1461 907 etiam
1496 848 1941 924 significabatur
1978 850 2226 911 Coelum
2262 860 2325 913 et

161 949 470 1010 Ecclesia
487 969 520 1025 ;·
549 956 610 1008 et
643 967 756 1026 per
776 946 1044 1024 Adytnm
1081 946 1212 1023 ejus
1241 948 1511 1008 intimum
1542 947 1709 1008 Coeli
1744 956 1804 1008 et
1828 949 2141 1010 Ecclesiae
2151 971 2169 1027 ς
2207 971 2321 1029 per

159 1047 406 1126 lignum
453 1048 582 1108 olei
619 1067 692 1108 ex
727 1065 846 1132 quo
885 1045 1150 1108 Cher-ubl
1185 1049 1551 1124 significatur
1586 1048 1805 1109 bonum
1843 1052 2091 1125 amoris,
2148 1054 2316 1110 simi-

163 1148 305 1208 liter
345 1168 482 1227 per
503 1149 738 1210 Aurum
773 1163 894 1225 quo
929 1147 1170 1206 obducti
1205 1154 1380 1207 erant
1390 1169 1408 1224 3
1444 1164 1558 1225 per
1585 1151 1851 1225 parietes
1886 1166 2073 1226 super
2100 1151 2317 1227 quibus

165 1250 408 1326 sculpti
453 1255 628 1308 erant
665 1247 956 1322 Cherubi,
995 1247 1405 1324 significantur
1438 1249 1647 1308 ultima
1682 1249 1849 1310 Coeli
1886 1256 1948 1310 et
1980 1250 2311 1327 Ecclesiae,

170 1367 240 1408 ac
277 1367 403 1427 per
445 1348 762 1410 Gherubos
795 1348 882 1408 ibi
917 1345 1272 1408 Custodiae:
1321 1367 1435 1425 per
1466 1351 1627 1408 sores
1662 1367 1849 1426 super
1884 1350 2100 1427 quibus
2135 1354 2315 1410 etiam

171 1457 354 1509 erant
399 1449 703 1523 Cherubi,
759 1448 1126 1526 significatur
1173 1447 1369 1508 aditus
1430 1451 1491 1508 in
1530 1449 1777 1509 Coelum
1832 1457 1891 1511 et
1942 1451 2311 1528 Ecclesiam3

173 1551 318 1609 inde
357 1557 559 1628 patet,
602 1550 761 1627 quod
801 1549 1063 1610 Cherubi
1095 1551 1561 1625 significaverint
1595 1549 1913 1610 custodias
1950 1569 2025 1609 ne
2061 1551 2313 1611 adeatur

178 1649 448 1710 Coelum
487 1653 606 1709 nisi
637 1667 750 1728 per
781 1649 1003 1708 bonum
1041 1651 1266 1708 amoris
1303 1657 1364 1710 et
1398 1649 1739 1727 charitatis;
1780 1659 1839 1712 et
1878 1654 2018 1728 quia
2048 1649 2314 1711 Cherubi

183 1751 685 1826 significaverunt
717 1748 1038 1810 custodias
1065 1749 1231 1823 illas,
1273 1753 1454 1810 etiam
1489 1751 1821 1828 significant
1849 1752 2127 1812 Divinam
2156 1753 2309 1812 Pro-

181 1850 522 1910 videntiam
573 1850 847 1920 Domini,
907 1868 1046 1908 nam
1085 1849 1411 1912 Custodiae
1465 1851 1605 1911 illae
1658 1861 1871 1912 sunta
1903 1853 2195 1925 Domino,
2250 1861 2313 1913 et

189 1958 334 2009 sunt
382 1952 605 2011 Divina
650 1951 848 2027 Ipsius
883 1950 1289 2011 Providentia.
1372 1952 1549 2029 Quod
1604 1953 1923 2030 Templum
1970 1961 2030 2014 et
2078 1954 2309 2014 Domus

191 2047 316 2109 Dei
351 2051 688 2128 significent
723 2049 970 2110 Coelum
1009 2057 1068 2110 et
1104 2051 1466 2127 Ecclesiam,
1505 2053 1781 2112 videatur
1815 2071 2001 2130 supra
2036 2071 2103 2112 n:
2148 2059 2308 2128 2203

197 2149 338 2209 inde
384 2153 649 2230 Adytum
709 2150 1006 2228 signfficat
1060 2153 1328 2210 intimum
1384 2171 1618 2212 eorum:
1685 2153 1844 2228 quod
1902 2153 2127 2230 lignum
2191 2153 2311 2213 olei

203 2249 491 2324 significet
535 2252 753 2311 bonum
804 2253 1051 2323 amor-ie,
1105 2254 1164 2310 in
1223 2251 1501 2311 AncAms
1552 2251 1971 2312 Coscnsrmus
2029 2272 2098 2314 n:
2145 2255 2305 2314 886.

221 2348 423 2409 3Ί28.
460 2352 674 2411 4582.
719 2353 931 2412 9780.
979 2353 1188 2414 9954.
1235 2354 1509 2425 102613
1548 2350 1822 2412 similiter
1858 2371 2088 2425 aurum,
2124 2371 2312 2430 supra

221 2461 298 2504 n:
337 2449 496 2509 242:
559 2452 720 2528 quod
775 2453 936 2512 sores
997 2451 1332 2529 significent
1394 2452 1616 2511 aditum
1678 2457 1740 2509 et
1786 2453 2309 2522 intromissionem,

218 2545 396 2605 etiam
429 2565 602 2627 supra
637 2571 704 2611 n:
749 2555 910 2612 248.
993 2551 1276 2612 Similiter
1313 2551 1604 2613 Cherubis
1642 2557 1914 2610 ornatum
1949 2550 2308 2611 describitur

212 2645 516 2725 Templum
553 2670 794 2726 novum,
852 2652 926 2712 de
964 2669 1080 2729 quo
1119 2653 1282 2728 apud
1316 2652 1694 2713 Ezechielem
1763 2647 1999 2725 „Facti
2040 2647 2311 2712 Cher-ubi

203 2751 262 2806 et
289 2747 576 2828 palmae,
631 2752 729 2812 ita
765 2757 837 2813 ut
863 2750 1095 2830 palma
1121 2752 1286 2812 inter
1313 2751 1668 2814 Cherubum
1705 2757 1765 2811 et
1791 2747 2166 2812 Chat-ubam:
2208 2751 2309 2812 ita

191 2833 440 2924 sactum
477 2850 568 2912 ad
607 2871 847 2912 omnem
891 2851 1184 2913 Domum
1223 2853 1633 2913 circumcirca
1680 2873 1723 2912 a
1760 2857 1932 2912 terra
1980 2868 2178 2930 usque
2216 2849 2311 2910 ad

200 2967 396 3030 supra
432 2951 670 3013 ostium
709 2950 978 3013 Gneo-ubi
1015 2959 1075 3013 et
1103 2951 1365 3031 palmae
1388 2953 1603 3034 sacti,·
1656 2957 1717 3013 et
1743 2951 1968 3033 paries
2006 2949 2256 3032 Templi
2265 2955 2305 2986 ‘⁴‘

199 3046 366 3110 XLI:
410 3054 522 3112 18.
569 3055 679 3112 19.
723 3056 812 3112 20
827 3073 844 3127 3
898 3053 1102 3128 palma
1147 3053 1441 3130 signfficat
1484 3055 1707 3114 bonum
1750 3053 2093 3131 spirituale,
2147 3052 2308 3129 quod

198 3157 289 3210 est
321 3149 544 3211 bonum
579 3153 904 3227 charitatiS,
959 3153 1234 3216 videatur
1267 3173 1334 3212 n:
1381 3155 1594 3215 8369.
1684 3155 1981 3230 Quoniam
2018 3153 2306 3214 Divinum

199 3247 420 3311 Verum
459 3270 535 3312 ex
569 3253 790 3312 Divino
823 3254 992 3312 Bono
1027 3257 1318 3331 protegit,
1354 3253 1490 3314 ideo
1518 3254 1651 3315 Rex
1680 3255 1827 3333 Tyri
1860 3263 2112 3315 vocatur
2143 3253 2305 3315 che-

194 3351 408 3425 rubus‚
463 3369 577 3428 per
606 3353 834 3430 Regem
873 3356 1027 3414 enim
1064 3353 1433 3430 significatur
1465 3355 1751 3414 Divinum
1785 3355 2043 3430 Verum,
2100 3362 2161 3415 et
2196 3373 2309 3432 per

198 3449 421 3529 Tyrum
457 3455 859 3528 cognitiones,
917 3460 978 3514 et
1012 3453 1150 3513 inde
1185 3471 1296 3530 per
1328 3454 1559 3531 Regem
1596 3455 1743 3532 Tyri
1775 3453 2193 3530 intelligentia,
2228 3453 2305 3514 de

194 3567 312 3627 quo
365 3553 452 3610 ita
497 3553 659 3630 apud
689 3553 1069 3614 Ezechielem
1132 3596 1171 3628 „
1195 3553 1348 3614 Rex·
1396 3551 1565 3633 Tfiyri
1608 3551 1677 3612 in
1712 3551 1904 3612 Eden
1934 3551 2115 3612 horto
2164 3549 2309 3612 Dea·

181 3649 424 3729 fuist&
477 3653 684 3713 omnis
722 3651 895 3733 lapis
932 3651 1255 3732 pretiosus
1291 3657 1719 3730 teyumentum
1755 3656 1935 3712 tuum
1948 3669 1977 3722 ,·
2030 3654 2103 3710 tu
2142 3646 2301 3710 0}ae-

191 3750 388 3814 rubus
427 3754 738 3832 eoepamio
765 3753 1161 3833 proteyentie
1175 3797 1192 3828 ,
1236 3749 1438 3832 posui
1478 3755 1539 3810 te
1580 3750 1651 3810 in
1688 3755 1895 3810 monte
1930 3749 2319 3812 sanctitatis·

190 3849 345 3923 Dei,
379 3852 452 3912 in
475 3851 683 3914 medio
711 3851 1006 3933 lapidum
1031 3852 1211 3934 iqui-9
1237 3847 1696 3921 ambulaverae,
1720 3849 2044 3930 perfectus
2070 3849 2141 3909 in
2172 3849 2305 3909 viis

193 3949 324 4012 tuis
352 3951 426 4013 in
454 3951 560 4014 die
583 3971 703 4033 quo
729 3959 982 4014 creatu-9
1007 3955 1118 4012 e8“
1148 3951 1456 4013 X-XVIII:
1493 3955 1600 4011 12.
1636 3949 1701 4028 [1
1722 3949 1811 4028 3.]
1852 3953 1961 4009 14.
1994 3953 2022 4008 1
2044 3951 2102 4025 53
2142 3948 2304 4025 quod

191 4068 300 4128 per
320 4051 550 4129 Regem
586 4053 954 4131 significetur
977 4053 1261 4113 Divinum
1288 4053 1537 4129 Verum,
1572 4050 1850 4111 videatur
1876 4068 2061 4128 supra
2094 4069 2151 4110 n:
2188 4051 2225 4109 3
2244 4052 2301 4126 13

193 4156 252 4210 et
310 4153 471 4230 quod
530 4171 642 4231 per
689 4155 919 4232 Tyrum
979 4141 1409 4230 cognitiones,-
1444 4157 1506 4214 in
1563 4153 1839 4214 Ancmrs
1888 4152 2303 4214 Contemnes

193 4269 260 4310 n:
305 4255 528 4315 1201:
587 4255 747 4332 quod
796 4273 906 4333 per
941 4253 1174 4332 lapides
1221 4258 1525 4332 pretiosos
1571 4272 1717 4316 vera
1752 4260 1811 4315 et
1844 4251 2005 4313 bona
2040 4251 2205 4313 Coeli
2245 4257 2305 4310 et
