2700 4792
387 287 618 346 CAPUT
659 283 998 345 TERTIUM.
1726 283 1933 340 VERS:
1980 295 2068 348 18.
2226 297 2335 352 407

44 511 47 522 ,
245 455 395 519 sunt,
445 448 557 508 sed
604 463 802 524 usque
851 444 1198 506 desiderant
1235 443 1407 519 illae,
1462 445 1645 504 etiam
1676 461 1862 522 supra
1896 465 1962 507 n:
2004 447 2173 518 238:
2226 465 2337 525 per

44 525 49 622 Ι
241 569 434 610 aurum
473 546 750 609 Schebae
797 546 872 606 de
911 562 1029 624 quo
1063 545 1182 604 illis
1232 543 1425 620 dabit,
1480 544 1831 622 intelligitur
1862 546 2081 608 bonum
2120 551 2337 608 amoris

44 637 46 654 ²
213 653 288 728 ,in
319 649 479 726 quod
513 649 807 707 Dominus
855 646 1035 706 ducet
1068 645 1204 704 illos
1254 662 1368 722 per
1410 647 1815 722 cognitiones:
1885 647 2029 724 quid
2078 645 2335 724 Scheba,

236 751 496 810 videatur
556 765 698 806 mox
753 763 955 822 supra.
1045 744 1228 821 Apud
1281 744 1633 822 Haggaeum
1692 791 1729 821 ‚,
1754 743 2075 807 Excitabo
2128 767 2337 810 omnes

233 855 434 930 gentes
447 893 466 924 ,
531 852 609 908 ut
654 846 908 908 veniant
950 842 1162 906 electio
1214 844 1497 906 omnium
1546 844 1861 924 gentium,
1927 851 1987 905 et
2036 843 2338 926 impleam

231 949 516 1012 Domum
569 946 730 1008 hanc
770 943 987 1026 yloria
1006 966 1027 1006 .·
1090 943 1266 1004 Mihi
1319 949 1655 1024 amentum
1699 949 1758 1006 et
1804 964 2037 1006 aurum
2049 965 2079 1018 ;
2130 946 2338 1030 major

230 1050 342 1112 erit
365 1046 590 1130 ⁸cloria
613 1047 872 1107 Domus
899 1045 1093 1128 hujus
1106 1043 1488 1124 posterioris
1515 1064 1706 1124 quam
1720 1043 2017 1124 priori-3⁸²
2058 1045 2137 1105 H:
2177 1052 2235 1104 7.
2272 1049 2331 1106 8.

236 1153 306 1226 9;
360 1151 544 1210 etiam
581 1148 734 1206 haec
781 1146 856 1206 de
903 1146 1168 1204 adventu
1201 1145 1472 1221 Domini3
1525 1163 1635 1222 per
1669 1153 1878 1222 gentes
1923 1145 2334 1223 intelliguntur

231 1253 324 1327 qui
355 1251 420 1308 in
458 1249 622 1309 bono
670 1253 810 1305 sunt
861 1252 924 1306 et
967 1244 1106 1306 inde
1144 1246 1336 1320 veris:
1391 1262 1503 1321 per
1533 1246 1792 1304 Domum
1829 1246 2176 1322 intelligItur
2209 1247 2329 1305 Ec-

227 1349 440 1420 clesia,
475 1367 544 1406 n:
579 1349 664 1407 37
680 1349 769 1406 20
788 1366 804 1422 3
859 1363 969 1423 per
1001 1345 1252 1423 gloriam
1289 1361 1410 1421 qua
1449 1344 1810 1422 implebitur,
1844 1345 2190 1423 intelligitur
2216 1346 2329 1404 Di-

226 1453 422 1510 vinum
459 1448 722 1522 Verum,
775 1465 850 1506 n:
893 1447 1110 1506 4809.
1157 1447 1365 1505 5922.
1426 1447 1635 1505 8267.
1696 1447 1904 1504 8427.
1951 1447 2167 1522 94293
2222 1463 2333 1522 per
2372 1467 2531 1529 [239]

227 1556 536 1627 argentum
576 1555 636 1606 et
671 1564 882 1606 aurum
919 1544 1079 1622 quod
1116 1544 1298 1619 Mihi,
1354 1544 1704 1622 intelligitur
1752 1563 1958 1604 verum
2010 1554 2069 1604 et
2109 1545 2331 1606 bonum

155 1697 166 1706 .
225 1650 375 1728 quod
427 1667 467 1706 a
511 1647 642 1706 solo
678 1647 952 1706 Domino.
1055 1645 1238 1721 Apud
1287 1643 1633 1705 Sachariam
1683 1689 1721 1720 „
1748 1643 2144 1726 C‘olliyentur
2188 1665 2332 1727 opes

225 1748 500 1809 munium
539 1747 828 1826 gentium
863 1744 1297 1818 circumcirca,
1362 1764 1622 1820 aurum,
1660 1751 1994 1827 arqentam
2038 1752 2097 1807 et
2134 1753 2332 1808 vestes

226 1847 428 1910 multa
474 1846 705 1926 copia“
753 1847 936 1906 XIV:
982 1849 1104 1921 143
1157 1863 1268 1922 per
1303 1862 1451 1922 opes
1500 1849 1757 1905 omnium
1806 1851 2071 1924 gentium
2107 1847 2330 1908 intelli-

224 1957 437 2026 guntur
485 1949 852 2023 cognitiones
900 1940 1257 2022 ubicunque
1277 1951 1448 2015 sunt,
1502 1949 1679 2004 etiam
1734 1948 1895 2023 apud
1948 1948 2137 2008 malos
2151 1969 2167 2023 3
2221 1965 2333 2025 per

225 2067 463 2124 aurum,
526 2052 835 2122 argentum
885 2051 946 2104 et
978 2051 1210 2126 vestes„
1233 2045 1423 2104 multa
1468 2048 1670 2122 copia,
1726 2047 2139 2124 intelliguntur
2172 2047 2332 2106 bona

226 2155 279 2207 et
320 2165 474 2207 vera
525 2145 864 2222 spiritualia
909 2150 968 2204 et
1015 2144 1343 2205 naturalia:
1398 2144 1591 2205 simile
1640 2145 2031 2221 significatum
2082 2153 2173 2206 est
2220 2165 2333 2224 per

224 2247 508 2322 Aurum,
563 2244 920 2324 Arqcntum
961 2249 1022 2304 et
1064 2241 1305 2318 Vestes,
1364 2262 1517 2320 quae
1553 2244 1658 2304 filii
1690 2244 1939 2304 Israelis
1974 2251 2179 2306 mutuo
2214 2264 2327 2324 pe-

227 2349 444 2406 tierunt
477 2346 554 2406 ab
592 2346 936 2424 Aegyptiis,
986 2363 1172 2421 *quum
1207 2344 1282 2403 ab
1321 2345 1441 2404 illis
1476 2344 1912 2414 discesserunt,
1962 2345 2167 2406 Exod:
2202 2345 2329 2406 III:

236 2448 346 2503 22.
401 2445 551 2521 Cap:
589 2445 711 2504 XI:
755 2449 816 2503 2.
853 2447 912 2505 3.
967 2444 1127 2520 Cap:
1163 2444 1319 2505 XII:
1364 2447 1475 2506 33.
1512 2447 1631 2519 363
1684 2461 1791 2504 cur
1832 2445 1917 2502 ita
1960 2444 2323 2517 factumest,

230 2551 288 2603 et
323 2545 466 2622 quid
499 2546 776 2619 involvit,
823 2545 1096 2604 videatur
1141 2547 1203 2604 in
1236 2545 1514 2605 Ancnms
1552 2544 1963 2605 CoEunsrmth
2012 2563 2069 2602 n:
2116 2546 2325 2602 6914.

229 2647 358 2706 691
383 2651 437 2721 7,
479 2646 637 2721 quod
663 2663 877 2722 nempe
914 2652 979 2703 ut
1004 2652 1583 2720 repraesentaretur,
1623 2645 1780 2721 quod
1806 2645 1977 2702 malis
2014 2643 2326 2701 auferren-

223 2753 312 2805 tur
347 2763 510 2822 quae
544 2745 768 2804 habent
819 2751 881 2805 et
927 2745 1212 2804 darentur
1244 2744 1417 2803 bonis
1436 2749 1453 2814 ,'
1506 2745 1833 2805 secundum
1867 2744 2106 2802 Domini
2140 2741 2329 2800 verba

219 2847 376 2922 apud
439 2845 812 2904 Matthaeum
845 2855 850 2861 ·
901 2845 1063 2922 Cap:
1115 2842 1318 2904 XXV:
1389 2848 1499 2904 28.
1556 2849 1666 2920 29,
1752 2850 1814 2903 et
1874 2843 2037 2920 apud
2098 2843 2327 2903 Lucam

220 2944 374 3023 Cap:
413 2937 603 3006 XIX:
646 2950 760 3004 24.
803 2925 943 3020 263⁸
979 2953 1039 3004 et
1074 2945 1234 3027 quod
1270 2945 1538 3005 facerent
1572 2945 1684 3005 sibi
1720 2947 1944 3004 amicos
1994 2962 2069 3004 ex
2102 2945 2325 3022 injusto

217 3063 550 3104 mammone
601 3045 924 3104 secundum
960 3047 1203 3104 Domini
1233 3045 1421 3104 verba
1456 3046 1616 3122 apud
1648 3046 1877 3105 Lucam
1943 3044 2104 3124 Cap:
2141 3044 2325 3104 XVI:

224 3148 294 3220 93
346 3163 462 3222 per
494 3146 780 3222 injustum
827 3163 1162 3205 mammona
1207 3145 1619 3222 intelliguntur
1666 3149 2035 3222 cognitiones
2087 3147 2217 3205 veri
2268 3151 2331 3206 et

215 3245 354 3304 boni
391 3244 555 3320 apud
588 3244 724 3303 illos
761 3247 864 3320 qui
897 3263 1014 3304 non
1040 3246 1207 3321 juste
1241 3244 1379 3304 illas
1406 3247 1733 3322 possident,
1774 3249 1878 3324 qui
1912 3255 2055 3306 sunt
2080 3248 2183 3324 qui
2208 3263 2327 3304 non

217 3344 526 3421 applicant
576 3344 712 3402 illas
756 3347 933 3404 vitae.
1002 3345 1184 3421 Apud
1228 3344 1527 3404 Davidem
1586 3391 1622 3420 „
1648 3344 1865 3408 Filiae
1900 3366 2126 3426 reyum
2162 3345 2327 3406 inter

204 3443 531 3523 pretiosas
573 3448 724 3504 tuac
737 3489 754 3516 ,
795 3444 1080 3505 constitit
1103 3442 1367 3522 Reyina
1410 3443 1501 3505 ad
1540 3443 1836 3506 deretram
1868 3450 2047 3506 tuam
2071 3443 2141 3504 in
2165 3461 2324 3503 auro

215 3543 450 3624 optimo
499 3541 801 3624 Ophir-ic:
867 3530 1004 3604 tota
1036 3539 1330 3623 ⁸clorio-:ct
1357 3541 1513 3626 filia
1560 3543 1770 3624 Regi-s·
1820 3541 2029 3612 intus,
2078 3538 2157 3599 de
2194 3540 2320 3600 im·-

201 3640 426 3724 plexis
463 3643 617 3704 aufri
653 3641 849 3704 vestie
903 3642 1086 3726 ciust
1167 3644 1397 3704 Psalm:
1435 3642 1626 3702 XLV:
1674 3645 1701 3699 1
1722 3646 1782 3700 O.
1825 3644 1851 3698 1
1871 3643 1911 3698 4
1928 3660 1945 3716 3
2001 3641 2197 3716 agitur
2239 3639 2324 3699 ibi

215 3742 290 3803 de
332 3744 624 3814 Domino,
679 3750 740 3802 et
785 3761 895 3821 per
941 3743 1124 3803 filiam
1160 3743 1344 3822 Regis
1380 3740 1730 3817 intelligitur
1763 3737 2035 3802 Ecclesia
2070 3756 2225 3816 quae
2260 3740 2323 3797 in

215 3842 526 3903 affectione
561 3845 719 3913 veri,
775 3861 928 3920 quae
967 3843 1325 3903 describitur
1374 3860 1486 3920 per
1522 3840 1682 3917 quod
1715 3839 1871 3898 filiae
1923 3856 2130 3915 regum
2163 3841 2322 3898 inter

211 3944 510 4018 pretiosas
541 3943 693 4020 ejuS,
723 3960 835 4018 per
861 3959 1011 4019 quas
1034 3942 1447 4019 intelliguntur
1471 3943 1643 4018 ipsae
1670 3939 2011 4000 affectiones
2031 3940 2183 4016 vei-13
2210 3955 2321 4016 per

215 4042 374 4118 quod
400 4045 692 4102 consistat
725 4044 932 4119 regina
967 4042 1046 4101 ad
1072 4043 1342 4102 dextram
1374 4041 1507 4118 ejus
1540 4043 1603 4101 in
1630 4057 1777 4100 auro
1806 4033 2031 4116 optimo
2058 4038 2315 4118 ophitis,

209 4140 558 4219 intelligitur
581 4141 854 4220 Regnum
892 4142 1154 4203 coeleste
1181 4142 1423 4202 Domini
1458 4141 1617 4218 quod
1650 4143 1711 4201 in
1744 4140 1901 4201 bono
1940 4143 2155 4200 amoris
2195 4147 2317 4216 est3
