2700 4792
353 351 592 417 CAPUT
649 350 947 410 PRIMUM.
1754 350 1967 405 VERS:
2026 361 2080 412 3.
2244 363 2313 414 15

183 517 462 589 dicetur3
517 512 606 571 ffli
643 513 745 588 qui
791 510 873 569 ibi
919 515 1062 568 sunt
1109 512 1169 568 in
1215 513 1528 587 provincia
1566 511 1775 585 Auris,
1829 517 1967 569 sunt
2002 509 2310 570 Obedien-

181 619 318 675 tiae
359 632 435 674 ex
467 615 894 690 perceptione3
953 605 991 690 (z
1009 610 1184 686 Quod
1231 629 1456 686 omnes,
1500 613 1601 688 qui
1646 613 1706 669 in
1749 610 1975 670 Mundo
2011 611 2313 687 spirituali

180 721 367 790 sunt,
417 717 480 773 in
515 713 720 790 aliqua
755 712 1072 771 Provincia
1117 713 1236 770 sint
1279 729 1436 788 quae
1483 713 1823 770 nominatur
1878 729 1955 770 ex
2000 711 2335 787 Membris,.

183 817 490 894 Organis,
529 823 634 874 aut
669 811 1020 870 Visceribus
1056 811 1344 885 hominiS,
1386 815 1529 888 quia
1565 815 1653 871 eis
1688 812 2175 888 correspondent,
2212 814 2307 870 vi-

183 918 417 978 deatur
450 919 512 974 in
547 913 750 990 Opere
788 912 860 972 de
909 910 1122 970 Coeno
1169 931 1247 970 ιη’
1292 912 1603 983 Inmane,
1655 930 1713 970 n:
1763 914 1846 970 87
1880 912 1960 970 ad
1993 908 2193 992 102:)
2250 919 2313 972 et

181 1018 520 1078 Provincia
553 1015 738 1074 Auris
791 1019 885 1071 est
926 1015 990 1070 in
1037 1029 1151 1070 axe
1189 1010 1387 1081 Coeli,
1446 1017 1508 1069 et
1554 1012 1689 1072 ideo
1745 1014 1807 1070 in
1851 1012 2045 1087 illam,
2104 1029 2217 1072 seu
2250 1015 2311 1072 in

181 1117 336 1178 illos
375 1119 477 1192 qui
509 1116 624 1190 ibi,
660 1114 854 1172 influit
890 1118 1050 1171 totus
1087 1110 1350 1170 Mundus
1388 1112 1718 1187 spiritualis
1746 1130 1881 1171 cum
1915 1115 2311 1189 perceptione

187 1218 364 1295 quod
411 1220 498 1275 ita
551 1214 921 1287 faciendum,
993 1213 1146 1272 haec
1210 1214 1369 1271 enim
1424 1215 1735 1289 perceptio
1799 1219 2057 1289 regnans
2114 1218 2207 1272 est
2248 1215 2311 1272 in

187 1317 426 1393 Coe103
479 1316 618 1374 inde
655 1321 747 1374 est
783 1313 945 1392 quod
979 1313 1094 1388 1111,
1161 1314 1262 1389 qui
1296 1312 1408 1386 ibi,
1464 1315 1584 1371 sint
1622 1311 2016 1372 Obedientiae
2054 1331 2129 1372 ex
2161 1330 2307 1389 per-

191 1419 500 1494 ceptione.
591 1415 763 1491 Quod
795 1414 902 1473 illa
937 1431 1093 1489 quae
1127 1414 1355 1470 intrant
1394 1430 1506 1488 per
1552 1413 1856 1487 auditum,
1921 1416 2143 1473 intrent
2190 1415 2306 1472 im-

193 1517 466 1576 mediate
501 1533 611 1594 per
642 1515 1010 1575 intellectum
1045 1515 1107 1572 in
1132 1513 1523 1583 voluntatem,
1559 1513 1753 1572 adhuc
1780 1513 2071 1572 illustrari
2104 1519 2310 1589 potest

188 1635 315 1694 per
345 1618 794 1676 instructionem
832 1613 1200 1690 Angelorum
1233 1612 1431 1688 Regni
1467 1613 1779 1687 coelestis,
1840 1616 1942 1690 qui
1977 1616 2305 1690 sapientis-

185 1719 332 1777 simi
365 1725 535 1788 sunt,
589 1717 679 1775 illi
712 1717 1012 1791 recipiunt
1055 1730 1292 1773 omnem
1344 1729 1519 1772 suam
1568 1716 1925 1790 sapientiam
1967 1731 2078 1791 per
2128 1714 2304 1772 audi-

189 1825 326 1876 tum
364 1825 424 1876 et
456 1835 574 1876 non
609 1834 721 1893 per
755 1819 981 1889 visum,
1026 1813 1309 1891 quicquid
1347 1816 1504 1872 enim
1542 1813 1615 1872 de
1651 1814 1885 1873 Divinis
1924 1815 2189 1888 audiunt,
2230 1831 2305 1874 ex

188 1921 582 1978 veneratione
635 1924 696 1976 et
747 1933 950 1975 amore
1020 1917 1320 1991 recipiunt
1372 1913 1685 1972 voluntate
1751 1922 1811 1974 et
1869 1914 2094 1976 faciunt
2140 1915 2303 1974 vitae

183 2035 372 2094 suae3
429 2024 490 2077 et
526 2021 665 2094 quia
699 2018 996 2092 recipiunt
1027 2014 1135 2074 illa
1169 2017 1374 2074 statim
1410 2017 1565 2089 vita,
1618 2019 1678 2074 et
1711 2031 1830 2074 non
1865 2017 2032 2090 prius
2070 2032 2299 2074 memo-
2340 2018 2465 2080 [13]

183 2121 310 2194 ria,
369 2120 504 2178 ideo
541 2118 760 2194 Angeli
792 2134 912 2175 non
945 2116 1274 2192 loquuntur
1309 2115 1385 2174 de
1420 2114 1605 2174 rebus
1642 2115 1807 2190 fidei,
1872 2115 1982 2174 sed
2013 2115 2189 2174 modo
2226 2116 2305 2174 ad
2346 2103 2352 2112 ’

183 2219 357 2294 illas,
413 2237 548 2278 cum
585 2219 660 2276 ab
697 2218 828 2277 aliis
867 2217 1175 2291 dicuntur,
1216 2215 1585 2292 respondent
1618 2217 1702 2274 ita
1734 2217 1856 2288 ita,
1894 2215 1993 2275 vel
2018 2233 2136 2274 non
2161 2233 2297 2291 non,

181 2320 521 2379 secundum
555 2319 797 2378 Domini
837 2316 1024 2376 verba
1071 2316 1236 2392 apud
1269 2315 1643 2375 Matthaeum
1698 2315 1845 2392 Cap:
1886 2317 1962 2375 V:
2007 2318 2117 2376 37.
2206 2317 2301 2374 Ex

181 2420 286 2478 his
325 2427 522 2495 patet,
584 2419 743 2495 quod
778 2418 1016 2476 auditus
1064 2418 1393 2494 praecipue
1445 2416 1620 2476 datus
1657 2418 1735 2475 sit
1767 2416 1991 2476 homini
2026 2417 2104 2475 ad
2137 2418 2295 2475 reei-

187 2519 487 2596 piendum
515 2520 898 2594 sapientiam,
931 2517 1118 2575 Visus
1157 2524 1359 2576 autem
1396 2516 1474 2575 ad
1507 2515 1918 2592 recipiendum
1952 2515 2296 2592 intelligen-

185 2622 372 2693 tiam3
427 2619 726 2694 sapientia
761 2624 852 2676 est
884 2619 1223 2693 percipere,
1274 2617 1464 2688 velle,
1522 2623 1582 2675 et
1616 2617 1845 2684 facere,
1905 2615 2301 2694 intelligentia

187 2725 288 2780 est
337 2722 494 2780 scire
545 2725 606 2778 et
648 2719 996 2795 percipere:
1051 2719 1210 2794 quod
1263 2717 1578 2776 Coelestes
1625 2708 1841 2792 Angeli
1878 2731 1992 2791 per
2034 2714 2301 2774 auditum

183 2818 468 2878 hauriant
513 2820 898 2895 sapientiam,
955 2822 1016 2877 et
1064 2835 1184 2877 non
1220 2836 1334 2895 per
1378 2806 1605 2892 'visum,
1658 2815 1936 2875 videatur
1980 2817 2044 2874 in
2095 2813 2297 2892 Opere

187 2919 266 2979 de
302 2919 502 2980 Conco
541 2939 620 2977 m·
655 2919 954 2989 Iurnmw,
989 2935 1046 2977 n:
1081 2922 1242 2978 270.
1283 2920 1454 2994 2713
1515 2925 1575 2978 et
1606 2920 1855 2993 insuper
1896 2915 1970 2976 de
2004 2916 2129 2978 illis
2160 2917 2292 2978 An-

187 3020 370 3095 gens,
407 3039 465 3078 n:
500 3022 590 3078 20
614 3019 692 3078 ad
722 3021 834 3078 28.

353 3123 382 3177 1
405 3121 460 3178 5.
511 3120 590 3178 Et
625 3125 936 3178 servantes
965 3135 1122 3196 quae
1156 3121 1218 3176 in
1255 3137 1327 3196 ea
1362 3123 1587 3197 scripta
1612 3125 1779 3194 sunt,
1821 3119 1979 3195 quod
2003 3119 2298 3197 significet

189 3219 356 3293 quod
409 3236 476 3278 ex
527 3237 726 3279 amore
772 3222 932 3293 veri,
993 3225 1230 3278 constat
1277 3238 1351 3278 ex
1400 3221 1828 3297 significatione
1879 3220 2200 3280 observare
2238 3227 2301 3279 et

185 3334 464 3388 servare,
529 3321 688 3396 quod
735 3321 814 3378 sit
857 3322 1208 3395 percipere,
1273 3320 1431 3380 velle
1482 3328 1540 3380 et
1587 3321 1787 3380 facere
1832 3321 2163 3380 secundum
2212 3319 2294 3390 id,

187 3417 282 3479 hic
319 3421 648 3479 secundum
698 3419 1028 3478 doctrinam
1069 3421 1256 3496 000115
1314 3428 1375 3480 et
1426 3439 1501 3480 ex
1548 3420 1978 3497 significatione
2030 3437 2185 3495 quae
2233 3421 2297 3476 in

187 3535 260 3576 ea
294 3523 520 3595 scripta
555 3527 714 3595 sunt,
756 3519 917 3595 quod
951 3522 1032 3578 sit
1060 3537 1134 3578 ex
1161 3539 1363 3580 amore
1398 3524 1544 3597 veri,
1584 3537 1694 3581 seu
1722 3539 1797 3581 ex
1824 3519 2093 3596 jucundo
2128 3516 2293 3576 illius

187 3623 439 3694 amoriS,
498 3621 656 3695 quod
693 3622 850 3680 enim
885 3620 950 3678 fit
987 3638 1061 3679 ex
1097 3637 1298 3681 amore
1337 3621 1451 3681 hoc
1486 3622 1555 3681 fit
1592 3638 1666 3681 ex
1692 3619 1995 3698 jucundo,
2054 3615 2293 3674 aliunde

185 3735 302 3779 non
339 3727 433 3779 est
458 3721 824 3796 jucundum:
879 3720 1126 3796 quodid
1151 3721 1520 3799 significetur
1548 3737 1659 3797 per
1686 3736 1841 3794 quae
1872 3720 1932 3774 in
1970 3733 2043 3775 ea
2071 3717 2296 3790 scripta

186 3827 350 3889 sunt,
397 3827 490 3878 est
526 3823 670 3896 quia
702 3820 810 3880 illa
843 3839 998 3897 quae
1033 3823 1094 3878 in
1144 3822 1415 3881 doctrina
1451 3821 1607 3880 coeli
1642 3825 1811 3887 sunt,
1865 3816 2027 3874 cordi
2066 3833 2290 3894 eorum,

184 3919 266 3978 ita
299 3922 460 3978 vitae
489 3937 699 3980 eorum
727 3923 1018 3996 inscripta
1048 3929 1203 3996 sunt,
1246 3929 1306 3982 et
1342 3938 1497 3998 quae
1534 3921 1823 3994 inscripta
1858 3923 1999 3976 sunt
2033 3917 2199 3977 cordi
2234 3924 2295 3978 et

186 4021 370 4091 vitae,
424 4020 530 4078 illa
562 4024 856 4097 inscripta
891 4028 1029 4080 sunt
1063 4024 1284 4108 amori,
1343 4039 1484 4080 nam
1520 4037 1622 4079 cor
1656 4022 1717 4078 in
1753 4017 1959 4078 Verbo
1994 4017 2295 4096 significat

187 4133 471 4196 amorem,
527 4140 586 4180 n:
634 4123 842 4182 7542.
894 4123 1102 4182 9050.
1147 4124 1424 4182 10336:
1484 4120 1642 4196 quod
1677 4122 1757 4178 sit
1793 4137 1959 4179 amor
2001 4122 2158 4192 veri,
2200 4125 2295 4179 est

191 4223 321 4292 quia
354 4222 459 4280 illa
495 4222 768 4282 dicuntur
823 4223 897 4281 de
933 4221 1200 4282 doctrina
1239 4221 1427 4291 coeli,
1476 4228 1537 4280 et
1572 4220 1843 4282 doctrina
1885 4220 2039 4281 coeli
2082 4226 2176 4279 est
2220 4235 2295 4278 ex
