2700 4792
16 515 46 553 f

331 385 576 443 CAPUT
616 385 1019 444 SECUNDUM.
1650 387 1865 452 VERS:
1932 398 2022 451 12.
2186 404 2290 454 177

169 553 398 608 xerunt
436 563 586 606 vera
626 545 790 623 apud
837 563 904 606 se
921 566 938 622 3
993 562 1138 622 ager
1186 546 1271 605 ibi
1321 552 1413 606 est
1446 545 1745 607 Ecclesia.
1829 547 2003 626 Quod
2050 550 2289 628 gladius

170 648 480 728 significet
516 647 738 706 falsum
761 647 1084 706 destruens
1117 663 1357 721 verum,
1411 653 1580 724 patet
1608 650 1771 725 apud
1795 649 2094 710 Davidem
2126 651 2289 728 „In—

159 752 605 831 flammam‘ur
631 743 775 827 filii
805 745 1086 807 hominis
1099 791 1115 822 ‚
1173 745 1389 806 dentes
1434 749 1652 808 eorum
1679 748 1873 810 hasta
1920 755 1979 810 et
2020 750 2177 824 tela,
2230 760 2290 814 et

167 851 414 931 linqua
471 867 688 908 eorum
742 844 1014 926 ¹qla'cliua
1063 850 1340 908 aeut-aff
1403 847 1641 907 Psalm:
1682 850 1881 908 LVII:
1938 853 1997 910 5.
2078 851 2291 926 „Ec-ce

169 953 474 1015 eructant
507 967 612 1008 ore
645 966 790 1023 3200,
827 943 1049 1026 yladii
1080 947 1152 1007 in
1187 945 1383 1007 labiis
1418 951 1677 1008 eorum“
1720 950 1959 1008 Psalm:
2003 952 2179 1012 LIX:
2225 957 2285 1014 8.

181 1052 586 1132 „Operam-ea
645 1046 1050 1126 iniquita-tem
1113 1053 1353 1108 acuunt
1412 1047 1581 1108 sicut
1636 1046 1937 1128 yladium
1994 1047 2291 1131 linquam

174 1169 392 1224 suam,
431 1147 696 1210 tendunt
731 1145 926 1208 telum
952 1167 1142 1208 auum
1169 1148 1346 1208 verbo
1374 1167 1595 1210 amaro
1608 1151 1643 1180 “
1674 1150 1908 1208 Psalm:
1952 1151 2187 1212 LXIV:
2222 1159 2259 1214 4
2272 1201 2285 1212 .

173 1256 268 1315 Ex
309 1253 407 1310 his
444 1256 644 1327 patet,
697 1249 842 1326 quid
879 1247 1244 1326 significatur
1282 1267 1397 1325 per
1428 1250 1669 1310 Domini
1706 1251 1894 1310 verba
1934 1253 2012 1310 ad
2040 1252 2287 1312 Petrum

182 1352 474 1430 „Omnes
529 1349 903 1428 <recipientes
977 1345 1308 1429 yladium,
1390 1369 1511 1429 per
1576 1347 1875 1430 yladium
1936 1352 2284 1430 pmbunt‘<

175 1453 412 1514 Matth:
453 1450 702 1511 XXVI:
753 1452 862 1510 51.
917 1451 1024 1524 52,
1066 1465 1282 1527 nempe
1326 1451 1485 1527 quod
1519 1453 1621 1527 qui
1650 1451 1902 1512 credunt
1938 1453 2093 1512 falsa
2116 1458 2283 1530 perl-

178 1558 298 1615 turi
341 1555 462 1612 sint
499 1569 610 1628 per
647 1550 839 1610 salsa:
885 1549 976 1608 Ex
1013 1551 1106 1610 his
1144 1567 1302 1609 nune
1329 1557 1529 1628 patet,
1574 1552 1715 1628 quid
1740 1569 1852 1628 per
1878 1554 2281 1631 romphaeam,

179 1655 598 1725 machaeram,
645 1669 754 1710 seu
792 1649 1054 1728 gladium
1092 1653 1151 1710 in
1191 1651 1397 1710 Verbo
1435 1653 1497 1710 in
1537 1658 1789 1730 utroque
1829 1670 2018 1712 sensu
2051 1655 2280 1732 signifi·-

177 1764 371 1816 eatur.
443 1753 618 1829 Quod
657 1751 802 1810 talia
837 1769 950 1828 per
987 1752 1250 1829 gladium
1297 1753 1737 1830 significentur,
1790 1759 1885 1813 est
1922 1771 2162 1833 quoque
2208 1773 2284 1816 ex

177 1856 542 1935 apparentia
580 1856 641 1913 in
679 1851 902 1912 Mundo
942 1851 1270 1930 spirituali3
1315 1853 1553 1930 quando
1591 1853 1675 1912 ibi
1711 1873 1951 1933 pugnae
1991 1857 2278 1932 spiritua-

173 1959 268 2018 les
325 1961 498 2030 snnt,
565 1971 721 2030 quae
783 1959 924 2012 sunt
972 1969 1212 2030 pugnae
1264 1957 1395 2014 veri
1444 1961 1652 2014 eontra
1700 1955 1947 2030 falsum,
2020 1963 2082 2015 et
2142 1957 2279 2016 salsi

174 2065 394 2119 eontra
429 2073 668 2128 verum,
725 2061 866 2113 tune
897 2061 1192 2131 apparent
1218 2057 1395 2114 varia
1436 2073 1605 2114 arma
1636 2056 1809 2131 belli,
1870 2059 2027 2116 sieut
2062 2057 2275 2134 Ense5‚

176 2159 446 2231 Hastae,
485 2155 734 2234 clypei,
779 2162 840 2214 et
880 2155 1096 2214 similia
1109 2175 1125 2231 3
1179 2173 1298 2214 non
1338 2157 1498 2233 quod
1530 2173 1641 2233 per
1688 2157 1835 2216 talia
1874 2156 1994 2216 illis
2037 2175 2279 2234 pugnae

175 2263 334 2334 sint,
389 2257 500 2318 sed
535 2261 676 2316 sunt
713 2254 891 2315 modo⁴
930 2258 1321 2333 apparentiae
1362 2260 1915 2334 repraesentativae
1941 2276 2280 2336 pugnarum

179 2358 618 2438 spiritualium:
665 2356 904 2433 quando
939 2355 1096 2416 falsa
1129 2359 1344 2417 aeriter
1382 2364 1651 2435 pugnant
1686 2365 1893 2417 contra
1933 2375 2097 2434 vera,
2135 2365 2279 2420 tuno

117 2517 124 2524 .
179 2460 548 2538 quandoque
587 2475 620 2516 e
655 2456 842 2516 Coelo
883 2464 1138 2536 apparet
1173 2456 1458 2534 splendor
1497 2464 1602 2518 aut
1634 2457 1835 2534 fulgur
1866 2458 2043 2516 Ensis
2084 2462 2280 2518 utrin-

187 2577 312 2636 que
351 2575 420 2617 se
459 2558 766 2633 vibrantis,
819 2576 896 2616 ex
935 2575 1054 2634 quo
1090 2576 1340 2635 magnus
1378 2565 1570 2618 terror
1580 2579 1597 2634 3
1638 2575 1753 2634 quo
1790 2557 2157 2633 dissipantur
2190 2558 2279 2615 illi

191 2661 299 2736 qni
348 2675 422 2718 ex
471 2657 638 2716 falsis
683 2665 980 2736 pugnant:
1035 2677 1110 2718 ex
1167 2677 1239 2718 eo
1295 2666 1495 2736 patet,
1561 2658 1704 2736 quid
1756 2656 2111 2733 intelligitur
2168 2675 2281 2733 per

178 2761 338 2820 haec
396 2758 560 2835 apud
609 2759 984 2820 Ezechielem
1048 2758 1567 2834 „Eoehwreeoent
1617 2777 1759 2820 oum
1820 2753 2031 2818 volare
2062 2757 2277 2836 fecero

179 2857 505 2921 Gladium
541 2877 750 2920 meum
773 2865 1031 2939 praeter
1049 2859 1263 2940 facie-s·
1296 2879 1529 2930 eorum,
1564 2865 1638 2920 ut
1669 2857 1985 2940 trepident
2016 2857 2107 2918 ad
2138 2877 2276 2918 mo-

181 2965 394 3022 menta
431 2965 700 3040 propter
743 2959 1030 3021 animam
1077 2965 1312 3022 auam“
1364 2961 1643 3022 XXXII:
1697 2962 1805 3019 10.
1854 2961 1961 3020 11.
2009 2962 2114 3020 12.
2202 2960 2281 3019 Et

181 3061 344 3138 apud
392 3061 668 3120 Eundem
729 3059 1100 3141 „Propheta
1146 3067 1206 3121 et
1259 3061 1393 3136 dio,
1464 3058 1751 3124 Gladius
1800 3065 2112 3122 macutus
2162 3065 2277 3132 eat,

181 3160 494 3241 etiamque
527 3157 880 3240 empolitue,
915 3166 991 3222 ut
1021 3162 1110 3222 ait
1143 3163 1204 3222 ei
1247 3159 1568 3242 splendor,
1606 3167 1681 3224 ut
1714 3159 2118 3242 colliquescat
2150 3179 2275 3238 cor,

183 3261 268 3322 ah
312 3263 541 3342 factus
588 3266 684 3322 eat
727 3261 798 3322 in
829 3259 1118 3342 salom-‘⁶‘
1165 3263 1351 3324 XXI:
1418 3267 1503 3323 14
1537 3263 1614 3322 ad
1653 3266 1763 3322 20.
1808 3265 1937 3324 33:
1992 3263 2273 3340 quodin-

185 3361 262 3421 de
309 3369 509 3422 tantus
557 3369 749 3422 terror
788 3366 894 3433 sit,
949 3370 1042 3422 est
1080 3365 1222 3440 quia
1257 3365 1479 3424 ferrum
1518 3381 1591 3424 ex
1630 3381 1745 3440 quo
1793 3367 1953 3424 ensis
1981 3363 2278 3439 significat

179 3479 392 3523 verum
429 3466 494 3522 in
531 3462 794 3536 ultimis3
845 3481 916 3523 ae
961 3463 1244 3540 splendor
1285 3471 1345 3526 et
1383 3465 1581 3542 fulgur
1616 3471 1709 3524 est
1745 3481 1819 3523 ex
1858 3465 1994 3524 luce
2029 3461 2184 3520 coeli
2218 3467 2280 3520 et

178 3564 312 3641 ejus
371 3564 703 3623 vibratione
764 3580 949 3642 snper
994 3583 1160 3640 eum,
1214 3564 1317 3625 lux
1370 3564 1536 3624 Coeli
1578 3571 1671 3625 est
1712 3563 1995 3624 Divinum
2048 3560 2277 3619 Verum

177 3663 518 3740 procedens
571 3681 608 3722 a
653 3665 940 3742 Domin03
995 3665 1277 3725 Divinum
1329 3665 1559 3726 Verum
1606 3668 1692 3724 ita
1729 3663 1998 3723 incidens
2034 3662 2097 3718 in
2137 3657 2275 3718 illos

177 3767 282 3840 qui
338 3766 399 3822 in
451 3764 620 3823 falsis
671 3773 812 3824 sunt
861 3773 1148 3826 terrorem
1203 3769 1435 3826 incutit.
1526 3765 1755 3824 Exinde
1806 3777 2043 3840 quoque
2082 3764 2273 3836 patet,

177 3865 324 3940 quid
364 3863 732 3940 significatur
772 3886 885 3944 per
927 3866 1086 3944 quod
1125 3867 1320 3944 ejecto
1358 3867 1589 3925 Adamo
1638 3863 1763 3939 „ab
1801 3860 2057 3923 Oriente
2089 3855 2271 3920 Ede-

173 3963 282 4024 πίε
327 3961 620 4026 habitare
652 3967 830 4046 sacti
877 3967 1011 4028 sint
1057 3963 1327 4028 Olierubi
1341 4013 1359 4043 ,
1424 3969 1485 4024 et
1517 3963 1796 4042 flamma
1845 3957 2081 4023 aladii
2128 3959 2277 4022 hino

173 4063 326 4124 inde
369 4066 672 4126 vertentia
715 4073 776 4128 et
819 4066 1132 4129 vibrantis·
1182 4085 1250 4128 se
1295 4065 1387 4127 ad
1432 4062 1915 4126 custodiendum
1965 4061 2140 4124 viam
2184 4061 2277 4124 ad

175 4164 484 4226 Arborem
518 4167 734 4229 vitae“
786 4169 1025 4232 Genes:
1072 4169 1197 4228 III:
1252 4172 1373 4244 243
1424 4183 1537 4244 per
1576 4165 1851 4227 arborem
1886 4167 2048 4225 vitae
2084 4165 2273 4242 signi-

177 4264 388 4324 ficatur
449 4285 617 4327 amor
668 4269 982 4340 eoelestiS,
1061 4273 1164 4346 qui
1233 4275 1326 4330 est
1384 4284 1551 4327 amor
1610 4269 1671 4326 in
1730 4267 2051 4328 Dominum
2070 4286 2087 4339 3
2164 4281 2277 4340 per

280 4383 708 4440 Swedenborg,
754 4380 942 4441 Apocal.
975 4387 1087 4456 expi:
1123 4387 1155 4426 1.
1329 4369 1338 4377 ²
1879 4370 1954 4424 [2
