2700 4792
397 331 635 388 CAPUT
689 330 1098 390 SECUNDUM.
1401 288 1407 294 ¹
1751 329 1961 384 vnn&
2006 341 2059 392 2.
2242 344 2367 398 119.

213 493 523 556 dicuntur
560 491 736 562 mali,
789 492 1056 568 cogitant
1100 489 1288 566 maia3
1345 507 1457 568 per
1504 489 1697 560 malos
1747 492 1901 550 enim
1938 490 2351 570 intelliguntur

214 595 519 656 homines
557 594 662 668 qui
692 592 864 667 mali,
921 594 1010 650 ita
1049 607 1383 668 personae:
1438 590 1598 667 quod
1632 591 1767 650 talis
1806 594 2085 669 cogitatio
2139 592 2347 672 Ange-

209 695 436 756 lorum
473 695 582 764 sit,
636 699 730 752 est
763 695 911 769 quia
941 695 1004 750 in
1037 693 1336 768 sapientia
1370 691 1623 750 coelesti
1656 698 1825 766 sunt,
1882 699 1941 752 ct
1986 709 2060 752 ea
2099 696 2346 770 sapien·

213 798 328 856 tia
365 796 774 854 extensionem
809 793 996 852 habet
1027 795 1089 851 in
1127 794 1475 852 universum
1514 790 1790 867 Coelum,
1848 809 2033 870 quare
2078 795 2130 854 si
2178 797 2345 872 cogi-

215 901 446 956 tarent
480 895 880 954 determinate
917 893 994 952 ad
1027 909 1350 968 personaS,
1390 895 1616 968 periret
1648 892 1755 951 illa
1792 895 2086 967 extensio,
2126 899 2347 954 etcum

223 1013 320 1056 ea
357 1011 598 1072 quoque
629 993 946 1070 Sapientia
981 1010 1214 1053 eorum:
1269 992 1477 1052 in‘hoc
1514 992 1707 1050 differt
1740 993 2051 1070 spirituale
2094 1011 2131 1051 a
2164 1000 2343 1053 natu·-

224 1097 390 1156 rali:
453 1095 590 1154 inde
647 1111 805 1152 nunc
865 1101 987 1168 est,
1061 1092 1222 1170 quod
1273 1111 1387 1168 per
1446 1091 1635 1152 malos
1692 1093 2101 1168 significentur
2166 1094 2344 1152 mala.

223 1197 340 1256 De
377 1197 676 1272 sapientia
709 1195 1078 1270 Angelorum
1119 1194 1280 1270 quod
1315 1201 1565 1252 extensa
1602 1195 1681 1252 sit
1714 1195 1773 1251 in
1812 1195 2157 1254 universum
2187 1193 2344 1254 Coc-

228 1297 366 1359 lum
402 1313 516 1372 per
541 1296 603 1353 id
631 1295 792 1374 qued
827 1298 1088 1371 cogitent
1117 1294 1419 1354 abstracte
1458 1312 1495 1351 a
1530 1296 1755 1369 spatio,
1812 1300 2081 1370 tempore»
2120 1301 2180 1353 et
2216 1313 2343 1352 ma-

235 1397 472 1472 teriali,
538 1396 815 1456 videatur
861 1398 922 1455 in
972 1395 1172 1472 Opere
1228 1395 1302 1454 de
1351 1394 1555 1454 Ounno
1604 1411 1683 1453 m·
1732 1393 2007 1452 Inmane
2050 1412 2119 1452 n:
2186 1397 2343 1454 169.

255 1498 397 1554 191
443 1496 517 1554 ad
559 1500 586 1554 1
609 1498 718 1555 99.
763 1497 900 1555 265
934 1495 1010 1554 ad
1042 1496 1218 1568 275,
1267 1501 1328 1553 et
1364 1494 1527 1571 quod
1555 1494 1856 1556 abstracte
1893 1511 1930 1552 a
1956 1496 2247 1570 personiS,
2288 1497 2347 1552 in

243 1586 527 1657 Auchus
563 1595 986 1656 Connnsrrnus
1025 1614 1094 1654 n:
1153 1582 1367 1654 8343'.
1404 1595 1614 1654 8985.
1654 1596 1863 1664 9007.

410 1700 564 1756 100.
633 1699 712 1756 Et
763 1697 1171 1772 exploraveris
1234 1696 1513 1766 dicentes
1562 1711 1629 1754 se
1682 1711 1817 1754 esse
1870 1695 2231 1772 ApostoloS,
2290 1703 2349 1754 ct

235 1816 362 1858 non
405 1806 574 1870 sunt,
628 1815 700 1857 ac
737 1799 1042 1857 inveneris
1095 1813 1200 1862 eos
1238 1796 1584 1869 mendaces,
1642 1795 1801 1870 quod
1833 1795 2127 1872 significet
2166 1799 2347 1856 etiam

235 1899 401 1959 falsa
439 1905 728 1976 quantum
761 1904 1020 1974 possunt
1053 1898 1338 1972 scrutari,
1393 1901 1625 1956 constat
1660 1913 1736 1954 ex
1769 1897 2197 1973 significatione
2236 1915 2345 1956 ex-

235 2000 520 2077 plorare,
561 1997 724 2075 quod
758 2001 836 2056 sit
869 1998 1156 2074 indagare
1187 2004 1246 2056 et
1282 1999 1566 2072 scrutari3
1606 2013 1681 2054 ex
1714 1996 2143 2072 significatione
2173 1997 2345 2073 Apo·-

233 2100 561 2175 stolorum,
611 2098 772 2176 quod
809 2101 929 2158 sint
969 2100 1072 2174 qui
1111 2097 1328 2158 docent
1367 2115 1515 2156 vera
1548 2097 1895 2168 Ecclesiae,
1948 2103 2008 2156 et
2046 2096 2347 2156 abstracte

239 2219 282 2258 a
315 2202 594 2278 personis
625 2201 760 2275 ipsa
799 2215 948 2257 vera
985 2215 1140 2274 quae
1181 2198 1500 2273 docentur,
1557 2196 1631 2256 de
1669 2215 1790 2280 qua
1824 2200 2123 2274 sequitur3
2180 2203 2238 2255 et
2274 2215 2348 2254 ex

239 2301 678 2378 significatione
715 2317 836 2358 non
873 2315 1040 2372 esse,
1094 2306 1154 2357 et
1189 2301 1441 2358 inveniri
1477 2297 1829 2372 mendaceS,
1884 2296 2043 2374 quod
2078 2299 2197 2355 sint
2230 2315 2349 2354 non

237 2419 398 2461 vera
434 2400 548 2460 sed
581 2400 760 2473 falsa,
803 2399 1174 2458 mendacium
1214 2401 1369 2458 enim
1408 2405 1469 2458 et
1496 2397 1750 2456 mendax
1789 2397 2084 2474 significat
2108 2395 2347 2467 falsum,

247 2518 319 2558 nx
379 2501 592 2558 8908.
649 2501 869 2575 92483
923 2517 1002 2558 ex
1035 2500 1128 2558 his
1171 2506 1231 2558 et
1263 2496 1765 2576 praecedentibus
1818 2503 2095 2556 constare
2128 2503 2346 2573 potest,

251 2599 420 2676 quod
451 2616 564 2676 per
597 2601 736 2656 novi
770 2599 924 2674 quod
962 2618 1080 2659 non
1123 2601 1321 2676 possis
1362 2599 1519 2658 serre
1562 2596 1753 2656 malos
1766 2641 1783 2672 ,
1837 2603 1897 2654 et
1934 2596 2346 2672 exploraveris

241 2701 520 2762 dicentes
560 2716 628 2759 se
659 2716 794 2758 esse
819 2700 1144 2776 Apostolos
1175 2706 1235 2760 et
1258 2717 1377 2760 non
1412 2705 1569 2773 sunt,
1601 2713 1673 2758 ac
1702 2697 2001 2756 inveneris
2042 2712 2143 2754 eos
2178 2712 2346 2755 men-

239 2802 450 2876 daces,
490 2800 861 2877 signiflcetur
897 2800 1054 2877 quod
1089 2801 1363 2878 rejiciant
1392 2798 1553 2858 mala
1590 2803 1649 2858 et
1685 2814 1923 2874 quoque
1960 2796 2115 2856 falsa
2156 2812 2349 2873 quan·-

239 2909 373 2962 tum
421 2906 680 2979 possunt
727 2905 1018 2978 scrutari,
1073 2905 1269 2978 agitur
1323 2903 1479 2962 enim
1515 2902 1578 2960 in
1624 2902 1697 2958 iis
1736 2916 1891 2975 quae
1935 2898 2161 2974 scripta
2214 2902 2353 2954 sunt

244 3003 328 3061 ad
357 3002 510 3062 hanc
549 3000 887 3062 Ecclesiam
935 3002 1009 3062 de
1051 3002 1169 3061 illis
1219 3004 1320 3079 qui
1368 3004 1429 3060 in
1466 3000 1899 3076 cognitionibus
1949 3001 2079 3058 veri
2121 3005 2181 3060 et
2212 2997 2353 3056 boni

251 3108 422 3177 sunt,
469 3105 554 3162 ita
587 3105 648 3161 in
675 3103 1115 3178 cognitionibus
1153 3103 1361 3162 talium
1394 3119 1547 3177 quae
1588 3100 1757 3160 Coeli
1796 3107 1856 3158 et
1888 3099 2219 3174 Ecclesiae,
2256 3102 2351 3156 vi-

246 3201 463 3260 deatur
496 3219 682 3280 supra
733 3220 800 3259 n:
857 3205 965 3277 93,
1007 3203 1144 3262 ideo
1187 3203 1262 3262 de
1301 3203 1421 3262 illis
1460 3202 1557 3260 hic
1594 3203 1850 3277 primum
1892 3201 2135 3276 dicitur,
2193 3199 2353 3282 quod

245 3302 521 3380 rejiciant
559 3303 759 3373 mala,
793 3310 855 3362 et
883 3311 1171 3379 quantum
1209 3304 1464 3363 scrutari
1498 3309 1756 3378 possunt
1791 3305 1971 3360 etiam
2010 3301 2180 3376 falsa,
2219 3317 2357 3358 nam

237 3405 497 3464 interest
522 3403 761 3462 illorum
789 3405 892 3479 qui
919 3405 982 3462 in
1009 3403 1445 3480 cognitionibus
1483 3410 1821 3461 sanctorum
1855 3401 2165 3460 Ecclesiae
2194 3403 2351 3473 sunt,

235 3506 502 3582 primum
545 3505 608 3560 in
641 3521 862 3580 genere
910 3507 1064 3567 scire
1117 3505 1260 3581 quid
1311 3503 1531 3562 bonum
1590 3509 1650 3562 et
1700 3521 1945 3574 verum,
2004 3505 2065 3558 et
2116 3513 2355 3574 quoque

237 3603 394 3682 quid
425 3604 650 3662 malum
705 3610 767 3662 ct
819 3603 1038 3664 falsum
1057 3649 1075 3680 ,
1147 3622 1286 3664 nam
1327 3621 1515 3680 super
1562 3605 1895 3680 cognitione
1944 3600 2181 3657 illorum
2215 3597 2353 3654 fun-

238 3705 466 3764 dantur
501 3719 710 3764 onmes
739 3707 1111 3782 cognitiones
1138 3705 1438 3781 reliquae;
1477 3702 1699 3763 idcirco
1738 3702 1915 3760 etiam
1942 3700 2005 3756 in
2029 3698 2358 3756 Docrnnu

233 3805 464 3866 Novnn
509 3804 1000 3866 Hmnosonvmn
1050 3807 1312 3866 omnium
1360 3806 1553 3881 primo
1600 3808 1799 3860 actum
1840 3804 1933 3856 est
1973 3798 2045 3856 de
2085 3797 2252 3858 Bono
2296 3802 2358 3854 et

234 3905 442 3980 Vero,
501 3923 576 3964 n:
633 3908 714 3963 11
754 3907 832 3966 ad
865 3910 978 3977 27,
1028 3923 1100 3968 ex
1139 3906 1355 3984 quibus
1394 3907 1575 3964 etiam
1606 3905 1803 3978 patet,
1853 3900 1997 3974 quid
2032 3897 2259 3958 Malum
2298 3904 2360 3958 et

233 4005 516 4068 Falsum.
612 4004 794 4080 Quod
841 4025 956 4085 per
1013 4006 1344 4084 Apostolos
1406 4002 1814 4080 significentur
1862 3999 1949 4058 illi
1999 4002 2101 4078 qui
2142 4000 2359 4058 docent

232 4123 394 4164 vera
451 4105 797 4183 Ecclesiae,
873 4115 968 4168 cst
1022 4111 1164 4185 quia
1213 4103 1497 4183 Apostoli
1562 4101 1703 4161 dicti
1753 4108 1892 4160 sunt
1942 4102 2017 4160 ab
2080 4119 2149 4160 eo
2202 4098 2360 4176 quod

229 4207 412 4268 missi
439 4208 561 4265 sint
603 4205 681 4266 ad
720 4208 1054 4270 docendum
1099 4214 1160 4268 et
1195 4207 1272 4266 ad
1315 4202 1849 4282 evangelizandum
1892 4202 1967 4262 de
2008 4202 2263 4260 Domino
2302 4205 2361 4257 ct
