2700 4792
413 358 522 412 490
837 345 1332 404 ArocALYPsis
1374 344 1808 404 EXPLIGATA.
1876 345 1921 416 ς.
1964 353 2093 408 282.

407 509 658 568 interno.
727 494 912 583 'Apud
955 505 1198 584 Esajam
1265 549 1304 582 „
1329 503 1515 568 Sicut
1552 523 1705 568 aves
1752 499 2067 575 volantes,
2118 503 2217 566 sic
2240 511 2563 588 proteyet

409 603 695 668 Jelwvah
727 603 1012 668 Zebaoth
1047 603 1619 688 Hierosolymam“
1672 604 1926 666 XXXI:
1974 607 2049 682 53
2086 605 2303 666 dicitur
2339 606 2382 668 J
2386 609 2553 668 eho-

411 706 532 766 vah
562 712 882 783 protegere
917 705 1399 784 Hierosolymam
1418 750 1436 778 ,
1486 709 1644 766 sicut
1690 721 1837 766 aves
1887 705 2195 779 volantes,
2246 723 2383 766 nam
2424 727 2550 784 per

408 812 726 885 protegere
761 805 1130 884 significatur
1162 806 1383 866 Divina
1416 804 1801 868 Providentia
1848 805 2051 883 quoad
2084 805 2324 864 tutelam
2340 850 2357 878 ,
2418 825 2543 884 per

409 905 892 984 Hierosolymam
927 905 1297 984 significatur
1321 907 1611 982 Ecclesia,
1664 912 1726 966 et
1750 922 1861 984 per
1886 923 2035 966 aves
2060 906 2352 974 voiantes,
2390 923 2539 966 cum

413 1006 634 1087 quibus
668 1006 734 1066 fit
761 1009 1143 1086 comparatio,
1182 1007 1551 1084 significatur
1585 1008 2036 1084 circumspectio
2072 1013 2135 1066 et
2165 1009 2541 1082 praesentia,

211 1113 378 1176 [323]
419 1109 554 1178 hic,
607 1109 746 1185 quia
781 1107 856 1168 de
888 1106 1177 1182 Domino,
1217 1105 1755 1186 omnipraesentia.
1808 1105 1879 1166 In
1911 1105 2283 1184 Apocalypsi
2314 1149 2355 1180 „
2379 1101 2551 1168 Vidi

409 1214 474 1270 et
507 1206 739 1270 audivi
779 1227 978 1270 unum
1001 1203 1324 1288 Amyclam
1362 1205 1673 1269 volantem
1708 1225 1823 1286 per
1866 1205 2147 1268 medium
2184 1202 2380 1278 Coeli,
2430 1205 2543 1268 di·

413 1315 648 1370 centem
683 1325 826 1368 voce
859 1325 1130 1388 magma,
1179 1326 1295 1368 vae
1329 1326 1445 1370 vae
1486 1306 1717 1370 ineolis
1754 1309 2003 1368 tem-affl
2053 1305 2241 1366 VIII:
2286 1309 2314 1364 1
2336 1308 2373 1365 3
2402 1326 2421 1364 ι
2480 1313 2546 1368 et

413 1410 558 1470 alibi
606 1451 645 1484 ,‚
686 1405 842 1470 Vidi
889 1405 1096 1469 alium
1135 1405 1463 1488 Anyelum
1512 1405 1825 1470 volantem
1863 1426 1987 1488 per
2036 1405 2319 1467 medium
2354 1404 2545 1468 C‘oeli

411 1508 734 1572 habentem
781 1505 1220 1588 Evanyelium
1257 1514 1607 1580 aeternum,
1670 1513 1744 1572 ut
1794 1503 2257 1588 evanqeliqmt
2302 1505 2543 1594 incolis

413 1611 664 1672 tas-affl
717 1608 902 1668 XIV:
947 1613 1023 1686 63
1061 1627 1172 1687 per
1201 1613 1463 1688 priorem
1488 1608 1789 1688 Angelum
1822 1607 2191 1684 significatur
2227 1608 2539 1669 damnatio

413 1713 674 1772 omnium
739 1711 840 1784 qui
899 1712 962 1768 in
1025 1710 1198 1768 malis
1234 1717 1405 1786 sunt,
1464 1717 1524 1770 et
1572 1729 1683 1788 per
1716 1710 1971 1770 alterum
2004 1709 2307 1786 Angelum
2340 1713 2536 1787 signi-

410 1809 624 1871 fleatur
659 1808 913 1868 salvatio
949 1811 1209 1868 omnium
1271 1813 1375 1887 qui
1426 1813 1488 1870 in
1531 1811 1689 1872 bono
1725 1814 1898 1884 sunt3
1948 1814 2059 1887 per
2094 1810 2301 1870 volare
2337 1813 2531 1888 signi-

409 1911 623 1972 ficatur
679 1910 1132 1986 circumspectio
1192 1911 1590 1989 undequaque
1666 1911 1772 1971 ubi
1812 1916 1968 1970 sunt.
2054 1909 2239 1987 Apud
2282 1909 2533 1987 Esajam

281 2075 295 2088 ‚
412 2007 696 2086 „Omnia
737 2027 970 2088 peoora
998 2007 1290 2071 'Arabiae
1335 2011 1885 2092 conyreyabuntur
1926 2008 2072 2085 tibi,
2126 2009 2359 2072 arietes
2392 2009 2531 2070 Ne-

411 2107 625 2193 bajoth
664 2108 1122 2172 ministrabunt
1159 2112 1280 2172 tibi
1290 2131 1319 2182 ,·
1384 2112 1497 2190 qui
1538 2109 1675 2186 illi,
1724 2110 1893 2176 sicut
1930 2110 2126 2172 nubes
2162 2107 2409 2186 volant,
2468 2116 2531 2172 et

411 2211 581 2272 sicut
615 2207 932 2272 columbae
977 2210 1067 2272 ad
1088 2212 1418 2292 fenestras
1426 2213 1465 2246 (ί
1530 2212 1665 2274 LX:
1712 2217 1769 2272 7.
1812 2213 1881 2287 83
1936 2213 2135 2288 agitur
2168 2211 2253 2272 ibi
2301 2210 2375 2270 de
2411 2212 2527 2270 ad-

410 2317 594 2371 ventu
617 2311 890 2388 Domini,
931 2318 994 2370 et
1027 2313 1101 2372 de
1127 2313 1527 2374 illustratione
1564 2315 1829 2390 gentium
1862 2317 2036 2388 tunc;
2078 2318 2139 2372 et
2171 2329 2281 2390 per
2306 2329 2531 2389 pecora

411 2411 672 2478 Arabiae
709 2429 864 2489 quae
901 2413 1426 2490 congregabuntur
1452 2413 1865 2491 significantur
1890 2415 2259 2490 cognitiones
2297 2414 2425 2472 veri
2466 2419 2531 2472 et

411 2513 580 2589 boni3
616 2531 727 2590 per
747 2504 984 2574 Arietes
1011 2513 1312 2590 Nebajoth
1345 2517 1450 2591 qui
1476 2513 1910 2589 ministrabunt,
1948 2512 2358 2590 significantur
2379 2529 2531 2574 vera

416 2631 572 2693 quae
607 2615 789 2672 vitam
855 2629 929 2672 ex
965 2613 1274 2673 affectione
1324 2614 1621 2691 spirituali
1670 2613 1924 2690 ducunt3
1979 2613 2333 2691 pervolare
2368 2615 2529 2673 sicut

411 2713 634 2790 nubeS‚
691 2720 751 2772 et
796 2714 952 2773 sicut
986 2706 1298 2774 columbae
1339 2715 1419 2773 ad
1450 2715 1775 2789 fenestras,
1820 2713 2183 2790 significatur
2213 2713 2525 2787 inquisitio

415 2821 480 2875 et
510 2814 941 2892 pervestigatio
1001 2817 1132 2874 veri
1181 2830 1254 2874 ex
1289 2832 1474 2875 sensu
1507 2815 1719 2875 literae
1758 2815 1975 2890 Verbi3
2026 2811 2164 2872 inde
2200 2814 2377 2872 etiam
2405 2829 2527 2889 per

412 2915 618 2975 volare
653 2914 1021 2989 significatur
1051 2917 1535 2992 circumspectio-3
1573 2933 1681 3000 per
1714 2916 1933 2975 nubem
1968 2916 2124 2975 enim
2160 2910 2532 2990 significatur

414 3029 629 3072 sensus
663 3013 876 3074 literae
911 3014 1132 3084 Verbi,
1185 3033 1298 3092 per
1347 3015 1657 3077 columbas
1720 3017 1955 3084 affectio
1990 3017 2121 3075 veri
2170 3015 2526 3092 spiritualis,

413 3118 476 3172 et
507 3129 618 3189 per
651 3112 949 3172 fenestras
985 3130 1196 3175 verum
1229 3116 1291 3174 in
1324 3116 1499 3183 luce;
1552 3115 1713 3193 quod
1747 3116 1885 3176 talis
1921 3131 2137 3176 sensus
2168 3117 2289 3177 illis
2326 3116 2528 3178 verbis

411 3213 568 3284 insit,
607 3216 882 3271 constare
917 3219 1119 3288 potest
1155 3231 1228 3274 ex
1255 3216 1689 3292 significatione
1722 3232 2009 3294 pecorum
2036 3216 2318 3290 Arabiae,
2356 3218 2524 3276 arie-

412 3319 540 3371 tum
571 3309 892 3387 Nebajoth‚
931 3312 1136 3387 nubis,
1177 3314 1587 3376 columbarum
1623 3324 1684 3378 et
1714 3319 2131 3378 fenestrarum.
2184 3317 2369 3393 Apud
2392 3315 2521 3376 Da·-

413 3413 612 3474 videm
649 3456 687 3489 „
701 3408 926 3473 Timor
960 3416 1020 3472 et
1065 3417 1297 3476 tremor
1333 3415 1502 3477 venit
1540 3437 1731 3497 saper
1766 3435 1891 3492 me,
1944 3414 2115 3478 unde
2146 3416 2301 3479 dimi
2309 3462 2328 3493 ,
2380 3415 2524 3496 quis

413 3513 594 3576 dabit
631 3511 795 3576 mihi
831 3509 1009 3574 alam
1045 3513 1215 3576 sicut
1251 3512 1583 3592 columbae,
1626 3515 1887 3579 avolabo
1910 3515 2022 3579 uhi
2058 3515 2360 3590 habitem
2394 3533 2520 3577 ecoe

411 3613 709 3695 clonyabo
744 3613 1002 3693 ‘caym-i,
1040 3617 1418 3694 pernoctabo
1456 3617 1527 3678 in
1566 3617 1809 3680 deserto
1819 3621 1858 3652 “
1908 3615 2145 3678 Psalm:
2182 3618 2311 3678 LV:
2354 3621 2406 3676 6.
2450 3619 2481 3674 7
2498 3661 2511 3673 .

419 3717 490 3792 8;
529 3718 724 3792 agitur
756 3716 842 3774 ibi
876 3715 952 3776 de
981 3715 1333 3778 Tentatione
1374 3725 1433 3778 et
1470 3718 1543 3778 dc
1579 3721 1859 3796 angustia
1892 3723 2055 3794 tunc,
2092 3721 2269 3780 timor
2308 3723 2369 3778 et
2392 3723 2519 3776 tre-

412 3833 542 3886 mor
576 3815 914 3893 signfficant
945 3815 1110 3876 illam
1145 3821 1480 3895 angustiam
1494 3838 1511 3894 3
1564 3819 1875 3896 inquisitio
1911 3820 2041 3880 veri
2088 3825 2257 3888 tunc,
2311 3825 2371 3878 et
2404 3819 2519 3877 cir-

413 3920 780 3995 cumspectio
819 3934 938 3994 quo
969 3933 1036 3978 se
1063 3924 1278 3994 vertat,
1317 3919 1685 3995 significatur
1708 3937 1821 3997 per
1846 3921 1981 3997 quis
2008 3919 2175 3979 dabit
2200 3919 2347 3978 mihi
2371 3917 2523 3978 alam

413 4018 570 4076 sieut
613 4017 954 4092 columbae,
1009 4017 1264 4078 avolabo
1313 4018 1419 4078 ubi
1460 4018 1750 4096 habitem,
1804 4020 1903 4080 ala
1938 4019 2249 4081 columbae
2298 4025 2393 4080 est
2429 4018 2521 4077 ai-

411 4114 593 4173 fectio
618 4119 750 4175 veri
775 4118 1124 4193 spiritualis,
1155 4119 1399 4180 avolare
1427 4121 1530 4183 ubi
1554 4120 1821 4181 habitem
1850 4130 1945 4182 est
1967 4137 2081 4197 per
2102 4120 2271 4180 illam
2296 4121 2525 4197 eripere

415 4214 601 4276 vitam
648 4230 686 4272 a
731 4215 1108 4278 damnatione
1121 4238 1138 4294 ;
1195 4221 1455 4282 nondum
1512 4238 1653 4298 spes
1701 4221 2108 4296 liberationis,
2158 4219 2525 4299 significatur
