2700 4792
425 379 542 436 256
851 367 1344 424 APOCALYPSIS
1387 369 1817 424 EXPLICATA.
1858 369 1905 438 §.
1944 378 2071 432 181.

424 528 675 603 audiat,
729 527 885 607 quid
923 527 1200 608 spiritus
1240 526 1405 588 dicit
1436 523 1769 588 Ecclesiis.
1830 527 1905 587 Et
1944 526 2173 604 Angelo
2218 530 2278 586 in
2308 527 2487 588 Sardi·

423 629 538 690 bus
599 629 911 688 Ecclesiae.
969 629 1194 702 scribe,
1283 627 1583 704 significat
1640 627 1778 686 illos
1844 630 1945 704 qui
2004 627 2281 688 moralem
2331 630 2491 688 vitam

426 735 643 806 agunt,
693 729 804 788 sed
837 745 956 788 non
991 727 1394 806 spiritualem,
1448 730 1591 804 quia
1631 730 1804 805 parvi
1852 727 2120 803 pendunt
2163 729 2490 804 cognitiones

425 828 859 906 spiritualium,
909 835 970 888 et
1001 828 1138 890 inde
1173 827 1627 904 intelligentiam
1666 835 1727 886 et
1764 829 2152 905 sapientiam:
2197 828 2339 888 haec
2376 829 2493 888 dicit

425 928 656 990 habens
688 934 920 1005 septem
957 931 1203 1005 spiritus
1238 928 1376 1003 Dei,
1430 928 1724 1004 significat
1758 929 2079 988 Dominum
2120 947 2193 988 ex
2228 926 2350 1004 Quo
2384 945 2490 988 om-

427 1032 528 1088 nia
563 1045 709 1090 vera
753 1027 921 1088 Coeli
961 1035 1023 1088 et
1069 1029 1415 1088 Ecclesiae:
1480 1034 1541 1087 et
1584 1033 1821 1105 septem
1865 1027 2119 1100 StellaS,
2168 1027 2437 1104 significat
2464 1043 2493 1086 a

431 1129 564 1206 Quo
603 1145 806 1188 omnes
843 1131 1212 1206 cognitiones
1247 1132 1377 1188 veri
1416 1134 1477 1188 et
1509 1128 1679 1188 boni:
1719 1130 1862 1188 novi
1894 1135 2001 1188 tua
2038 1145 2252 1206 opera,
2296 1127 2490 1206 signifi-

429 1236 526 1289 cat
570 1229 676 1288 illa
723 1246 876 1306 quae
925 1246 1131 1288 eorum
1179 1231 1338 1289 vitae
1388 1234 1557 1288 sunt:
1634 1228 1794 1305 quod
1840 1246 2060 1293 nomen
2100 1228 2319 1288 habeas
2362 1227 2493 1304 quod

427 1331 598 1388 vivas
637 1335 699 1389 et
729 1336 998 1390 mortuus
1036 1346 1122 1405 e8‚
1163 1329 1459 1406 significat
1494 1329 1670 1405 quale
1711 1331 2090 1406 cogitationis
2128 1329 2280 1405 quod
2310 1333 2490 1406 putent

427 1446 494 1488 se
530 1433 702 1490 vivos
731 1446 886 1506 esse,
927 1431 1072 1506 quia
1111 1429 1401 1491 moralem
1426 1436 1611 1507 agunt
1645 1432 1849 1505 vitam,
1904 1447 2041 1490 cum
2082 1435 2277 1493 tamen
2310 1430 2494 1488 mortui

227 1544 388 1608 [170]
429 1537 596 1590 sunt:
651 1536 782 1589 esto
824 1530 1106 1606 vigilans,
1167 1529 1461 1606 significat
1510 1536 1577 1586 ut
1630 1531 1815 1588 vitam
1872 1530 1989 1590 sibi
2042 1535 2397 1608 comparent:
2446 1533 2492 1586 et

429 1631 710 1690 confirma
749 1630 984 1706 reliqua
1023 1647 1177 1705 quae
1223 1632 1542 1699 moritura,
1598 1629 1893 1706 significat
1936 1637 2003 1689 ut
2048 1631 2157 1690 illa
2190 1647 2337 1708 quae
2379 1633 2491 1688 sunt

426 1730 668 1790 moralis
700 1733 862 1789 vitae
904 1730 1309 1789 vivificentur:
1370 1748 1489 1790 non
1532 1733 1686 1798 enim
1724 1732 1927 1790 inveni
1974 1738 2082 1791 tua
2126 1747 2304 1808 opera
2340 1729 2489 1806 plena

427 1847 629 1890 coram
667 1831 822 1899 Deo,
871 1829 1168 1906 significat
1203 1830 1363 1905 quod
1398 1831 1661 1906 alioquin
1698 1847 1816 1890 non
1848 1830 2137 1890 Divinum
2181 1835 2255 1890 sit
2297 1832 2353 1888 in
2390 1829 2491 1886 vita

426 1929 670 1988 morali:
730 1937 1024 1988 memento
1069 1932 1249 2006 igitur
1295 1930 1591 2006 quomodo
1652 1935 1963 2008 acceperis
2003 1939 2068 1992 et
2114 1930 2385 2003 audieris,
2442 1933 2489 1986 et

429 2030 702 2104 observa,
754 2030 1048 2106 significat
1078 2030 1551 2091 recordationem
1587 2031 1727 2108 quid
1752 2031 2049 2092 Dominus
2090 2035 2152 2092 in
2176 2030 2365 2091 Verbo
2400 2028 2487 2089 do·

423 2137 537 2200 cet,
587 2137 646 2190 et
679 2132 1098 2190 attentionem:
1143 2141 1202 2190 et
1233 2133 1545 2209 resipisce,
1582 2131 1875 2208 significat
1906 2136 1995 2192 sic
2025 2137 2208 2192 vitam
2242 2133 2487 2208 spiritua·

423 2231 575 2290 lem:
635 2233 686 2288 si
728 2249 867 2307 ergo
917 2248 1036 2290 non
1081 2231 1459 2308 vigilaveris,
1510 2231 1804 2308 significat
1848 2236 1901 2292 si
1948 2251 2070 2294 non
2117 2236 2293 2292 vitam
2336 2230 2484 2307 spiri-

423 2331 648 2390 tualem
704 2348 1044 2408 compares:
1103 2335 1339 2390 veniam
1384 2349 1567 2408 super
1622 2337 1679 2392 te
1728 2339 2013 2410 tanquam
2062 2335 2180 2409 fur,
2239 2329 2486 2408 significat

422 2439 661 2508 tempus
713 2433 1112 2509 inopinatum,
1201 2433 1438 2507 quando
1502 2435 1835 2508 eripientur
1900 2451 2109 2496 omnes
2162 2419 2485 2510 cognitiones

422 2538 806 2609 comparatae
845 2550 917 2592 ex
953 2532 1186 2607 Verb0,
1253 2550 1409 2608 quae
1447 2551 1562 2590 non
1610 2534 1987 2611 spiritualem
2040 2537 2221 2594 vitam
2270 2531 2485 2607 adeptae

422 2640 596 2692 sunt:
649 2641 710 2692 et
748 2635 983 2692 nescies
1021 2650 1143 2708 qua
1186 2632 1336 2692 hora
1370 2636 1605 2692 veniam
1642 2649 1828 2710 super
1875 2641 1967 2704 te,
2020 2635 2309 2713 significat
2343 2633 2483 2708 igno-

421 2736 676 2792 rantiam
715 2733 876 2792 illius
929 2735 1216 2809 temporis
1255 2739 1314 2792 et
1365 2740 1559 2794 status
1596 2740 1768 2794 tunc:
1830 2734 2021 2793 habes
2062 2752 2255 2811 pauca
2286 2732 2485 2790 nomina

423 2836 601 2892 etiam
641 2835 700 2891 in
741 2833 1062 2908 Sardibus,
1129 2851 1288 2910 quae
1327 2851 1447 2894 non
1491 2836 1953 2912 inquinaverunt
1990 2837 2340 2896 vestimenta
2378 2844 2481 2900 sua,

422 2933 716 3009 significat
757 2933 892 2992 illos
934 2935 1036 3010 qui
1071 2939 1255 3010 agunt
1297 2936 1484 2992 vitam
1528 2935 1816 2994 moralem
1854 2953 1929 2996 ex
1965 2937 2190 3012 origine
2228 2926 2483 3010 spirituali

421 3049 533 3108 per
569 3031 727 3107 quod
779 3035 1144 3109 cognitiones
1189 3035 1317 3092 veri
1366 3040 1425 3092 et
1461 3035 1601 3094 boni
1644 3035 1951 3111 applicent
1987 3035 2197 3095 usibus
2245 3048 2378 3093 suae
2409 3029 2479 3086 vi-

423 3138 551 3190 tae:
607 3138 669 3190 et
704 3131 1090 3191 ambulabunt
1127 3133 1367 3193 Mecum
1409 3137 1468 3192 in
1508 3135 1689 3208 albis,
1738 3138 1879 3210 quia
1926 3135 2090 3213 digni
2128 3140 2289 3204 sunt,
2326 3128 2479 3206 signi-

419 3231 560 3290 ficat
591 3233 779 3289 vitam
819 3249 1024 3290 eornm
1064 3234 1437 3310 spiritualem
1473 3251 1629 3312 quae
1672 3233 1791 3294 illis
1829 3251 1941 3314 per
1980 3238 2335 3313 cognitiones
2377 3225 2479 3287 veri

421 3338 482 3390 et
517 3331 656 3390 boni
706 3347 781 3390 ex
827 3331 1060 3392 Verbo:
1131 3335 1407 3409 vincens,
1471 3334 1764 3412 signifieat
1812 3337 1913 3412 qui
1960 3341 2275 3414 permanet
2319 3340 2479 3404 usque

418 3432 496 3490 ad
534 3439 813 3492 mortem:
867 3435 918 3492 is
949 3435 1240 3493 vestietur
1273 3436 1334 3492 in
1370 3436 1739 3494 vestimentis
1779 3435 1962 3511 albiS,
2012 3435 2297 3514 significat
2332 3425 2477 3488 intel-

415 3533 722 3612 ligentiam
774 3541 834 3592 et
885 3535 1238 3610 saplentiam
1289 3535 1621 3594 secundum
1660 3553 1806 3596 vera
1860 3543 1920 3595 et
1965 3553 2169 3596 eorum
2214 3529 2472 3606 receptio-

415 3651 583 3694 nem:
634 3639 694 3693 et
730 3651 848 3693 non
873 3633 1088 3694 delebo
1123 3650 1339 3693 nomen
1376 3636 1505 3713 ejus
1546 3653 1579 3696 e
1612 3635 1765 3695 libro
1802 3638 1983 3711 vitae,
2028 3635 2312 3714 significat
2349 3621 2479 3705 quod

415 3737 476 3793 in
525 3733 706 3794 Coelo
765 3741 938 3794 erunt
987 3737 1128 3811 quia
1173 3737 1229 3792 ei
1287 3736 1747 3794 accommodati:
1822 3743 1883 3796 et
1930 3737 2251 3796 confitebor
2297 3739 2476 3788 nomen

416 3835 548 3912 ejus
577 3853 776 3896 coram
810 3835 990 3894 Patre
1027 3852 1178 3909 me0,
1231 3841 1291 3894 et
1319 3853 1521 3895 coram
1546 3835 1797 3913 Angelis
1830 3837 1984 3913 ejuS,
2040 3835 2320 3914 significat
2343 3819 2473 3904 quod

415 3937 478 3993 in
509 3934 728 3996 Divino
763 3936 931 3995 Bono
969 3942 1030 3996 et
1058 3935 1196 3994 inde
1232 3938 1306 3994 in·
1326 3936 1547 3995 Divino
1584 3936 1749 3996 Vero
1790 3943 1992 3996 erunt:
2043 3937 2263 3997 habens
2303 3937 2474 3987 aurem

417 4031 624 4092 audiat
657 4035 800 4110 quid
833 4039 1077 4113 spiritus
1116 4036 1257 4095 dicit
1289 4037 1599 4112 Ecclesiis,
1643 4037 1940 4114 significat
1981 4037 2138 4114 quod
2166 4033 2260 4112 qui
2290 4021 2472 4088 intelli-

417 4134 505 4206 git
541 4132 837 4192 auscultet
881 4136 1023 4210 quid
1061 4136 1346 4196 Divinum
1392 4137 1619 4196 Verum
1668 4138 2003 4213 procedens
2040 4156 2077 4198 a
2110 4133 2345 4196 Domino
2380 4122 2468 4181 ἅθ’

423 4233 526 4286 cet·
567 4234 626 4286 et
671 4228 813 4289 dicit
861 4233 980 4292 illis
1023 4237 1124 4310 qui
1174 4236 1248 4294 ab
1299 4237 1576 4296 Ecclesia
1618 4237 1827 4314 Ipsius
1874 4245 2031 4299 sunt.

1906 4445 1923 4482 Ι
