2700 4792
25 517 55 556 ν

363 350 598 408 CAPUT
651 349 952 408 PRIMUM.
1612 375 1617 378 ·
1734 351 1945 408 VERS:
1998 363 2083 416 16.
2241 366 2309 418 87

195 511 422 576 stellae
460 509 796 588 signifi-cant
845 507 990 568 alibi
1039 509 1100 566 in
1149 505 1355 568 Verbo
1406 507 1507 568 ubi
1540 512 1945 578 nominantur:
2002 515 2067 570 ut
2112 513 2171 570 in
2192 521 2309 572 'se-

191 611 526 692 quentibus
559 611 656 670 his
688 609 838 668 locis
854 627 872 683 3
927 607 1090 684 apud
1135 607 1383 684 Esajam
1436 605 1732 682 „Ponam
1781 607 2049 670 Tem-am
2094 609 2164 670 in
2198 631 2311 674 va·-

195 712 522 789 stitatem,
577 713 652 770 ut
689 713 1050 788 peccatores
1093 706 1230 790 ejas
1264 706 1503 786 perdat
1548 727 1627 768 ecc
1674 728 1748 769 ea
1762 731 1782 768 .·
1806 707 2060 770 ·stellae
2102 708 2305 772 caelo-

195 831 356 876 rum
385 816 448 870 et
481 808 700 870 sidera
733 827 950 870 emm
999 824 1124 867 non
1177 797 1465 868 lucebunt
1503 803 1639 868 luce
1669 828 1795 870 sua
1807 829 1834 881 ,⁰
1888 809 2305 872 obtenebrabi-

197 919 318 974 tm·
367 908 482 971 Sol
526 909 600 970 in
641 913 786 969 ortu
839 927 985 982 suo,
1041 912 1100 966 et
1132 905 1330 969 Isana
1371 926 1497 968 non
1528 905 1850 986 splendere
1871 909 2078 988 faciet
2110 907 2310 970 lucem

195 1012 441 1074 εἰιααη(ί
478 1009 666 1070 XIII:
712 1012 771 1068 9.
819 1011 940 1084 10;
979 1011 1176 1084 agitur
1200 1008 1284 1067 ibi
1311 1007 1385 1068 de
1414 1011 1750 1068 vastatione
1786 1007 2116 1080 Ecclesiae,
2153 1027 2309 1086 quae

197 1119 300 1173 est
335 1127 470 1170 cum
497 1127 618 1168 non
655 1109 911 1185 amplius
947 1108 1166 1168 bonum
1205 1109 1427 1166 amoris
1464 1111 1529 1168 et
1558 1126 1705 1166 vera
1740 1107 1883 1168 fidei
1901 1128 1917 1184 3
1956 1116 2115 1168 terra
2152 1127 2309 1186 quae

196 1215 268 1271 in
301 1212 648 1269 vastitatem
681 1216 942 1286 ponetur
977 1216 1072 1266 est
1112 1207 1391 1266 Ecclesia
1401 1226 1419 1282 3
1472 1208 1633 1284 quod
1668 1208 1860 1268 Terra
1894 1211 1972 1267 sit
2012 1209 2305 1284 Ecclesia,

198 1311 481 1370 videatur
507 1326 694 1385 supra
715 1327 786 1368 n:
828 1311 940 1368 29.
996 1306 1178 1384 Apud
1213 1307 1595 1367 Ezechielem
1622 1305 1979 1386 „Obteyam
2012 1325 2155 1369 cam
2188 1328 2304 1370 ex-

201 1409 494 1471 stincte-ro
521 1413 580 1468 te
615 1405 892 1486 [coeloe,]
923 1412 982 1467 et
1007 1407 1230 1466 atrabo
1264 1403 1534 1483 Stellas,
1573 1405 1784 1468 Solem
1809 1407 1967 1490 nuce
2002 1409 2303 1490 obteyam„

205 1514 271 1570 et
303 1506 498 1570 Dum
538 1527 660 1569 non
703 1506 908 1570 lucere
925 1507 1133 1588 faciet
1169 1504 1371 1568 lucem
1414 1525 1605 1568 suam
1616 1528 1645 1578 ;
1698 1506 1913 1568 omnia
1952 1505 2308 1570 luminaria

207 1607 381 1672 lueis
443 1609 658 1669 atrabo
719 1627 912 1687 super
962 1613 1053 1679 te,
1135 1611 1198 1667 et
1257 1605 1419 1668 dabo
1481 1607 1763 1669 tenebras
1828 1627 2021 1690 super
2086 1613 2306 1670 ταφαί(

198 1708 488 1771 XXXII:
544 1715 602 1768 7.
645 1711 718 1768 8:
773 1709 1058 1770 tenebrae
1095 1725 1278 1785 super
1313 1715 1503 1778 terra,
1541 1715 1679 1767 sunt
1719 1709 1873 1768 salsa
1912 1712 1971 1766 in
2009 1710 2302 1772 Ecclesia.

197 1809 388 1886 Apud
433 1809 668 1869 Joelom
720 1805 883 1884 „Sol
929 1813 990 1868 et
1033 1807 1232 1870 Luna
1275 1809 1484 1868 atrati
1526 1809 1737 1884 erunt,
1792 1815 1853 1869 et
1886 1807 2124 1872 Stellae
2156 1829 2303 1870 con-

195 1908 456 1972 trahent
513 1906 908 1990 splendorem
966 1909 1203 1969 suum“
1261 1908 1355 1968 11:
1426 1913 1535 1969 10.
1596 1911 1704 1968 11.
1794 1908 1953 1985 Cap:
2004 1909 2127 1970 IV:
2196 1913 2302 1971 15.

191 2010 384 2087 Apud
415 2011 790 2070 Matthaeum
830 2007 960 2083 „In
992 2007 1527 2070 consummatione
1552 2007 1798 2070 saeculi
1812 2015 1965 2088 post
1992 2008 2303 2089 afflietio-

187 2129 344 2171 nem
402 2108 654 2171 dierum
717 2106 830 2170 Sol
881 2108 1355 2178 obscurabitur,
1434 2107 1629 2170 Luna
1684 2129 1811 2170 non
1868 2107 2047 2170 dabit
2107 2107 2306 2172 lucem

197 2228 413 2280 suam,
447 2215 508 2270 et
541 2206 780 2270 Stellae
811 2207 1038 2270 cadent
1071 2207 1150 2268 de
1175 2206 1357 2284 coele,
1396 2215 1455 2270 et
1490 2208 1757 2272 virtutes
1790 2207 2099 2270 coelormn
2134 2228 2302 2272 com-

194 2310 652 2372 nwvebuntmss
706 2309 951 2370 XXIV:
997 2312 1108 2370 29.
1162 2309 1359 2369 Marc:
1400 2309 1588 2370 XHI:
1650 2313 1761 2370 24.
1842 2310 2025 2386 Apud
2070 2311 2301 2370 Danie-

189 2411 324 2472 lem
388 2409 552 2484 „Ea‘
597 2429 720 2470 uno
753 2393 852 2470 'de
901 2409 1190 2470 comibus
1237 2409 1404 2474 hirei
1462 2428 1805 2490 caprarum
1848 2409 2053 2472 exivit
2114 2411 2321 2472 cornu'

203 2528 416 2570 cmum
447 2508 526 2568 de
553 2509 814 2588 emique,
868 2515 926 2570 et
959 2509 1151 2572 erevit
1185 2507 1373 2572 valde
1404 2529 1624 2572 versus
1657 2509 2016 2584 mmdieon,
2070 2515 2130 2568 et
2164 2528 2302 2570 ver·-

200 2626 328 2669 eus
379 2613 589 2668 ortam
599 2651 616 2684 ,
679 2614 740 2667 et
789 2627 1006 2670 versus
1069 2609 1286 2682 decas,
1350 2617 1412 2672 et
1456 2609 1649 2672 erevit
1696 2628 1915 2671 versus
1962 2608 2307 2680 emer-eitum

194 2705 516 2770 coelorum
532 2753 551 2779 ,
615 2713 676 2768 et
707 2707 930 2792 dffeoit
967 2708 1046 2770 de
1075 2709 1398 2775 Exercitu
1438 2716 1499 2772 et
1534 2709 1612 2770 de
1644 2707 1869 2770 Stellio
1884 2754 1898 2783 ,
1952 2713 2011 2768 et
2052 2705 2301 2770 concul-

193 2810 370 2871 cavit
407 2827 553 2881 eos,·
603 2809 731 2870 imo
776 2827 971 2888 usque
1007 2809 1100 2870 ad
1141 2810 1511 2892 Principem
1552 2809 1872 2872 eoeercitue
1917 2806 2153 2870 emtulit
2186 2812 2301 2868 se“

197 2909 386 2972 VIII:
443 2913 502 2970 9.
561 2912 669 2970 10.
720 2914 842 2978 11;
908 2911 1218 2974 Exercitus
1275 2913 1579 2974 coelorum
1636 2918 1781 2972 sunt
1836 2910 1996 2972 bona
2039 2918 2099 2970 et
2156 2927 2304 2970 vera

196 3010 512 3072 Ecclesiae
545 3012 606 3070 in
645 3009 991 3088 complexu,
1041 3030 1112 3072 n:
1173 3013 1385 3073 3448.
1442 3015 1653 3074 7236.
1710 3013 1919 3072 7988.
1962 3012 2188 3088 80193
2243 3013 2304 3070 in

203 3113 412 3186 specie
453 3127 606 3185 quae
642 3117 916 3188 pugnant
948 3118 1156 3171 contra
1195 3113 1387 3184 falsa,
1436 3132 1507 3174 n:
1562 3117 1694 3173 727
1714 3118 1783 3171 7:
1848 3113 1987 3172 inde
2020 3111 2304 3174 Jehovah

205 3208 428 3268 dicitur
472 3209 744 3272 Jehovah
797 3211 1108 3287 Zebaoth,
1163 3212 1278 3273 hoc
1315 3222 1434 3290 est,
1486 3214 1899 3288 Exercituum,
1953 3231 2027 3272 n:
2084 3213 2296 3271 3448.

209 3313 245 3368 7
265 3311 348 3367 98
363 3312 422 3368 8.
500 3309 571 3368 In
604 3310 972 3388 Apocalypsi
1024 3311 1298 3385 „Draco
1343 3311 1555 3374 cauda
1594 3313 1804 3374 traxit
1842 3313 2099 3374 tertiam
2136 3330 2300 3390 par-

195 3413 328 3468 tem
361 3405 714 3472 Stellam-um
744 3406 904 3470 coeli
949 3410 1022 3470 in
1059 3415 1341 3474 terram“
1390 3413 1553 3474 XII:
1599 3416 1669 3489 43
1727 3412 1953 3474 Stellae
2008 3412 2187 3472 ctiam
2221 3410 2305 3471 ibi

193 3515 342 3568 sunt
385 3510 543 3570 bona
597 3518 658 3570 et
707 3527 856 3570 vera
911 3511 1222 3572 Ecclesiae
1285 3520 1344 3572 et
1402 3515 1769 3590 cognitiones
1822 3529 2026 3572 eorum
2044 3529 2060 3586 3
2124 3511 2304 3571 tertia

191 3625 338 3686 pars
385 3618 479 3670 est
512 3610 774 3687 plurima
797 3627 974 3687 pars5
1015 3612 1160 3687 quid
1185 3619 1387 3684 autem
1420 3614 1641 3688 Draco,
1680 3613 1913 3674 dicetur
1938 3613 2002 3670 in
2036 3625 2301 3684 sequen-

191 3709 385 3769 tibus:
452 3710 598 3770 alibi
661 3705 948 3786 „Stellae
995 3709 1151 3772 coeli
1209 3711 1565 3774 ceciderunt
1615 3713 1687 3773 in
1750 3712 2034 3773 tem-aw‘
2095 3709 2299 3785 Apoc:

192 3807 320 3868 VI:
369 3812 398 3868 1
419 3810 492 3870 3:
547 3811 692 3870 alibi
733 3807 988 3885 „Stella
1029 3829 1061 3869 e
1099 3809 1264 3874 coelo
1297 3810 1487 3892 lapsa
1520 3817 1615 3872 est
1655 3813 1737 3874 in.
1760 3813 2044 3874 ter-raw‘
2098 3811 2301 3886 Apoc:

191 3905 320 3970 IX:
367 3913 436 3968 1:
501 3909 644 3970 alibi
692 3907 988 3986 „Cecidit
1021 3928 1054 3970 e
1088 3909 1270 3974 Coelo
1305 3909 1513 3974 Stella
1550 3929 1816 3992 mayna,
1870 3910 2107 3974 ardens
2135 3905 2305 3970 velut

193 4002 478 4089 lampae,
533 4010 759 4072 cecidit
806 4009 880 4072 in
911 4011 1172 4074 tertiam
1192 4018 1449 4094 pao-tem
1476 4011 1834 4091 fluviorum
1888 4017 1948 4073 et
1993 4012 2065 4074 in
2086 4011 2317 4093 fontes·

195 4113 556 4188 aquaoum“
611 4112 816 4189 Apoc:
872 4111 1052 4174 VIII:
1112 4116 1230 4189 103
1297 4116 1441 4198 quia
1490 4110 1718 4173 Stellae
1766 4113 2120 4190 significant
2157 4128 2305 4170 vera

121 4243 148 4274 2
197 4215 258 4266 et
287 4209 450 4269 bona
485 4211 826 4289 Ecclesiae,
885 4220 946 4272 et
981 4213 1353 4291 cognitiones
1398 4229 1633 4282 eorum,
1680 4230 1790 4289 per
1840 4211 2059 4274 cadere
2096 4211 2225 4269 illas
2270 4227 2303 4286 e

83 4289 133 4317 us
