2700 4792
189 2081 220 2105 l

410 383 522 436 358
725 367 1213 424 APOCALYPSIS
1263 368 1699 430 EXPLICATA.
1783 369 1832 438 §0
1872 376 2003 432 227.
2054 379 2183 432 228.

417 535 581 592 212.
627 532 789 590 213.
870 530 1060 590 Porro
1095 529 1240 606 quid
1275 529 1553 590 Charitas
1606 536 1667 589 et
1718 529 1863 606 qnid
1897 530 2237 604 Proximus,
2286 530 2343 586 in
2370 527 2489 588 Do·-

414 651 638 692 crnnu
687 631 902 690 Nous:
935 631 1433 690 Hiunosomrme
1481 649 1551 688 n:
1602 631 1691 690 84
1742 630 1819 688 ad
1862 633 2035 689 107:
2098 633 2158 688 in
2192 627 2383 706 Opere
2428 629 2492 686 de

417 732 628 793 Ceno
663 749 740 790 m·
777 731 1054 788 INFuRNo
1102 747 1170 788 n:
1218 733 1301 790 13
1344 731 1421 788 ad
1466 733 1573 790 19.
1622 733 1755 790 528
1798 731 1873 788 ad
1919 732 2088 791 535:
2136 747 2205 789 ac
2240 746 2414 806 supra
2442 731 2496 788 in

405 831 818 910 Explicatione
855 849 924 888 n:
969 832 1125 888 182.
1174 833 1332 889 198.
1378 833 1540 890 213.

569 933 732 990 228.
787 931 958 990 Haec
993 930 1135 988 dicit
1175 931 1394 1001 Amen,
1438 931 1638 990 Testis
1672 930 1867 990 fidelis
1902 938 1963 989 et
1998 949 2201 1004 νει-(ιε,
2242 930 2391 1008 quod
2420 932 2496 988 si-

415 1032 656 1110 gnificet
692 1049 728 1090 a
765 1031 898 1106 Quo
937 1047 1108 1090 omne
1147 1048 1391 1100 verum,
1438 1038 1499 1090 et
1534 1049 1707 1090 omne
1744 1031 1911 1102 fidei,
1953 1038 2189 1092 constat
2225 1049 2298 1090 ex
2330 1033 2495 1106 signi·

411 1133 688 1194 ficatione
716 1132 926 1204 Amen,
969 1131 1126 1207 qnod
1154 1133 1231 1188 sit
1257 1132 1501 1190 Veritas
1531 1132 1925 1207 seu-Verum,
1968 1133 2043 1191 de
2082 1149 2201 1210 qua
2234 1133 2499 1206 sequitui-3

413 1241 474 1292 et
523 1250 599 1292 ex
643 1231 1070 1308 significatione
1105 1232 1306 1290 Testis
1369 1232 1565 1290 fidelis
1622 1239 1681 1290 et
1730 1235 1889 1302 veri,
1952 1251 2090 1292 cum
2138 1233 2211 1290 de
2246 1232 2495 1303 Domino,

413 1333 573 1410 quod
607 1335 686 1391 sit
733 1349 904 1390 omne
941 1331 1082 1390 fidei
1125 1331 1200 1389 ab
1225 1332 1400 1408 Ipso,
1460 1331 1663 1391 Testis
1702 1335 1889 1403 enim,
1948 1351 2085 1392 cum
2140 1333 2215 1390 de
2250 1332 2495 1403 Domino,

405 1433 703 1511 significat
735 1409 1018 1492 Divinum
1055 1432 1280 1490 Verum
1331 1431 1490 1510 quod
1526 1433 1602 1490 ab
1638 1433 1809 1509 Ipso,
1864 1441 1925 1492 et
1976 1434 2116 1493 inde
2156 1449 2323 1490 omne
2356 1430 2493 1502 fidei,

409 1552 545 1594 nam
581 1533 731 1592 fides
781 1539 876 1591 est
907 1533 1038 1590 veri
1092 1540 1154 1590 et
1185 1551 1391 1592 verum
1445 1539 1539 1591 est
1572 1533 1743 1592 fidei.
1789 1535 2078 1592 Divinum
2118 1534 2339 1592 Verum
2356 1547 2497 1606 pro-

411 1633 634 1696 cedens
674 1652 710 1692 a
743 1608 1002 1692 Domino
1039 1633 1253 1691 dicitur
1291 1633 1531 1706 Testis,
1584 1637 1723 1708 quia
1772 1641 1865 1692 est
1897 1635 2187 1694 DIvinum
2228 1633 2415 1708 Ipsius
2446 1631 2497 1686 in

409 1732 596 1794 Coelo
635 1740 694 1792 et
726 1736 787 1791 in
821 1733 1123 1807 Ecclesia,
1160 1733 1222 1790 in
1257 1734 1391 1810 Quo
1426 1733 1568 1809 Ipse
1606 1741 1724 1808 est,
1780 1740 1841 1792 et
1876 1734 2057 1809 Quod
2092 1735 2235 1810 Ipse
2271 1739 2359 1792 est
2390 1730 2492 1802 ibi;

405 1833 542 1894 Hoc
579 1836 732 1892 enim
767 1833 1040 1910 procedit
1073 1852 1148 1892 ex
1173 1835 1393 1894 Divino
1418 1835 1696 1893 Humano
1730 1835 1949 1910 IpsiuS,
1990 1842 2053 1894 et
2086 1834 2297 1910 implet
2328 1837 2492 1890 totum

412 1933 694 2002 Ocelum,
743 1951 814 1992 ac
849 1934 1066 1992 format
1101 1943 1161 1992 et
1195 1937 1339 1994 facit
1373 1935 1558 2009 illud3
1612 1935 1751 1993 inde
1790 1945 1912 2008 est,
1967 1935 2129 2011 quod
2167 1933 2403 1994 Coelum
2442 1931 2496 1986 in

407 2040 534 2093 toto
572 2033 890 2110 complexu
923 2036 1148 2094 referat
1183 2053 1367 2093 unum
1402 2036 1752 2094 Hominem:
1792 2038 1933 2112 quia
1967 2035 2255 2093 Divinum
2290 2032 2493 2090 Verum

406 2134 548 2192 inde
585 2141 706 2208 est,
771 2140 832 2192 et
865 2134 986 2192 tale
1025 2141 1144 2206 est,
1207 2135 1343 2194 ideo
1398 2136 1613 2194 dicitur
1650 2135 1881 2210 Testis,
1948 2143 2209 2194 testatur
2254 2135 2397 2192 enim
2430 2130 2491 2187 de

407 2233 629 2294 Divino
664 2235 942 2293 Humano
976 2235 1248 2309 Domini,
1301 2253 1373 2296 ac
1410 2237 1751 2295 manifestat
1783 2237 1941 2295 Illud
1978 2237 2146 2312 apud
2181 2249 2377 2296 omnes
2408 2231 2493 2305 qui

405 2337 702 2412 recipiunt
733 2335 1016 2393 Divinum
1053 2336 1281 2395 Verum
1333 2337 1409 2394 ab
1444 2336 1623 2412 Ipsoz
1674 2355 1749 2396 ex
1780 2337 1895 2395 hoc
1934 2345 2053 2411 est,
2108 2334 2267 2413 quod
2301 2329 2492 2407 Angeli

406 2439 783 2513 superiorum
823 2433 1138 2495 Goelorum
1172 2453 1290 2494 non
1327 2437 1489 2495 aliud
1522 2437 1809 2496 Divinum
1854 2440 2223 2513 percipiant,
2280 2441 2336 2494 et
2368 2449 2490 2509 per-

407 2538 611 2615 cipere
645 2539 882 2613 possint
916 2555 1094 2613 quam
1129 2538 1413 2596 Divinum
1448 2538 1787 2596 Humanum
1824 2539 2096 2611 Domini,
2142 2537 2257 2614 [et]
2295 2535 2398 2593 hoe
2430 2547 2488 2588 ex

369 2639 633 2735 influxu
682 2638 862 2696 totius
901 2637 1068 2696 Coeli
1119 2641 1178 2696 in
1229 2646 1461 2698 mentes
1517 2655 1751 2697 eorum.
1812 2639 1949 2697 inde
2006 2645 2281 2696 constare
2316 2634 2491 2710 potest

405 2739 566 2798 unde
605 2745 698 2797 est
724 2739 884 2815 quod
915 2737 1135 2807 Testi5‚
1174 2756 1308 2797 cum
1345 2739 1419 2796 de
1446 2740 1722 2812 Domino,
1762 2739 2054 2825 significet
2080 2739 2291 2814 Ipsum
2319 2727 2491 2810 quoad

405 2837 690 2896 Divinum
721 2838 948 2896 Verum
983 2841 1042 2896 in
1072 2838 1254 2898 Coelo
1286 2845 1343 2898 et
1372 2841 1432 2896 in
1458 2838 1761 2914 Ecclesia3
1802 2848 1861 2896 et
1898 2839 2057 2915 quod
2086 2839 2336 2908 Testari,
2372 2846 2487 2890 cum

405 2938 482 2996 de
529 2937 650 2996 illis
709 2940 810 3014 qui
871 2941 1164 3014 recipiunt
1209 2941 1493 2998 Divinum
1528 2938 1757 2997 Verum
1807 2957 1843 2996 a
1878 2940 2137 2998 Domino
2156 2983 2172 3010 ,
2220 2933 2487 3012 significet

406 3051 734 3113 agnoscere
773 3039 949 3096 corde
983 3039 1266 3097 Divinum
1293 3041 1534 3098 Domini
1569 3041 1629 3096 in
1664 3039 1941 3098 Humano
1968 3039 2200 3116 Ipsius,
2242 3035 2487 3094 videatur

406 3152 592 3212 supra
624 3153 696 3194 n:
741 3141 862 3196 27:
927 3137 1102 3214 Quod
1138 3139 1388 3199 Coelum
1420 3143 1480 3196 in
1516 3145 1640 3198 toto
1678 3147 1739 3198 et
1770 3142 1833 3197 in
1866 3148 2041 3215 parte
2075 3140 2296 3198 referat
2329 3147 2485 3191 unum

405 3236 741 3309 Hominem,
779 3245 838 3295 et
860 3240 1016 3315 quod
1040 3240 1152 3298 hoc
1189 3241 1271 3298 sit
1293 3259 1369 3298 ex
1396 3240 1614 3298 Divino
1641 3240 1917 3297 Humano
1944 3242 2200 3312 Domini,
2246 3235 2486 3298 videatur

405 3340 466 3396 in
499 3335 698 3414 Opere
739 3339 811 3398 de
851 3338 1056 3398 Coeno
1086 3359 1162 3398 ur
1192 3341 1469 3399 INFunNo
1508 3359 1573 3398 n:
1621 3341 1704 3398 59
1740 3341 1817 3399 ad
1851 3344 1937 3400 86
1970 3358 2108 3417 seq:
2148 3346 2209 3400 et
2242 3357 2305 3396 n:
2342 3333 2477 3392 101:

407 3445 469 3498 et
505 3439 662 3515 quod
694 3440 979 3498 Divinum
1016 3440 1348 3516 procedens
1387 3457 1425 3498 a
1455 3438 1745 3512 Domino,
1798 3443 1957 3518 quod
1990 3443 2207 3500 format
2240 3434 2474 3500 Coelum,

407 3545 468 3598 et
503 3541 748 3616 angelos
798 3541 874 3598 ad
921 3542 1238 3616 imaginem
1289 3539 1482 3610 Coeli,
1536 3543 1613 3598 sit
1655 3542 1935 3599 Divinum
1974 3542 2233 3613 Verum,
2282 3555 2348 3596 n:
2390 3531 2477 3590 13·

205 3637 366 3701 [238]
415 3641 575 3700 133.
623 3643 782 3700 138.
829 3642 989 3701 139.
1039 3642 1196 3699 140.
1283 3642 1563 3700 Divinum
1602 3641 1715 3700 hoe
1750 3642 1975 3700 Verum
2014 3650 2259 3701 vocatur
2304 3654 2337 3694 a
2366 3633 2473 3690 Do·

405 3742 563 3799 mino
600 3741 950 3801 Paracletus
990 3740 1247 3817 Spiritus
1285 3743 1578 3815 veritatiS,
1622 3741 1695 3800 de
1734 3761 1850 3818 quo
1882 3744 2097 3802 dicitur
2126 3739 2281 3818 quod
2314 3738 2474 3794 teste-

402 3848 502 3899 tur
537 3842 610 3900 de
645 3841 790 3918 Ipso
829 3849 890 3901 et
925 3841 1083 3918 quod
1119 3844 1196 3898 sit
1231 3841 1306 3900 ab
1341 3843 1517 3918 Ips03
1558 3842 1716 3916 quod
1752 3850 2007 3902 testetur
2042 3843 2114 3901 de
2151 3842 2306 3918 Ipso,
2340 3825 2475 3908 apud

401 3941 742 4002 Johannem
800 3987 838 4019 „
869 3941 1142 4018 Quando
1189 3941 1423 4002 venerit
1458 3939 1842 4002 Paracletus
1876 3942 2167 4024 Spiritus
2200 3927 2469 4001 veritati&

363 4057 368 4062 ·
399 4037 902 4103 Ele'testabitur
945 4043 1023 4102 de
1053 4039 1209 4101 Dse“
1261 4043 1403 4102 XV:
1448 4045 1575 4121 26:
1628 4043 1883 4119 et-quod
1916 4047 1995 4102 sit
2030 4044 2105 4103 ab
2140 4043 2303 4120 Ipse,
2338 4024 2473 4108 apud

403 4136 677 4193 Eundem
719 4139 1144 4212 „Paracletus
1178 4140 1469 4222 Spiritus
1506 4143 1801 4204 veritatis
1826 4143 2012 4204 ducet
2045 4163 2154 4204 vos
2183 4143 2249 4203 in
2270 4143 2473 4197 omnem

405 4229 770 4304 veritam&
809 4255 932 4296 non
953 4240 1122 4300 enim
1147 4239 1433 4322 loquetur
1456 4261 1499 4302 a
1526 4249 1733 4318 semet,
1765 4243 1878 4304 sed
1900 4257 2286 4324 quaecunque
2306 4224 2471 4294 audi·
