2700 4792
453 349 565 404 182
775 335 1271 394 APOCALYPSIS
1325 330 1758 392 EXPLICATA.
1841 333 1886 402 §.
1932 341 2237 396 iss-140.
2394 391 2400 398 ,
2581 171 2623 476 j

2594 475 2623 524 Ι

455 499 572 558 bus
608 494 968 556 describitur
1002 497 1157 554 inter
1193 509 1346 571 quos
1396 501 1533 552 sunt
1584 497 1683 568 qui
1728 495 1789 550 ln
1824 491 2269 563 tentationibuS,
2318 509 2485 568 nempe

457 595 618 676 quod
657 597 776 656 sint
810 597 966 655 inter
995 595 1134 654 illos
1171 597 1274 672 qui
1315 596 1379 654 in
1431 595 1621 653 omnis
1671 595 1909 670 generis
1955 592 2121 652 falsis
2157 597 2311 666 sunt3
2353 591 2490 652 homo

457 700 615 758 enim
654 696 850 773 quoad
887 712 1108 772 corpus
1143 712 1318 756 suum
1372 701 1465 756 est
1502 711 1639 754 cum
1681 694 2021 752 hominibus
2070 696 2134 752 in
2164 692 2364 751 Mundo
2406 710 2491 750 na-

455 796 666 873 turali,
725 803 788 854 at
823 797 1020 873 quoad
1055 798 1447 874 cogitationes
1492 802 1554 854 et
1599 796 1959 854 intentiones
2014 801 2107 852 est
2142 792 2493 868 cum-Spiriti-

453 895 570 959 bus
607 900 669 956 in
703 896 927 956 Mundo
975 897 1302 974 spirituali3
1359 897 1595 974 quando
1638 897 1699 955 in
1744 897 2137 954 tentationem
2184 892 2496 970 spiritualem

457 1001 648 1074 venit,
687 1006 828 1057 tune
867 1003 960 1056 est
992 999 1148 1056 inter
1182 998 1318 1056 illos
1356 998 1605 1073 spiritus
1644 998 1745 1072 qui
1778 998 1841 1054 in
1876 995 2047 1054 falsis
2090 1001 2253 1064 sunt,
2286 994 2342 1052 hi
2371 995 2497 1068 cogi-

458 1101 718 1159 tationes
769 1099 901 1175 ejus
939 1097 1161 1174 ligant,
1227 1104 1288 1156 et
1321 1105 1529 1156 tenent
1562 1096 1697 1156 illos
1734 1097 1889 1155 sicut
1923 1089 2159 1154 vinctos
2198 1097 2255 1152 in
2288 1109 2495 1164 carcere,

449 1207 524 1283 ‘et
559 1199 836 1260 continue
885 1197 1202 1256 infundunt
1235 1197 1525 1256 scandala
1560 1205 1767 1257 contra
1800 1214 1946 1256 vera
1980 1196 2152 1270 fidei,
2208 1201 2266 1254 et
2302 1200 2501 1254 evocant

459 1298 622 1360 mala
657 1300 818 1358 vitae
855 1298 1021 1376 ejus3
1075 1298 1182 1356 sed
1219 1298 1513 1357 Dominus
1542 1299 1819 1357 continue
1857 1303 2091 1356 tutatur
2135 1297 2405 1355 hominem
2434 1295 2500 1350 in-

461 1399 700 1460 fluendo
743 1399 818 1458 ab
861 1399 1158 1472 interiori,
1215 1400 1399 1458 etsie
1440 1404 1605 1458 tenet
1638 1398 1935 1456 hominem
1984 1400 2049 1456 in
2086 1397 2397 1457 constantia
2424 1409 2501 1450 re-

455 1499 731 1568 sistendi;
786 1499 940 1558 tales
983 1504 1122 1558 sunt
1171 1500 1529 1558 tentationes
1582 1499 1947 1575 spirituales.
2034 1497 2211 1573 Quod
2242 1497 2399 1556 homo
2430 1493 2499 1566 qui

453 1604 516 1661 in
551 1597 977 1660 tentationibus
1017 1605 1110 1658 est
1144 1600 1298 1657 inter
1334 1601 1583 1675 spiritus
1618 1601 1719 1674 qui
1752 1600 1813 1656 in
1848 1598 2016 1656 falsis
2055 1604 2223 1668 sunt,
2272 1593 2499 1668 intelligi-

455 1709 554 1759 tur
587 1718 698 1776 per
737 1699 888 1758 haec
926 1701 987 1757 in
1021 1698 1137 1759 hoc
1172 1699 1375 1758 Versu
1412 1698 1634 1773 „Novi
1667 1697 1777 1758 ubi
1808 1697 2094 1772 habitae,
2152 1696 2259 1758 ubi
2290 1694 2499 1755 tho-maus

459 1797 828 1870 Satanae;“
901 1805 960 1858 et
1008 1815 1246 1875 quoque
1297 1817 1413 1876 per
1457 1800 1609 1860 haec
1672 1803 1779 1874 „et
1830 1799 1899 1858 in
1946 1797 2173 1860 diebus
2220 1797 2289 1858 in
2326 1792 2501 1874 quibus

455 1898 742 1976 Antipas
774 1903 1028 1979 martyr
1059 1917 1238 1960 meus
1279 1896 1507 1980 fidelis
1542 1898 1787 1960 occisus
1822 1898 2001 1979 apud
2037 1918 2179 1974 voe,
2232 1897 2335 1958 ubi
2362 1890 2497 1953 habi-

460 2004 560 2060 tat
595 1997 882 2060 Satanas
899 1999 975 2070 ;“
1043 2006 1104 2058 et
1152 2003 1485 2059 constantia
1517 2000 1840 2060 resistendi
1875 2000 2231 2076 intelligitur
2263 2015 2361 2075 per
2388 1995 2499 2052 hacc

457 2097 712 2174 „Teme
751 2097 998 2159 Nomen
1031 2118 1264 2175 menon,
1311 2104 1371 2158 et
1396 2120 1522 2162 non
1554 2099 1813 2180 myasti
1834 2100 2040 2182 fidem
2074 2099 2337 2160 meam.“
2411 2089 2499 2152 Sed

455 2202 519 2260 in
571 2199 964 2261 Tentationes
1026 2201 1373 2278 spirituales
1426 2219 1545 2260 non
1596 2200 1697 2260 alii
1752 2203 2179 2276 immittuntur,
2236 2215 2393 2276 quam
2428 2191 2499 2266 qui

457 2304 792 2376 agnoscunt
841 2299 1124 2360 Divinum
1170 2301 1414 2360 Domini
1458 2303 1520 2360 in
1571 2301 1849 2361 Humano
1898 2301 2138 2380 Ipsius,
2200 2307 2257 2359 et
2298 2300 2353 2356 in
2393 2291 2500 2352 affe-

455 2403 650 2461 ctione
684 2402 812 2460 veri
847 2401 1146 2478 spirituali
1199 2407 1369 2477 sunt3
1446 2403 1662 2478 reliqui
1716 2408 1855 2461 sunt
1906 2402 2217 2461 naturales
2265 2397 2497 2462 heminae,

454 2503 559 2580 qui
616 2517 735 2562 non
793 2503 1013 2562 tentari
1062 2509 1337 2579 possunt.
1426 2501 1547 2562 Sed
1592 2503 1665 2561 de
1718 2501 2179 2563 Tentationibus
2242 2498 2499 2559 videantur

451 2619 608 2680 quae
661 2605 721 2662 in
773 2603 1098 2662 Docrmrm
1144 2602 1361 2662 Novas
1408 2603 1899 2664 Hmnosonrmm
1961 2621 2037 2661 n:
2103 2605 2238 2662 187
2290 2598 2357 2658 ad
2397 2592 2492 2652 201

449 2709 696 2764 ostensa
729 2709 886 2764 sunt.

612 2808 639 2862 1
662 2805 772 2863 39.
822 2803 943 2864 Sed
967 2803 1164 2864 habeo
1201 2804 1495 2866 adversus
1526 2811 1583 2864 te
1620 2821 1849 2882 pauca,
1890 2803 2051 2881 quod
2078 2801 2362 2880 significet
2386 2788 2503 2870 quod

442 2903 782 3000 'cavendum
817 2907 929 2974 sit,
983 2911 1218 2964 constat
1256 2923 1295 2964 a
1337 2905 1759 2982 sequentibuS,
1796 2923 1935 2964 nam
1968 2905 2052 2964 ibi
2086 2904 2302 2964 dicitur
2334 2915 2367 2956 a
2398 2892 2499 2970 qui-

445 3003 564 3060 bus
605 3003 936 3063 cavendum
978 3011 1089 3068 est.

611 3103 771 3161 140.
829 3102 1004 3180 Quod
1035 3104 1264 3166 habeas
1300 3105 1423 3167 illie
1454 3110 1727 3166 tenentes
1767 3106 2095 3164 doctrinam
2131 3103 2393 3172 Balaam,
2430 3089 2504 3166 qui

452 3200 708 3261 docebat
757 3202 1048 3262 Balacum
1099 3205 1359 3282 objicere
1422 3205 1771 3265 scandalum
1840 3223 2041 3265 coram
2090 3206 2231 3264 filiis
2280 3193 2499 3260 Israelis,

453 3299 615 3378 quod
649 3301 944 3381 significet
977 3302 1112 3362 illos
1159 3307 1260 3381 qui
1311 3305 1511 3381 quoad
1553 3304 1927 3364 intellectum
1976 3305 2261 3365 illustrati
2302 3299 2425 3358 sunt
2460 3294 2503 3348 et

455 3401 672 3464 doc-ent
718 3421 904 3472 vera,
967 3403 1075 3462 sed
1135 3421 1330 3486 usque
1377 3413 1579 3464 amant
1624 3404 1759 3464 dolo
1809 3407 2065 3483 perdere
2124 3406 2261 3465 illos
2312 3397 2401 3476 qui
2444 3387 2499 3448 8¹³

447 3501 756 3580 Ecclesia,
823 3509 1062 3562 constat
1096 3521 1170 3564 ex
1205 3504 1524 3566 Historicis
1560 3505 1750 3566 Verbi
1798 3506 1873 3566 de
1916 3507 2187 3566 Bileamo
2224 3509 2281 3562 et
2318 3495 2501 3558 Baiano

441 3605 506 3663 in
551 3621 736 3664 sensu
780 3603 1078 3680 spirituali
1121 3603 1470 3680 intellectis,
1530 3623 1683 3682 quae
1728 3609 1897 3682 prius
1942 3597 2323 3665 memoranda
2362 3595 2494 3656 suni:

445 3703 754 3764 Bileamus
792 3719 866 3763 ex
901 3703 1122 3764 Pethor
1155 3705 1630 3781 Mesopotamiae
1662 3713 1790 3766 erat
1824 3707 2282 3784 Praestigiator,
2319 3704 2373 3759 et
2394 3693 2497 3752 ideo

441 3809 695 3864 vocatus
740 3820 778 3862 a
815 3802 1040 3864 Balaco
1063 3803 1242 3880 Rege
1277 3803 1483 3864 Moabi
1509 3815 1572 3866 ut
1608 3805 1997 3866 malediceret
2034 3807 2258 3884 populo
2291 3789 2492 3862 Israeli-

441 3905 592 3976 tico,
635 3900 746 3963 sed
782 3903 896 3967 hoc
933 3905 1188 3965 inhibuit
1221 3903 1527 3978 Jehovah,
1576 3914 1637 3966 et
1673 3908 1837 3966 dedit
1877 3909 1931 3966 ei
1970 3907 2135 3984 loqui
2160 3896 2493 3984 propheticos

442 3995 554 4062 sed
601 4019 794 4081 usque
836 4012 1055 4084 postea
1101 4005 1403 4066 consuluit
1456 4005 1683 4067 Balaco
1736 4008 1995 4085 perdere
2044 4008 2211 4068 illum
2251 3994 2489 4082 populum

441 4101 597 4180 dole,
647 4104 1002 4166 abducendo
1028 4106 1200 4165 illum
1236 4123 1274 4164 a
1301 4106 1467 4166 cultu
1494 4107 1535 4167 J
1540 4107 1771 4168 ehovae
1800 4109 1877 4168 ad
1906 4109 2132 4168 cultum
2159 4093 2490 4180 Baalpeoris:

441 4202 584 4267 inde
627 4223 782 4264 nunc
831 4223 940 4282 per
986 4203 1324 4266 Bileamum
1372 4206 1783 4283 intelliguntur
1829 4209 1919 4270 illi
1967 4211 2069 4286 qui
2121 4205 2305 4286 'quoad
2346 4186 2485 4257 intel-
