2700 4792
269 368 512 426 CAPUT
553 365 958 432 SECUNDUM,
1041 365 1251 422 VERS:
1295 376 1389 430 29.
1433 367 1527 424 ET
1566 368 1737 424 CAP:
1780 368 2116 427 TERTIUM.
2198 381 2309 434 253

189 550 386 610 super
445 547 516 588 eo
584 525 1074 588 holocaustum“
1156 527 1361 590 Levit:
1413 527 1500 588 v1
1516 549 1531 587 :
1590 531 1647 590 5.
1720 530 1797 588 Et
1850 530 1991 608 quid
2042 533 2311 605 involvit,

191 631 354 708 quod
407 630 625 688 dicitur
683 628 756 686 de
811 627 1118 688 Sacrificio
1159 628 1475 688 Paschatis
1550 627 2006 711 „Saerifieabis
2050 629 2312 694 Pascha

189 751 335 794 cum
370 728 674 790 occiderit
714 724 862 798 Sol,
908 727 1136 788 deinde
1173 727 1481 804 comedes,
1547 734 1607 789 et
1639 731 1938 808 respicies
1972 729 2197 804 Mwne,
2250 739 2311 794 et

189 832 320 894 ibis
358 830 430 890 in
465 828 740 890 tentoria
780 830 941 888 tua“
997 828 1196 887 Dent:
1239 827 1427 888 XVI:
1488 831 1549 888 6.
1588 834 1645 888 7.
1702 831 1863 906 quod
1903 831 2311 894 sacrificarent

185 932 433 994 Pascha
467 947 604 988 cum
651 927 937 988 occiderit
973 927 1110 996 Sol,
1167 934 1298 986 erat
1343 930 1487 1005 quia
1520 927 1791 990 Occasus
1826 930 1971 990 solis
2006 931 2307 1007 signifiea-

186 1035 302 1094 bat
335 1031 611 1090 ultimum
639 1035 880 1104 tempus
909 1028 1251 1103 Ecclesiae3
1290 1029 1453 1106 quod
1488 1031 1859 1106 respicerent
1892 1047 2087 1101 mane,
2122 1033 2311 1108 signi-

189 1133 378 1194 eabat
409 1131 900 1190 instaurationem
925 1128 1248 1188 “Ecclesiae
1283 1132 1506 1203 novae,
1566 1131 1653 1188 ita
1694 1129 2013 1190 adventum
2047 1130 2305 1192 Domini.

189 1217 369 1293 Haec
421 1230 608 1289 allata
652 1235 823 1300 sunt,
892 1234 959 1286 ut
1004 1230 1230 1288 sciatur
1283 1229 1427 1305 quid
1478 1246 1590 1306 per
1639 1217 1892 1290 Stellam
1933 1230 2305 1307 Matutinam‚

189 1351 376 1412 quam
409 1331 581 1389 daret
604 1329 792 1390 Filius
817 1328 1092 1400 hominis,
1145 1329 1543 1405 significatur,
1592 1330 1754 1406 quod
1790 1347 2007 1407 nempe
2046 1329 2305 1408 Sapien-

189 1437 278 1494 tia
317 1440 380 1494 et
416 1431 819 1506 Intelligentia
855 1447 892 1487 a
915 1429 1134 1488 Divino
1167 1429 1447 1488 Humano
1484 1430 1759 1502 Domini,
1798 1437 1859 1490 et
1890 1435 2033 1508 quia
2066 1433 2167 1508 qui
2201 1449 2305 1492 sa-

187 1535 484 1612 pientiam
527 1538 588 1590 et
623 1529 1077 1605 intelligentiam
1118 1545 1156 1588 a
1188 1528 1449 1589 Domino
1486 1532 1815 1606 accipiunt,
1886 1534 2065 1591 etiam
2098 1531 2308 1609 Ipsum
2364 1519 2376 1536 '

191 1636 519 1711 accipiunt,
565 1638 658 1690 est
685 1632 839 1689 enim
876 1629 1167 1688 Dominus
1196 1631 1260 1687 in
1294 1632 1597 1707 sapientia
1634 1636 1694 1689 et
1727 1631 2125 1708 intelligentia
2152 1650 2307 1710 quae

189 1736 271 1794 ab
299 1735 480 1811 Ips0,
523 1731 674 1790 adeo
715 1737 784 1788 ut
823 1731 902 1788 sit
935 1730 1236 1805 sapientia
1261 1736 1322 1790 et
1356 1730 1751 1808 intelligentia
1792 1732 1955 1808 apud
1993 1733 2131 1808 e'oS,
2169 1733 2305 1792 ideo

189 1838 374 1896 etiam
421 1833 568 1911 Ipse
611 1831 904 1890 Dominus
947 1836 1198 1889 vocatur
1245 1828 1439 1890 Stella
1482 1831 1779 1890 Matutina
1822 1833 1886 1891 in
1935 1832 2307 1910 Apocalypsi

189 1933 394 2014 „qu
427 1953 573 1994 sum
607 1931 809 2009 stirps
843 1935 902 1988 et
934 1929 1275 2008 prayenies
1310 1929 1643 2004 Demadis,
1690 1929 1896 1992 Stella
1934 1929 2057 1992 illa
2092 1930 2304 2011 splen-

189 2035 358 2096 dida
415 2039 476 2093 et
525 2030 902 2092 matutina“·
964 2029 1186 2090 XXII:
1258 2033 1286 2088 1
1308 2033 1381 2091 6:
1470 2031 1740 2091 similiter
1796 2039 2045 2093 vocatur
2096 2032 2307 2105 Stella,

185 2136 244 2196 N
249 2154 387 2195 um:
425 2133 674 2194 XXIV:
721 2135 749 2190 1
771 2137 801 2190 7
817 2176 830 2189 .
1772 2175 1780 2184 .

357 2237 386 2294 1
406 2235 518 2294 80.
571 2232 822 2291 Habens
858 2247 1062 2290 aurem
1101 2230 1305 2290 audiat
1340 2231 1483 2307 quid
1519 2230 1777 2308 Spiritus
1818 2233 1963 2292 dicit
1996 2233 2303 2308 Ecclesiis‚

187 2336 356 2413 quod
404 2333 700 2410 significet
747 2331 904 2406 quod
953 2333 1054 2407 qui
1112 2331 1391 2407 intelligit
1435 2331 1763 2404 auscultet,
1834 2332 1979 2409 quid
2017 2332 2302 2392 Divinum

183 2437 424 2494 Verum
461 2432 795 2510 procedens
832 2449 870 2490 a
894 2432 1152 2491 Domino
1190 2431 1368 2490 docet
1403 2437 1463 2490 et
1499 2431 1641 2492 dicit
1677 2431 1795 2490 illis
1838 2433 1941 2506 qui
1980 2431 2057 2490 ab
2083 2432 2300 2492 Eccle-

187 2539 287 2594 sia
332 2535 536 2609 Ipsius
582 2539 746 2606 sunt,
803 2538 1038 2592 constat
1089 2550 1165 2592 ex
1211 2531 1330 2591 illis
1387 2548 1541 2607 quae
1590 2547 1777 2608 supra
1824 2549 1895 2589 n:
1933 2533 2091 2606 108,
2144 2530 2327 2590 dieta-

193 2642 260 2695 ct
275 2701 282 2706 ,
299 2647 546 2694 ostensa
580 2641 714 2692 sunt
724 2677 740 2708 ,
787 2631 893 2690 ubi
917 2631 1154 2690 similia.

599 2924 1888 3016 APOCALYPSIS.
2341 2957 2505 3021 [ιη]

913 3099 1153 3154 CAPUT
1215 3098 1556 3157 TERTIUM.

627 3185 654 3212 Ο

349 3249 410 3310 1.
477 3235 572 3304 Et
640 3230 924 3328 Angelo
993 3232 1070 3302 in
1137 3231 1493 3302 Sardibus
1563 3228 1942 3302 Ecclesiae
2020 3228 2297 3302 scribe:

179 3334 376 3403 haec
433 3333 612 3404 dicit
664 3332 940 3403 habens
995 3351 1275 3430 septem
1329 3331 1651 3429 Spiritus
1703 3331 1842 3401 Dei
1895 3347 1969 3401 et
2021 3347 2303 3428 septem

183 3431 494 3504 Stellas:
547 3436 719 3504 novi
759 3450 885 3505 tua
928 3458 1174 3532 opera,
1232 3432 1436 3530 quod
1476 3456 1744 3504 nomen
1782 3430 2052 3501 habeas
2098 3427 2300 3525 quod

177 3559 404 3620 vivaS,
461 3551 536 3604 et
586 3552 914 3605 mortuus
969 3559 1068 3604 es.

337 3647 404 3710 2.
461 3633 1025 3730 Esto-vigilam,
1083 3651 1156 3705 et
1195 3633 1545 3705 confirma
1576 3630 1875 3726 ,reliqua
1912 3651 2100 3724 quae
2140 3652 2298 3696 mo-

177 3735 438 3821 ritura,
477 3759 626 3804 non
665 3736 861 3805 enim
895 3735 1139 3805 inveni
1174 3751 1300 3805 tua
1340 3758 1568 3831 opera
1594 3728 1812 3828 plena
1841 3751 2089 3797 coram
2113 3729 2296 3796 Deo.

337 3851 406 3914 3.
490 3837 857 3906 Memento
912 3835 1134 3932 igitur
1191 3832 1565 3931 quomodo
1616 3827 1989 3927 acceperis
2053 3843 2129 3896 et
2179 3849 2303 3894 au-

181 3935 435 4021 dieris,
498 3951 574 4004 et
627 3935 930 4006 observa
985 3953 1058 4006 et
1110 3934 1500 4032 resipisce:
1572 3930 1634 4000 si
1688 3955 1860 4026 ergo
1913 3953 2067 3999 non
2118 3925 2301 4025 vigi-

179 4034 484 4122 laveriS,
549 4037 835 4106 veniam
887 4061 1108 4134 super
1159 4051 1229 4105 te
1283 4051 1633 4129 tanquam
1682 4031 1831 4119 fur,
1888 4043 1965 4101 et
2013 4029 2303 4102 nescies

181 4163 324 4232 qua
379 4136 566 4208 hora
611 4139 898 4208 veniam
950 4161 1171 4233 super
1221 4151 1312 4204 te.

346 4247 414 4321 4.
498 4237 746 4310 Habes
821 4263 1057 4336 pauca
1125 4234 1423 4344 nomina
1490 4233 1708 4306 etiam
1778 4232 1851 4302 in
1924 4230 2301 4317 SardibuS‚
