2700 4792
441 375 556 428 230
813 359 1314 418 APOCALYPSIS
1359 357 1793 416 EXPLICATA.
1870 359 1920 426 δ.
1964 365 2093 419 175.

437 537 648 580 omnes
685 521 786 594 qui
819 521 880 577 in
913 520 1086 578 bonis
1131 520 1350 577 amoris
1398 523 1459 578 et
1492 517 1631 577 inde
1664 520 1857 592 veris3
1916 516 2211 574 adducere
2244 531 2312 574 ex
2340 519 2494 575 omni-
2596 442 2617 550 1

439 621 554 680 bus
606 617 886 696 gentibus
943 635 1160 678 :nunus
1213 618 1493 677 Jehovac
1540 633 1725 694 super
1774 619 1943 693 cquis
2006 621 2069 675 et
2122 633 2294 692 super
2334 631 2493 690 curru,

439 737 656 778 munus
691 719 970 778 Jehovae
1027 725 1122 778 est
1161 717 1361 778 cultus
1404 735 1480 776 ex
1530 716 1689 777 bono
1744 719 1982 791 amoris,
2040 719 2177 792 equi
2226 721 2281 774 et
2326 732 2496 774 currus

442 825 582 879 sunt
633 818 1066 877 intellectualia
1118 823 1178 876 et
1231 817 1601 890 doctrinalia,
1658 835 1795 875 nam
1850 835 1924 876 ex
1970 817 2067 875 his
2120 823 2179 875 et
2228 832 2391 890 super
2429 814 2501 871 his

438 918 723 978 fundatur
757 918 986 994 cultus3
1045 918 1204 994 quod
1239 919 1381 994 equi
1420 923 1481 976 et
1518 933 1726 976 currus
1753 917 1857 976 illa
1892 917 2239 994 significent,
2274 915 2502 973 videatur
2616 930 2618 986 f

437 1023 500 1078 in
537 1017 847 1095 Opusculo
885 1018 957 1076 de
993 1019 1164 1085 Eouo
1199 1012 1369 1078 Anno
1421 1035 1491 1075 n:
1534 1021 1559 1074 1
1608 1017 1685 1076 ad
1728 1018 1787 1075 5.
1842 1018 2027 1094 Apud
2053 1017 2313 1076 Eundem
2354 1011 2504 1087 „Fiet

437 1120 510 1180 in
544 1117 652 1178 die
675 1115 792 1178 illo
826 1117 1144 1178 Radit-em
1169 1115 1455 1198 Jischaji
1466 1161 1481 1190 ,
1522 1116 1637 1194 qui
1670 1121 1854 1176 stans
1891 1117 1964 1177 in
1998 1117 2259 1195 siynum
2280 1109 2505 1193 populo-

439 1239 614 1292 rum,
673 1215 906 1278 Gentes
951 1219 1290 1296 quaeram
1345 1217 1473 1276 XI:
1522 1221 1641 1292 103
1706 1217 1905 1276 Radix
1942 1216 2173 1293 Ischaji
2209 1223 2297 1272 est
2330 1214 2502 1272 Domi-

439 1337 585 1395 nus;
641 1325 802 1378 stare
838 1321 900 1376 in
939 1320 1174 1393 signum
1201 1316 1557 1394 populorum
1578 1361 1593 1390 ,
1639 1324 1733 1376 est
1767 1324 1835 1375 ut
1868 1318 2153 1376 videatur
2188 1316 2261 1374 ab
2292 1314 2399 1372 illis
2430 1315 2507 1388 qui

437 1421 500 1479 in
535 1421 693 1500 yeris
735 1425 903 1486 sunt,
957 1425 1166 1494 gentes
1209 1419 1310 1491 qui
1349 1424 1645 1492 quaerent
1686 1423 1828 1476 sunt
1864 1420 1965 1493 qui
2002 1420 2065 1475 in
2104 1417 2259 1476 bono
2298 1415 2506 1485 amori53
2618 1420 2620 1520 Ι

441 1520 700 1580 creditur
729 1519 886 1595 quod
913 1535 1024 1595 per
1055 1517 1286 1576 Gentes
1319 1515 1403 1575 ibi
1428 1516 1839 1593 intelligantur
1875 1517 2107 1576 Gentes
2152 1533 2301 1592 quae
2334 1529 2503 1572 acces·

441 1637 620 1680 surae
657 1627 798 1678 sunt
833 1626 896 1677 et
928 1618 1250 1676 Dominum
1285 1619 1617 1693 agniturae,
1672 1635 1743 1676 ex
1776 1618 1995 1694 quibus
2032 1617 2335 1686 Ecclesia,
2388 1629 2507 1689 quae

438 1721 714 1781 Ecclesia
753 1719 1034 1778 Gentium
1071 1725 1350 1785 vocatur,
1408 1723 1470 1777 at
1506 1735 1621 1776 non
1656 1717 1745 1776 illi
1783 1737 1893 1794 per
1932 1717 2165 1778 Gentes
2206 1715 2504 1789 intelligun-

441 1827 564 1894 tur,
615 1819 724 1878 sed
759 1836 963 1878 omnes
999 1821 1102 1894 qui
1135 1821 1195 1876 in
1237 1835 1441 1878 amore
1486 1825 1546 1876 et
1586 1818 1703 1878 fide
1740 1821 1800 1876 in
1840 1819 2167 1876 Dominum
2217 1823 2369 1888 sunt,
2410 1815 2505 1871 sive

436 1923 598 1978 intra
629 1918 960 1977 Ecclesiam
1011 1921 1140 1981 sive
1193 1925 1364 1976 extra
1398 1918 1560 1976 illam
1598 1920 1741 1993 sint,
1806 1919 2087 1977 videatur
2137 1921 2197 1976 in
2234 1917 2416 1991 Opere
2453 1911 2506 1969 de

441 2018 644 2079 Coeno
681 2037 758 2076 m·
794 2018 1100 2092 Inrnnno,
1164 2038 1232 2076 n:
1285 2020 1449 2078 308.
1498 2020 1635 2078 318
1678 2019 1757 2076 ad
1796 2020 1958 2078 328.
2051 2018 2242 2096 Apud
2287 2012 2507 2073 Eundem

439 2118 908 2195 „Honorabunt
939 2116 1029 2177 Te
1052 2116 1335 2198 populus
1364 2115 1646 2188 validus,
1680 2119 1831 2181 urbs
1866 2117 2178 2180 Gentium
2200 2113 2508 2198 potentium

439 2219 744 2279 timebunt
799 2215 934 2278 Te“
970 2219 1187 2278 XXV:
1232 2221 1302 2277 3:
1360 2218 1523 2294 apud
1557 2219 1827 2278 Eundem
1879 2219 2199 2299 „Aperite
2221 2220 2430 2298 portas
2457 2214 2510 2271 ut
2620 2195 2622 2276 Ξ

437 2317 848 2400 inqrediatur
895 2316 1068 2378 Gens
1100 2317 1325 2400 justa,
1396 2317 1729 2380 addidisti
1764 2318 1959 2380 Genti
1992 2318 2309 2390 Jehovah,
2352 2311 2505 2374 addi-

436 2418 606 2480 disti
641 2418 857 2493 Genti,
905 2416 1314 2499 ylorificatus
1340 2422 1453 2478 es“
1505 2420 1753 2480 XXVI:
1796 2425 1857 2480 2.
1905 2423 2027 2482 15:
2082 2420 2251 2498 apud
2288 2414 2507 2476 Eundem
2623 2407 2624 2418 *

435 2520 1007 2602 „Appropinqaate
1047 2518 1280 2579 Gentes
1325 2518 1417 2579 ad
1460 2519 1853 2582 audiendum
1870 2565 1885 2595 ,
1941 2526 2001 2581 et
2022 2519 2262 2600 populi
2292 2507 2505 2578 auscul-

436 2625 613 2682 tate“
660 2621 973 2680 XXXIV:
1021 2624 1047 2677 l
1075 2641 1091 2679 ι
1143 2619 1305 2695 apud
1331 2620 1603 2680 Eundem
1644 2619 1972 2695 „Jehovah
1998 2621 2224 2682 vocavi
2247 2625 2307 2678 te
2338 2617 2399 2676 in
2414 2612 2505 2695 ju·

435 2722 640 2798 stitia,
679 2722 750 2782 in
762 2719 1002 2803 foedus
1018 2717 1278 2798 popula
1305 2720 1377 2779 in
1411 2717 1609 2780 lucem
1633 2721 1966 2799 yentiam“
2007 2721 2217 2782 XLII:
2262 2724 2331 2780 6:
2382 2709 2509 2791 apud
2622 2735 2624 2776 ι

431 2820 761 2884 Jeremiam
812 2819 1245 2896 „Benedicent
1279 2820 1405 2880 sibi
1433 2820 1501 2880 in
1535 2819 1639 2880 Eo
1674 2826 1918 2900 yentes,
1974 2827 2033 2881 et
2058 2821 2131 2882 in
2164 2821 2269 2882 Eo
2300 2812 2505 2898 ylaria-

433 2923 711 2982 buntur“
747 2921 869 2980 IV:
913 2926 990 2980 2:
1030 2920 1192 2997 apud
1228 2921 1497 2980 Eundem
1565 2921 1786 2996 „Quis
1820 2940 1945 2982 non
1981 2921 2228 2982 timebit
2267 2918 2351 2980 Te
2388 2915 2505 2976 Rex

433 3021 748 3100 yentium,
803 3025 862 3079 et
903 3021 975 3081 in
1012 3021 1184 3081 omni
1226 3021 1453 3100 Reyno
1492 3040 1711 3082 earum
1742 3041 1869 3081 non
1906 3021 2073 3083 sicat
2124 3022 2274 3083 Tw‘
2330 3017 2413 3078 X:
2454 3017 2505 3070 7²

435 3120 599 3197 apud
643 3120 956 3179 Danielem
1013 3166 1051 3196 „
1080 3119 1317 3182 Viden-9
1346 3121 1467 3200 sui
1512 3120 1582 3181 in
1632 3121 1987 3184 visionibus
2032 3122 2270 3196 noctis,
2326 3121 2380 3177 et
2408 3127 2509 3173 80⁶0

435 3237 578 3280 cum
610 3218 875 3279 nubibus
913 3219 1086 3282 Oceli
1133 3221 1300 3282 sicat
1337 3219 1563 3282 Filius
1612 3220 1917 3294 hominis,
1960 3222 2147 3284 Huic
2190 3221 2405 3282 datum
2436 3213 2507 3272 εει

433 3318 787 3381 dominium
822 3326 881 3380 et
905 3319 1121 3401 yloria
1146 3327 1205 3381 et
1237 3341 1519 3401 reynum,
1558 3327 1619 3382 et
1656 3341 1865 3383 omnes
1892 3320 2152 3402 populi,
2192 3325 2422 3402 yentes‚
2465 3313 2506 3369 ei

435 3419 698 3501 linquae
729 3420 959 3500 Ipsam
995 3404 1236 3482 colent“
1278 3422 1425 3482 VH:
1474 3425 1583 3482 13.
1633 3426 1754 3482 14:
1808 3423 1973 3499 apud
1993 3424 2290 3483 Davidem
2330 3414 2501 3495 „Gon-

420 3522 772 3604 fitebuntur
819 3521 970 3582 Tibi
1007 3519 1237 3601 populi
1244 3561 1267 3597 7
1337 3522 1531 3582 Deus
1543 3567 1558 3597 ,
1620 3523 2073 3604 confitebuntur
2129 3521 2280 3584 Tibi
2317 3507 2504 3600 populi

233 3619 394 3684 [160]
433 3640 664 3693 omnes,
717 3619 1123 3683 laetabuntur
1160 3627 1232 3680 et·
1253 3620 1625 3703 jubilabunt
1661 3620 1922 3699 Gentes,
1986 3640 2053 3682 eo
2086 3623 2255 3702 quod
2280 3616 2503 3704 judiea-

431 3728 618 3786 turus
653 3742 719 3783 es
742 3720 1020 3802 populos
1057 3721 1437 3782 rectitudine
1450 3768 1465 3795 ,
1522 3729 1583 3783 et
1622 3722 1855 3783 Gentes
1906 3724 1975 3784 in
2030 3727 2204 3784 terra
2240 3723 2504 3782 ductum:

429 3826 540 3884 es“
595 3824 834 3884 Psalm:
887 3822 1161 3883 LXVII:
1217 3827 1278 3882 4.
1323 3825 1381 3883 5.
1442 3827 1509 3882 6:
1570 3824 1735 3900 apud
1768 3824 2039 3882 Eundem
2117 3821 2253 3898 „Ut
2294 3817 2501 3880 videam

429 3923 656 3985 bonum
698 3921 1069 3984 Elec-torum
1117 3928 1373 3984 tuorum
1386 3969 1403 3999 ,
1470 3927 1530 3982 et
1580 3921 1777 3984 laeter
1834 3924 1904 3983 in
1946 3908 2201 4003 glaudio*
2245 3915 2503 3983 Gentium

431 4024 740 4082 tuarum“
784 4023 1020 4082 Psalm:
1055 4021 1225 4082 CVI:
1273 4025 1332 4083 5:
1363 4026 1425 4082 in
1460 4023 1840 4101 Apocalypsi
1895 4022 2298 4104 „Afferretur
2325 4010 2499 4100 yloria

430 4124 492 4179 et
537 4119 734 4181 honor
777 4123 1064 4200 yentium
1119 4122 1189 4182 in
1238 4122 1491 4184 Novam
1540 4121 2115 4204 Hierosolymam“
2186 4103 2365 4184 XXI!
2402 4115 2497 4173 24:

434 4219 596 4294 apud
628 4220 899 4294 Esaiam:
952 4263 988 4294 „
1013 4220 1138 4282 Vos
1181 4223 1539 4283 sacerdotes
1574 4223 1853 4284 Jekovae
1888 4223 2291 4300 vocabimini,
2340 4208 2495 4278 mini-
