2700 4792
43 7 106 435 Ι
315 363 548 420 carm*
585 363 926 422 TERTIUM.
1659 365 1869 422 VERS:
1918 378 2007 431 ιτ.
2202 379 2309 436 391

199 525 364 604 qiua,
411 527 594 586 etiam
627 543 706 586 ex
745 541 964 600 causa,
1015 525 1156 602 quia
1191 529 1396 586 vestes
1442 531 1653 604 tegunt
1688 515 1907 606 coi-pne
1944 535 2007 590 ει
2052 547 2312 604 carnem,

199 633 256 686 et
285 643 400 704 per
437 643 658 702 corpus
698 633 759 684 et
793 642 1032 686 carnem
1081 625 1455 702 significatur
1486 626 1735 702 bonum,
1792 629 1929 689 inde
1966 645 2074 708 per
2106 638 2310 694 vestes

199 727 606 804 significantur
654 727 762 786 illa
799 743 956 809 quae
993 731 1202 802 tegunt
1234 725 1477 786 bonum.
1557 727 1667 786 Est
1699 729 2041 790 intellectus
2086 735 2215 794 veri
2250 741 2311 794 ει

197 833 286 886 est
309 825 658 886 intellectus
685 826 844 901 boui,
881 825 1220 886 inteueetus
1249 828 1381 886 veri
1416 832 1509 887 est
1542 828 1883 890 intellectus
1916 829 2126 890 talium
2154 850 2309 909 quae

193 926 332 986 fidei
383 932 562 999 sunt,
629 944 702 986 ac
749 925 1092 986 intellectus
1141 926 1284 986 boni
1343 932 1437 986 est
1496 928 1835 988 intellectus
1886 929 2093 988 talium
2150 949 2309 1008 quae

195 1028 416 1088 amoris
454 1032 518 1086 et
543 1026 848 1086 charitatis
875 1033 1046 1084 sumt:
1083 1033 1178 1085 est
1205 1043 1445 1102 quoque
1480 1027 1755 1088 voluntas
1782 1031 1911 1088 veri
1942 1036 2003 1087 et
2028 1029 2307 1094 voluntas

195 1127 366 1201 boni,
423 1126 704 1187 voluntas
739 1129 868 1186 veri
905 1134 997 1186 est
1033 1127 1196 1203 apud
1230 1125 1367 1186 illos
1404 1129 1506 1204 qui
1543 1145 1577 1186 ε
1612 1128 1909 1206 spirituali
1942 1128 2151 1206 Regno
2177 1131 2309 1192 Do-

191 1230 334 1286 mini
369 1233 542 1297 sunt,
595 1227 872 1286 voluntas
921 1234 1120 1286 autem
1167 1227 1310 1287 boni
1356 1234 1449 1286 est
1496 1229 1659 1304 apud
1692 1228 1827 1288 illos
1874 1230 1977 1305 qui
2028 1247 2061 1289 e
2096 1230 2307 1308 Regno

189 1329 446 1387 coelesti
480 1326 726 1386 Domini
762 1333 928 1401 sunt,
982 1328 1046 1386 hi
1097 1329 1238 1405 quia
1273 1329 1336 1385 in
1372 1345 1573 1388 amore
1621 1331 1680 1386 in
1718 1329 2037 1388 Dominum
2074 1338 2135 1390 et
2167 1333 2306 1392 inde

189 1431 246 1486 in
279 1443 494 1486 amore
531 1435 770 1502 mutuo,
825 1417 925 1510 qui
961 1428 1080 1488 illis
1135 1435 1232 1488 est
1265 1428 1527 1488 charitas
1564 1445 1709 1504 erga
1742 1431 2103 1506 proximum,
2162 1449 2307 1493 vera

190 1528 418 1587 habent
471 1529 758 1604 inscripta
805 1528 1084 1588 cordibus
1119 1530 1281 1600 suis,
1337 1536 1400 1587 et
1446 1529 1583 1588 inde
1610 1529 1836 1588 faciunt
1871 1529 1991 1606 illa,
2042 1538 2103 1590 et
2144 1532 2304 1608 quod

187 1628 466 1706 procedit
521 1644 596 1686 ex
643 1629 822 1688 corde
873 1636 967 1688 est
1013 1647 1089 1688 ex
1133 1628 1439 1687 voluntate
1494 1628 1665 1702 boni,
1730 1647 1833 1690 cor
1889 1637 1983 1688 eet
2024 1631 2301 1692 voluntas

191 1730 356 1804 boni3
413 1734 478 1786 at
511 1727 602 1786 illi
636 1730 736 1804 qui
767 1730 832 1788 in
865 1745 1068 1788 amore
1105 1746 1250 1806 erga
1283 1730 1619 1806 proximum
1654 1737 1823 1805 sunt,
1880 1733 1983 1809 qui
2020 1748 2187 1793 amor
2212 1739 2304 1792 est

189 1831 476 1896 charitas,
512 1844 629 1887 non
663 1829 888 1888 habent
913 1846 1060 1888 vera
1093 1831 1387 1906 inscripta
1413 1829 1711 1905 cordibus,
1750 1832 1859 1890 sed
1886 1835 2205 1893 memoriae
2243 1840 2305 1892 et

191 1932 324 1993 inde
359 1929 552 1986 menti
585 1929 1006 2006 intellectuali,
1063 1935 1148 2001 et,
1168 1927 1329 2005 quod
1376 1929 1514 1989 inde
1549 1931 1821 2007 procedit
1868 1951 1945 1994 ex
1990 1933 2303 1994 affectione

193 2040 284 2092 est
344 2027 631 2088 voluntas
679 2032 836 2105 veri;
903 2031 994 2088 ita
1051 2029 1496 2107 distinguuntur
1546 2031 1766 2108 Angeli
1825 2033 2171 2109 spirituales
2224 2033 2301 2092 ab

193 2128 444 2210 Angelis
497 2129 891 2206 coelestibu53
959 2131 1024 2188 hi
1069 2130 1212 2189 nudi
1265 2137 1562 2206 apparent
1608 2132 1669 2188 in
1716 2132 1914 2206 coe10,
1970 2131 2059 2191 illi
2102 2139 2303 2192 autem

193 2231 424 2293 vestiti:
481 2244 668 2288 causa
708 2230 866 2307 quod
893 2223 1106 2310 Angeli
1133 2229 1431 2290 coelestes
1466 2229 1607 2288 nudi
1643 2239 1992 2306 appareant,
2030 2241 2126 2292 ost
2162 2234 2305 2309 quia

193 2351 312 2392 non
347 2344 504 2406 opus
551 2329 776 2390 habent
820 2334 1108 2390 memoria
1153 2333 1409 2390 retinere
1446 2346 1621 2401 vera,
1676 2347 1787 2390 nec
1822 2332 2130 2393 intellectu
2163 2333 2303 2392 inde

195 2429 700 2508 comprehendere
733 2431 870 2506 illa,
927 2435 1068 2508 quia
1099 2431 1322 2490 habent
1356 2429 1460 2488 illa
1494 2431 1783 2506 inscripta
1818 2432 2009 2506 cordi,
2047 2432 2163 2492 hoc
2188 2437 2303 2504 est,
2342 2442 2503 2506 [259]

201 2534 390 2590 amori
426 2538 486 2587 et
515 2531 838 2603 voluntati,
887 2549 958 2591 ac
991 2532 1130 2591 inde
1169 2531 1375 2590 vident
1408 2530 1515 2590 illa
1526 2549 1543 2605 3
1599 2536 1661 2588 at
1706 2530 1863 2605 quod
1900 2531 2115 2607 Angeli
2168 2533 2299 2607 spi-

198 2632 448 2690 rituales
484 2635 680 2690 vestiti
717 2640 1068 2710 appareant,
1105 2638 1199 2692 est
1235 2634 1377 2706 quia
1409 2630 1635 2690 habent
1668 2649 1811 2689 vera
1844 2631 2131 2705 inscripta
2168 2648 2297 2690 me-

194 2736 418 2793 moriae
446 2736 509 2789 et
533 2733 668 2790 inde
695 2733 1042 2806 intellectui,
1081 2749 1152 2792 ac
1178 2749 1324 2790 vera
1354 2732 1673 2790 momoriae
1702 2737 1763 2789 ει
1794 2731 1931 2790 inde
1956 2729 2299 2791 Intellectus

194 2840 328 2894 sunt
363 2847 524 2911 quae
563 2834 1030 2910 correspondent
1054 2831 1346 2905 vestibus,
1386 2848 1584 2913 quare„
1608 2849 1813 2891 omnes
1850 2849 1919 2890 ex
1954 2829 2071 2888 iuis
2098 2833 2303 2890 vestiti

195 2938 493 3012 apparent
527 2934 852 2992 secundum
875 2934 1364 3010 intelligentiam3
1403 2931 1563 3009 quod
1589 2932 1807 3007 Angeli
1840 2935 1922 2991 ita
1947 2933 2296 3008 vestiantur,

190 3035 468 3094 videatur
495 3033 572 3090 in·
592 3032 792 3110 Opere
829 3034 904 3093 de
941 3033 1144 3094 Cotto
1171 3049 1250 3092 nr
1273 3033 1551 3092 [Numano
1588 3051 1655 3092 n:
1704 3037 1828 3092 177
1864 3032 1943 3094 ad
1978 3034 2134 3092 182.
2211 3033 2301 3092 Ex

189 3134 278 3195 his
319 3139 601 3196 constare
649 3142 852 3212 potest
903 3134 1046 3211 quid
1080 3133 1292 3194 Nudus
1341 3131 1636 3209 significat
1696 3135 1757 3191 in
1806 3141 2059 3211 utroque
2096 3151 2299 3207 sensu,

143 3226 146 3228 ’
193 3253 408 3312 nempe
457 3235 614 3311 quod
663 3237 720 3292 in
757 3253 874 3294 uno
909 3233 1205 3310 significet
1251 3232 1387 3292 illos
1433 3234 1536 3309 qui
1570 3235 1628 3292 in
1665 3233 1823 3293 bono
1858 3235 2107 3295 coelesti
2142 3240 2297 3309 sunt,

189 3337 246 3394 iu
287 3336 484 3394 altero
519 3341 722 3394 autem
755 3335 894 3396 illos
946 3337 1046 3410 qui
1083 3350 1198 3392 non
1231 3334 1294 3391 in
1327 3334 1485 3392 bono
1521 3343 1659 3393 sunt
1694 3337 1834 3410 quia
1868 3353 1987 3394 non
2022 3336 2081 3392 in
2118 3339 2299 3396 veris,

193 3434 310 3495 Sed
361 3435 514 3496 haec
551 3435 762 3494 melius
799 3434 989 3495 videri
1022 3440 1276 3511 'possunt
1321 3451 1399 3492 ex
1430 3434 1579 3494 locis
1631 3436 1691 3492 in
1727 3435 1929 3494 Verbo
1966 3432 2067 3492 ubi
2103 3435 2299 3492 nudus

190 3552 254 3594 ac
285 3536 530 3596 nuditas
557 3538 952 3606 nominantur,
989 3552 1144 3613 quae
1169 3533 1306 3593 loca
1332 3541 1475 3594 sunt
1500 3537 1831 3610 sequentia3
1869 3532 2030 3608 apud
2057 3533 2299 3608 Esajam

192 3680 226 3710 „
243 3635 466 3698 Dixit
507 3633 793 3696 Jeltovah
828 3635 1204 3717 prophetae,
1272 3654 1433 3695 exue
1472 3651 1723 3694 uaccam
1760 3632 2029 3710 desuper
2068 3629 2301 3692 lumbi&

189 3737 350 3809 tuis,
403 3741 464 3796 et
500 3733 778 3798 calceum
815 3742 996 3798 tuum
1041 3753 1201 3796 exue
1237 3733 1507 3813 desuper
1525 3730 1691 3811 pede
1716 3736 1854 3801 tua,
1892 3735 1953 3790 et
1986 3731 2150 3811 fecit
2176 3731 2295 3804 ita,

191 3841 338 3898 tunc
363 3835 544 3898 dimit
569 3836 871 3908 Jehovah,
901 3837 1070 3898 siout
1097 3835 1220 3896 ivit
1245 3851 1465 3895 servus
1490 3851 1667 3893 meae
1692 3830 2035 3913 Jeeohajah
2059 3829 2301 3892 Nudus
2336 3901 2357 3910 ²

188 3943 243 3997 et
267 3933 716 4012 discalceatus,
763 3937 860 3998 sic
892 3937 1076 3999 ducet
1099 3935 1250 3997 Rex
1275 3932 1595 3996 Aechzm's
1618 3931 2053 4012 captivitatem
2078 3929 2299 4010 Aeyy-

180 4037 304 4116 pti,
337 4042 399 4098 et
423 4039 675 4102 turbam
699 4035 1160 4119 deportandam
1183 4033 1453 4106 Kaechi,
1481 4052 1717 4113 pueros
1744 4037 1805 4092 et
1828 4051 2021 4106 aenea,
2057 4029 2305 4094 nudum

190 4143 245 4197 et
273 4136 747 4212 discalceatum,
782 4143 842 4198 et
865 4138 1134 4200 detectos
1157 4141 1357 4212 ‘nate-5,
1387 4133 1773 4216 Nuditatem
1789 4133 2118 4217 Aeyypti“
2146 4133 2303 4195 XX:

197 4240 253 4298 2.
301 4241 362 4299 3.
398 4243 472 4314 43
512 4240 657 4318 quid
682 4240 993 4300 Ecclesiae
1031 4245 1089 4298 et
1119 4237 1286 4300 Coeli
1321 4239 1384 4298 in
1408 4236 1501 4296 his
1530 4235 1897 4298 reconditum
1926 4237 2091 4312 latet,
2130 4251 2303 4296 nemo
