2700 4792
401 351 510 404 112
743 337 1231 394 APOCALYPSIS
1285 337 1717 396 ExleCATA.
1800 337 1847 405 ς.
1892 347 1985 400 95.
2028 345 2122 400 sc.

401 503 570 570 sunt,
609 503 706 556 est
739 499 880 574 quia
913 496 1001 556 illi
1035 503 1176 556 sunt
1217 497 1318 574 qui
1347 513 1459 574 per
1484 495 1789 573 Angelum
1812 495 2158 572 Ephesinae
2194 497 2539 560 Ecclesiae

400 598 844 674 intelliguntur3
899 596 1061 673 quod
1107 596 1194 656 illi
1245 595 1683 672 intelligantur,
1748 602 1985 656 constat
2022 613 2098 656 ex
2146 597 2295 672 illis,
2350 616 2541 676 quae

299 739 308 748 .
403 697 481 756 ad
517 698 689 756 istius
725 697 1035 758 Ecclesiae
1072 697 1373 773 Angelum
1412 699 1639 772 scripta
1688 703 1859 772 sunt3
1912 713 2035 756 non
2072 697 2315 758 aliunde
2372 703 2541 758 sciri

404 802 638 876 potest,
715 797 858 874 quid
917 815 1028 875 per
1075 797 1344 875 cujusvis
1406 797 1717 856 Ecclesiae
1779 795 2079 873 Angelum
2138 798 2541 874 intelligitur,

405 915 588 975 quam
625 915 697 958 ex
733 913 918 958 sensu
959 900 1191 958 interno
1229 913 1435 957 eorum
1480 913 1637 973 quae
1678 903 2009 972 sequuntur
2045 899 2301 974 scripta:
2358 899 2539 960 dici-

404 1005 501 1058 tur
543 1015 620 1058 ex
658 1014 840 1058 sensu
877 1000 1140 1070 interno,
1199 999 1342 1074 quia
1378 999 1601 1072 omnia,
1640 1013 1795 1074 quae
1832 998 1894 1054 in
1930 997 2329 1074 Apocalypsi,
2374 1008 2539 1060 sunt

405 1097 789 1175 prophetica,
847 1107 908 1158 et
968 1097 1323 1174 prophetica
1370 1113 1491 1156 non
1542 1095 1923 1172 explicabilia
1971 1103 2111 1154 sunt
2172 1114 2350 1174 quam
2406 1119 2538 1177 per

403 1215 650 1258 sensum
686 1201 984 1257 internum
1003 1217 1018 1272 3
1075 1199 1208 1274 quis
1245 1213 1365 1254 non
1398 1197 1596 1265 videt,
1632 1197 1731 1272 qui
1767 1196 1915 1274 legit
1948 1195 2307 1273 Prophetas,
2324 1201 2537 1276 -quod

408 1315 628 1357 arcana
663 1298 746 1356 ibi
783 1300 931 1368 sint,
985 1314 1141 1373 quae
1185 1295 1371 1355 altius
1418 1295 1725 1356 recondita
1774 1303 1941 1370 sunt,
1997 1315 2179 1374 quam
2225 1300 2287 1356 in
2324 1315 2535 1360 sensu

403 1399 585 1475 plano
626 1398 838 1458 literae
857 1443 872 1470 ,
921 1405 982 1457 et
1017 1399 1157 1473 quia
1191 1413 1414 1457 arcana
1446 1397 1553 1456 illa
1588 1415 1625 1455 a
1660 1396 1788 1456 solo
1824 1397 2083 1456 naturali
2116 1397 2353 1458 homine
2398 1418 2533 1460 non

401 1506 660 1576 possunt
711 1499 936 1567 videri,
989 1505 1359 1575 quapropter
1406 1497 1525 1566 illi,
1590 1499 1692 1573 qui
1738 1502 2011 1556 sanctum
2066 1497 2293 1558 habent
2344 1499 2527 1560 Ver-

405 1599 586 1673 bum,
639 1605 1028 1675 praetereunt
1075 1598 1182 1657 illa
1225 1615 1380 1674 quae
1438 1614 1559 1656 non
1608 1596 1977 1674 intelligunt,
2034 1597 2301 1658 dicentes
2350 1601 2528 1676 quod

404 1701 546 1760 insit
588 1715 870 1758 arcanum
905 1698 1066 1775 quod
1107 1715 1224 1756 non
1263 1700 1490 1769 sciunt,
1546 1703 1607 1756 et
1652 1697 1811 1773 quod
1846 1697 2087 1774 quidam
2122 1705 2343 1758 vocant
2378 1719 2525 1778 my-

407 1799 626 1858 sticum
637 1817 654 1872 ;
707 1799 868 1879 quod
913 1799 1027 1858 hoc
1075 1801 1154 1857 sit
1203 1798 1514 1874 spirituale
1567 1796 1781 1870 Verbi,
1839 1797 2024 1874 aliqui
2072 1798 2299 1873 sciunt,
2364 1804 2523 1876 quia

407 1898 670 1973 cogitant
711 1898 870 1974 quod
907 1897 1174 1958 Verbum
1214 1901 1275 1956 in
1318 1914 1429 1957 suo
1481 1899 1617 1956 sinu
1660 1897 1971 1974 spirituale
2012 1904 2106 1956 est
2146 1901 2289 1974 quia
2326 1899 2514 1959 Divi-

405 2015 580 2066 num,
632 1998 743 2057 sed
775 2015 969 2074 usque
1015 1998 1310 2058 hactenus
1355 2000 1619 2073 ignotum
1662 1997 1809 2072 fuit,
1866 1997 2027 2074 quod
2076 1996 2138 2056 id
2172 2001 2252 2057 sit
2284 1985 2511 2060 sensus

406 2099 539 2174 ejus
583 2099 945 2173 spiritualiS,
1013 2105 1073 2157 et
1130 2098 1291 2174 quod
1325 2098 1595 2156 Verbum
1641 2099 1703 2155 in
1750 2097 1865 2156 hoc
1918 2114 2103 2158 sensu
2143 2098 2514 2176 intelligatur

406 2199 484 2258 ab
537 2197 816 2274 Angelis,
871 2216 942 2258 ac
994 2199 1156 2274 quod
1197 2215 1309 2275 per
1358 2215 1495 2257 eum
1530 2214 1781 2258 sensum
1822 2199 1900 2256 sit
1952 2199 2291 2274 conjunctio
2330 2199 2505 2260 Coeli

407 2317 544 2360 cum
589 2299 828 2358 homine
863 2300 1173 2358 Ecclesiae
1197 2343 1214 2373 ,
1262 2298 1538 2358 videatur
1572 2300 1635 2356 in
1680 2295 1883 2373 Opere
1919 2297 1994 2357 de
2033 2297 2247 2358 Conso
2282 2318 2363 2358 m·
2392 2299 2507 2360 In-

404 2419 604 2464 rnnNo
659 2417 728 2458 n:
798 2401 936 2460 303
970 2399 1045 2458 ad
1080 2400 1238 2458 310.
1321 2398 1500 2474 Quod
1546 2397 1635 2456 illi
1672 2399 1775 2473 qui
1807 2401 1869 2456 in
1906 2399 2345 2474 cognitionibus
2376 2402 2509 2458 veri

407 2497 486 2561 et'
504 2500 642 2560 boni
675 2517 755 2560 ex
806 2498 998 2563 Verbo
1025 2506 1198 2568 sunt,
1231 2498 1642 2574 intelligantur
1682 2515 1795 2574 per
1832 2493 2127 2574 Angelum
2162 2499 2505 2576 Ephesinae

402 2601 744 2675 Ecclesiae,
811 2607 908 2659 est
955 2601 1096 2675 quia
1130 2616 1241 2676 per
1277 2601 1649 2674 cognitiones
1692 2599 1821 2657 veri
1870 2605 1931 2659 et
1972 2599 2113 2658 boni
2156 2599 2504 2676 intelligun-

407 2709 504 2760 tur
541 2701 894 2761 doctrinalia
937 2700 1280 2774 Ecclesiae,
1339 2705 1401 2757 et
1440 2700 1593 2758 haec
1640 2716 1759 2758 non
1806 2698 2046 2758 aliunde
2098 2707 2357 2774 possunt
2389 2699 2503 2758 ha-

404 2802 532 2862 beri
581 2818 759 2876 quam
811 2818 886 2859 ex
937 2800 1160 2859 Verbo.
1271 2799 1393 2858 Cur
1428 2800 1676 2872 dicitur,
1733 2797 1809 2856 ad
1858 2799 2157 2876 Angelum
2193 2799 2507 2860 Ecclesiae

411 2901 640 2970 scribe,
695 2908 754 2960 et
789 2918 907 2959 non
949 2900 1026 2958 ad
1059 2900 1425 2972 Ecclesiam,
1474 2899 1750 2958 videatur
1784 2917 1971 2976 supra
2022 2899 2147 2978 [nt]
2194 2903 2302 2959 92.

567 3002 676 3060 96.
749 3001 918 3060 Haec
969 3001 1112 3060 dicit
1157 3007 1371 3060 tenens
1420 3005 1654 3075 septem
1714 2999 1923 3058 stellas
1982 3003 2045 3058 in
2106 2998 2319 3058 dextra
2370 3017 2503 3074 sua,

407 3099 567 3178 quod
601 3101 894 3178 significet
937 3119 974 3160 a
1025 3099 1158 3174 Quo
1195 3117 1403 3170 omnes
1442 3101 1811 3176 cognitiones
1845 3099 1986 3158 boni
2021 3107 2085 3160 et
2129 3103 2288 3175 veri,
2354 3099 2503 3160 con-

402 3207 522 3259 stat
574 3219 648 3262 ex
709 3201 1142 3278 significatione
1189 3207 1423 3276 septem
1476 3199 1815 3274 stellarum,
1896 3201 2062 3275 quod
2114 3202 2235 3258 sint
2294 3216 2501 3261 omnes

402 3303 766 3378 cognitiones
805 3301 945 3360 boni
982 3305 1042 3357 et
1079 3302 1236 3370 veri,
1285 3301 1359 3360 de
1400 3318 1521 3376 qua
1557 3317 1745 3376 supra
1780 3319 1851 3358 n:
1912 3305 2029 3360 72:
2090 3309 2151 3362 et
2192 3317 2267 3360 ex
2310 3302 2497 3378 signi-

398 3401 672 3462 ficatione
711 3402 992 3467 dextrae,
1047 3415 1180 3457 cum
1227 3399 1300 3459 dc
1341 3401 1631 3475 Domine,
1686 3401 1849 3476 quod
1888 3403 1965 3460 sit
2010 3403 2173 3477 quod
2224 3401 2301 3462 ab
2338 3402 2498 3478 Ipso,

399 3501 473 3562 de
525 3519 644 3579 qua
699 3504 878 3560 etiam
931 3515 1116 3575 supra
1167 3517 1230 3559 n:
1295 3504 1405 3560 72.
1483 3503 1602 3575 793
1668 3501 1806 3561 inde
1864 3519 1977 3578 per
2034 3502 2223 3576 haec,
2290 3510 2500 3562 tenens

397 3608 632 3679 septem
673 3600 882 3660 stellas
919 3601 978 3656 in
1013 3598 1222 3664 dextra
1255 3617 1398 3673 sua,
1438 3599 1867 3677 -significatur,
1940 3601 2103 3678 quod
2157 3620 2195 3661 a
2245 3603 2500 3661 Domino

237 3701 360 3765 [81]
403 3719 610 3762 omnes
669 3701 1034 3776 cognitiones
1084 3699 1224 3758 boni
1275 3707 1336 3759 et
1383 3703 1531 3758 veri.
1632 3699 1808 3776 Quod
1859 3702 2120 3777 dicatur,
2200 3703 2359 3778 quod
2416 3702 2501 3760 sic
2543 3679 2555 3691 ’

399 3804 556 3862 dicat
607 3809 817 3860 tenens
877 3806 1108 3877 septem
1161 3800 1373 3860 stellas
1417 3802 1477 3858 in
1528 3799 1741 3859 dextra
1796 3818 1909 3860 sua
1970 3809 2033 3860 et
2078 3802 2392 3860 ambulans
2441 3803 2499 3858 in

397 3899 596 3960 medio
633 3899 1122 3959 candelabrorum
1159 3917 1510 3971 aureorum,
1572 3907 1666 3960 est
1702 3903 1843 3978 quia
1886 3919 1999 3978 per
2044 3902 2253 3962 stellas
2308 3902 2493 3978 signi-

395 4001 649 4060 ficantur
696 4004 1058 4077 cognitiones
1098 4001 1238 4062 boni
1279 4011 1340 4058 et
1390 4001 1549 4070 veri,
1604 4006 1663 4060 et
1719 4019 1830 4077 per
1884 4001 2263 4062 candelabra
2318 4016 2498 4060 aurea

397 4117 616 4160 novum
654 4100 902 4160 Coelum
939 4109 1000 4160 et
1046 4118 1204 4160 nova
1237 4100 1543 4175 Ecclesia3
1596 4101 1943 4178 praeficitur
1978 4105 2065 4162 sic
2117 4099 2497 4180 descriptioni

399 4203 588 4260 cuivis
631 4201 940 4262 Ecclesiae
985 4202 1270 4263 Divinum
1315 4201 1873 4278 characteristicon,
1942 4202 2105 4279 quod
2148 4202 2371 4262 indicat
2426 4199 2492 4258 de
