<?xml version="1.0" encoding="UTF-8"?>
<!DOCTYPE html PUBLIC "-//W3C//DTD XHTML 1.0 Transitional//EN"
    "http://www.w3.org/TR/xhtml1/DTD/xhtml1-transitional.dtd">
<html xmlns="http://www.w3.org/1999/xhtml" xml:lang="en" lang="en">
 <head>
  <title>
</title>
<meta http-equiv="Content-Type" content="text/html;charset=utf-8" />
  <meta name='ocr-system' content='tesseract 3.04.00' />
  <meta name='ocr-capabilities' content='ocr_page ocr_carea ocr_par ocr_line ocrx_word'/>
</head>
<body>
  <div class='ocr_page' id='page_1' title='image "./apocalypsisexpl01unkngoog_0496.png"; bbox 0 0 2700 4792; ppageno 0'>
   <div class='ocr_carea' id='block_1_1' title="bbox 390 282 2171 404">
    <p class='ocr_par' dir='ltr' id='par_1_1' title="bbox 390 282 2171 404">
     <span class='ocr_line' id='line_1_1' title="bbox 390 282 2171 404; baseline -0.006 -9"><span class='ocrx_word' id='word_1_1' title='bbox 390 345 504 404; x_wconf 70' lang='lat'><strong>492</strong></span> <span class='ocrx_word' id='word_1_2' title='bbox 719 282 1212 392; x_wconf 64' lang='lat' dir='ltr'><strong>ApocAvams</strong></span> <span class='ocrx_word' id='word_1_3' title='bbox 1255 331 1689 390; x_wconf 69' lang='lat' dir='ltr'><strong>EmecA&#39;rA.</strong></span> <span class='ocrx_word' id='word_1_4' title='bbox 1770 332 1817 401; x_wconf 75' lang='lat'><strong>§-</strong></span> <span class='ocrx_word' id='word_1_5' title='bbox 1860 339 1989 392; x_wconf 71' lang='lat'><strong>282.</strong></span> <span class='ocrx_word' id='word_1_6' title='bbox 2042 340 2171 393; x_wconf 80' lang='lat'><strong>283.</strong></span> 
     </span>
    </p>
   </div>
   <div class='ocr_carea' id='block_1_2' title="bbox 301 492 2531 4289">
    <p class='ocr_par' dir='ltr' id='par_1_2' title="bbox 381 492 2531 1376">
     <span class='ocr_line' id='line_1_2' title="bbox 385 492 2531 576; baseline -0.002 -18"><span class='ocrx_word' id='word_1_7' title='bbox 385 492 682 576; x_wconf 70' lang='lat' dir='ltr'><strong>spirituali</strong></span> <span class='ocrx_word' id='word_1_8' title='bbox 715 493 934 554; x_wconf 89' lang='lat' dir='ltr'><strong>mundo</strong></span> <span class='ocrx_word' id='word_1_9' title='bbox 949 537 968 570; x_wconf 86' lang='lat'><em>‚</em></span> <span class='ocrx_word' id='word_1_10' title='bbox 1005 494 1068 552; x_wconf 84' lang='lat' dir='ltr'><strong>in</strong></span> <span class='ocrx_word' id='word_1_11' title='bbox 1103 511 1177 554; x_wconf 88' lang='lat' dir='ltr'><strong>eo</strong></span> <span class='ocrx_word' id='word_1_12' title='bbox 1211 495 1350 572; x_wconf 86' lang='lat' dir='ltr'><strong>ipsa</strong></span> <span class='ocrx_word' id='word_1_13' title='bbox 1382 495 1581 571; x_wconf 86' lang='lat' dir='ltr'><strong>spatia</strong></span> <span class='ocrx_word' id='word_1_14' title='bbox 1614 499 1755 554; x_wconf 85' lang='lat' dir='ltr'><strong>sunt</strong></span> <span class='ocrx_word' id='word_1_15' title='bbox 1790 495 2180 572; x_wconf 76' lang='lat' dir='ltr'><strong>apparentiae</strong></span> <span class='ocrx_word' id='word_1_16' title='bbox 2218 492 2531 554; x_wconf 78' lang='lat' dir='ltr'>oriundae</span> 
     </span>
     <span class='ocr_line' id='line_1_3' title="bbox 385 593 2523 672; baseline -0.003 -14"><span class='ocrx_word' id='word_1_17' title='bbox 385 615 466 658; x_wconf 74' lang='lat' dir='ltr'><strong>ex</strong></span> <span class='ocrx_word' id='word_1_18' title='bbox 481 595 828 655; x_wconf 84' lang='lat' dir='ltr'><strong>diversitate</strong></span> <span class='ocrx_word' id='word_1_19' title='bbox 855 593 1236 654; x_wconf 80' lang='lat' dir='ltr'><strong>affectionum</strong></span> <span class='ocrx_word' id='word_1_20' title='bbox 1261 599 1322 654; x_wconf 88' lang='lat' dir='ltr'><strong>et</strong></span> <span class='ocrx_word' id='word_1_21' title='bbox 1345 593 1485 654; x_wconf 87' lang='lat' dir='ltr'><strong>inde</strong></span> <span class='ocrx_word' id='word_1_22' title='bbox 1504 596 1945 672; x_wconf 73' lang='lat' dir='ltr'><strong>cogitationum,</strong></span> <span class='ocrx_word' id='word_1_23' title='bbox 1976 599 2349 672; x_wconf 84' lang='lat' dir='ltr'><strong>quapropter</strong></span> <span class='ocrx_word' id='word_1_24' title='bbox 2372 611 2523 654; x_wconf 85' lang='lat' dir='ltr'><strong>cum</strong></span> 
     </span>
     <span class='ocr_line' id='line_1_4' title="bbox 385 680 2513 774; baseline -0.002 -18"><span class='ocrx_word' id='word_1_25' title='bbox 385 701 680 774; x_wconf 75' lang='lat' dir='ltr'><strong>apparent</strong></span> <span class='ocrx_word' id='word_1_26' title='bbox 700 693 886 770; x_wconf 85' lang='lat' dir='ltr'><strong>aliqui</strong></span> <span class='ocrx_word' id='word_1_27' title='bbox 913 699 1018 752; x_wconf 91' lang='lat' dir='ltr'><strong>aut</strong></span> <span class='ocrx_word' id='word_1_28' title='bbox 1045 693 1248 770; x_wconf 86' lang='lat' dir='ltr'><strong>aliqua</strong></span> <span class='ocrx_word' id='word_1_29' title='bbox 1271 694 1612 772; x_wconf 79' lang='lat' dir='ltr'><strong>longinque,</strong></span> <span class='ocrx_word' id='word_1_30' title='bbox 1640 701 1702 755; x_wconf 86' lang='lat' dir='ltr'><strong>et</strong></span> <span class='ocrx_word' id='word_1_31' title='bbox 1716 694 1987 771; x_wconf 83' lang='lat' dir='ltr'>Angelus</span> <span class='ocrx_word' id='word_1_32' title='bbox 2014 711 2126 754; x_wconf 85' lang='lat' dir='ltr'><strong>sen</strong></span> <span class='ocrx_word' id='word_1_33' title='bbox 2154 680 2397 768; x_wconf 78' lang='lat' dir='ltr'><strong>spiritus</strong></span> <span class='ocrx_word' id='word_1_34' title='bbox 2426 711 2513 752; x_wconf 80' lang='lat' dir='ltr'><strong>ex</strong></span> 
     </span>
     <span class='ocr_line' id='line_1_5' title="bbox 383 791 2503 872; baseline -0.003 -15"><span class='ocrx_word' id='word_1_35' title='bbox 383 799 622 857; x_wconf 87' lang='lat' dir='ltr'><strong>intensa</strong></span> <span class='ocrx_word' id='word_1_36' title='bbox 647 795 956 855; x_wconf 79' lang='lat' dir='ltr'><strong>affectione</strong></span> <span class='ocrx_word' id='word_1_37' title='bbox 983 794 1114 854; x_wconf 82' lang='lat' dir='ltr'><strong>vult</strong></span> <span class='ocrx_word' id='word_1_38' title='bbox 1137 794 1274 854; x_wconf 89' lang='lat' dir='ltr'><strong>illos</strong></span> <span class='ocrx_word' id='word_1_39' title='bbox 1303 797 1407 872; x_wconf 89' lang='lat' dir='ltr'><strong>qui</strong></span> <span class='ocrx_word' id='word_1_40' title='bbox 1430 794 1513 854; x_wconf 91' lang='lat' dir='ltr'><strong>ibi</strong></span> <span class='ocrx_word' id='word_1_41' title='bbox 1540 800 1681 854; x_wconf 85' lang='lat' dir='ltr'><strong>sunt</strong></span> <span class='ocrx_word' id='word_1_42' title='bbox 1706 797 2045 870; x_wconf 83' lang='lat' dir='ltr'><strong>convenire,</strong></span> <span class='ocrx_word' id='word_1_43' title='bbox 2084 797 2185 853; x_wconf 87' lang='lat' dir='ltr'><strong>ant</strong></span> <span class='ocrx_word' id='word_1_44' title='bbox 2210 791 2312 850; x_wconf 87' lang='lat' dir='ltr'><strong>illa</strong></span> <span class='ocrx_word' id='word_1_45' title='bbox 2339 807 2503 868; x_wconf 83' lang='lat' dir='ltr'><strong>quae</strong></span> 
     </span>
     <span class='ocr_line' id='line_1_6' title="bbox 381 877 2503 971; baseline -0.003 -15"><span class='ocrx_word' id='word_1_46' title='bbox 381 897 470 956; x_wconf 86' lang='lat' dir='ltr'><strong>ibi</strong></span> <span class='ocrx_word' id='word_1_47' title='bbox 503 900 642 956; x_wconf 88' lang='lat' dir='ltr'><strong>sunt</strong></span> <span class='ocrx_word' id='word_1_48' title='bbox 673 895 950 969; x_wconf 87' lang='lat' dir='ltr'><strong>lustrare,</strong></span> <span class='ocrx_word' id='word_1_49' title='bbox 989 897 1188 954; x_wconf 86' lang='lat' dir='ltr'><strong>statim</strong></span> <span class='ocrx_word' id='word_1_50' title='bbox 1223 895 1306 954; x_wconf 88' lang='lat' dir='ltr'><strong>ibi</strong></span> <span class='ocrx_word' id='word_1_51' title='bbox 1337 911 1631 971; x_wconf 84' lang='lat' dir='ltr'><strong>praesens</strong></span> <span class='ocrx_word' id='word_1_52' title='bbox 1668 901 1791 954; x_wconf 83' lang='lat' dir='ltr'><strong>est:</strong></span> <span class='ocrx_word' id='word_1_53' title='bbox 1840 895 2033 954; x_wconf 86' lang='lat' dir='ltr'><strong>simile</strong></span> <span class='ocrx_word' id='word_1_54' title='bbox 2072 895 2137 954; x_wconf 86' lang='lat' dir='ltr'><strong>fit</strong></span> <span class='ocrx_word' id='word_1_55' title='bbox 2170 877 2503 968; x_wconf 65' lang='lat' dir='ltr'><strong>eum&#39;oogi-</strong></span> 
     </span>
     <span class='ocr_line' id='line_1_7' title="bbox 381 985 2511 1073; baseline -0.003 -16"><span class='ocrx_word' id='word_1_56' title='bbox 381 998 608 1058; x_wconf 77' lang='lat' dir='ltr'><strong>tatione</strong></span> <span class='ocrx_word' id='word_1_57' title='bbox 636 1011 794 1073; x_wconf 84' lang='lat' dir='ltr'><strong>quae</strong></span> <span class='ocrx_word' id='word_1_58' title='bbox 821 1001 912 1054; x_wconf 85' lang='lat' dir='ltr'><strong>est</strong></span> <span class='ocrx_word' id='word_1_59' title='bbox 929 998 1098 1054; x_wconf 85' lang='lat' dir='ltr'><strong>visus</strong></span> <span class='ocrx_word' id='word_1_60' title='bbox 1123 985 1381 1054; x_wconf 86' lang='lat' dir='ltr'><strong>hominis</strong></span> <span class='ocrx_word' id='word_1_61' title='bbox 1406 997 1671 1054; x_wconf 84' lang='lat' dir='ltr'><strong>internus</strong></span> <span class='ocrx_word' id='word_1_62' title='bbox 1700 1011 1813 1055; x_wconf 86' lang='lat' dir='ltr'><strong>seu</strong></span> <span class='ocrx_word' id='word_1_63' title='bbox 1837 995 2185 1072; x_wconf 72' lang='lat' dir='ltr'><strong>spir-imane,</strong></span> <span class='ocrx_word' id='word_1_64' title='bbox 2210 993 2316 1050; x_wconf 87' lang='lat' dir='ltr'><strong>illa</strong></span> <span class='ocrx_word' id='word_1_65' title='bbox 2338 991 2511 1052; x_wconf 82' lang='lat' dir='ltr'><strong>videt</strong></span> 
     </span>
     <span class='ocr_line' id='line_1_8' title="bbox 385 1094 2513 1177; baseline -0.002 -21"><span class='ocrx_word' id='word_1_66' title='bbox 385 1114 542 1177; x_wconf 87' lang='lat' dir='ltr'><strong>quae</strong></span> <span class='ocrx_word' id='word_1_67' title='bbox 567 1098 734 1173; x_wconf 86' lang='lat' dir='ltr'><strong>prius</strong></span> <span class='ocrx_word' id='word_1_68' title='bbox 759 1095 990 1156; x_wconf 86' lang='lat' dir='ltr'><strong>viderat</strong></span> <span class='ocrx_word' id='word_1_69' title='bbox 1011 1096 1075 1155; x_wconf 91' lang='lat' dir='ltr'><strong>in</strong></span> <span class='ocrx_word' id='word_1_70' title='bbox 1101 1111 1169 1156; x_wconf 90' lang='lat' dir='ltr'><strong>se</strong></span> <span class='ocrx_word' id='word_1_71' title='bbox 1195 1094 1425 1171; x_wconf 88' lang='lat' dir='ltr'><strong>absque</strong></span> <span class='ocrx_word' id='word_1_72' title='bbox 1452 1097 1679 1172; x_wconf 87' lang='lat' dir='ltr'><strong>spatio,</strong></span> <span class='ocrx_word' id='word_1_73' title='bbox 1723 1097 1809 1154; x_wconf 86' lang='lat' dir='ltr'><strong>ita</strong></span> <span class='ocrx_word' id='word_1_74' title='bbox 1835 1111 2083 1172; x_wconf 83' lang='lat' dir='ltr'><strong>prorsus</strong></span> <span class='ocrx_word' id='word_1_75' title='bbox 2115 1100 2183 1152; x_wconf 88' lang='lat' dir='ltr'><strong>ut</strong></span> <span class='ocrx_word' id='word_1_76' title='bbox 2208 1109 2513 1169; x_wconf 86' lang='lat' dir='ltr'><strong>praesen-</strong></span> 
     </span>
     <span class='ocr_line' id='line_1_9' title="bbox 384 1192 2513 1273; baseline -0.003 -17"><span class='ocrx_word' id='word_1_77' title='bbox 384 1200 499 1258; x_wconf 87' lang='lat' dir='ltr'><strong>tia:</strong></span> <span class='ocrx_word' id='word_1_78' title='bbox 535 1197 672 1257; x_wconf 84' lang='lat' dir='ltr'><strong>inde</strong></span> <span class='ocrx_word' id='word_1_79' title='bbox 699 1201 810 1265; x_wconf 86' lang='lat' dir='ltr'><strong>est,</strong></span> <span class='ocrx_word' id='word_1_80' title='bbox 835 1195 996 1273; x_wconf 88' lang='lat' dir='ltr'><strong>quod</strong></span> <span class='ocrx_word' id='word_1_81' title='bbox 1019 1195 1224 1254; x_wconf 82' lang='lat' dir='ltr'><strong>volare</strong></span> <span class='ocrx_word' id='word_1_82' title='bbox 1253 1194 1487 1254; x_wconf 85' lang='lat' dir='ltr'><strong>dicatur</strong></span> <span class='ocrx_word' id='word_1_83' title='bbox 1512 1195 1587 1254; x_wconf 90' lang='lat' dir='ltr'><strong>de</strong></span> <span class='ocrx_word' id='word_1_84' title='bbox 1614 1195 1921 1256; x_wconf 79' lang='lat' dir='ltr'><strong>intellectu</strong></span> <span class='ocrx_word' id='word_1_85' title='bbox 1970 1201 2030 1255; x_wconf 87' lang='lat' dir='ltr'><strong>et</strong></span> <span class='ocrx_word' id='word_1_86' title='bbox 2056 1193 2131 1253; x_wconf 88' lang='lat' dir='ltr'><strong>de</strong></span> <span class='ocrx_word' id='word_1_87' title='bbox 2160 1193 2293 1270; x_wconf 87' lang='lat' dir='ltr'><strong>ejus</strong></span> <span class='ocrx_word' id='word_1_88' title='bbox 2322 1192 2513 1251; x_wconf 88' lang='lat' dir='ltr'><strong>intel-</strong></span> 
     </span>
     <span class='ocr_line' id='line_1_10' title="bbox 381 1294 2513 1376; baseline -0.003 -18"><span class='ocrx_word' id='word_1_89' title='bbox 381 1298 645 1376; x_wconf 74' lang='lat' dir='ltr'><strong>ligantia,</strong></span> <span class='ocrx_word' id='word_1_90' title='bbox 683 1301 746 1356; x_wconf 90' lang='lat' dir='ltr'><strong>et</strong></span> <span class='ocrx_word' id='word_1_91' title='bbox 769 1295 928 1372; x_wconf 89' lang='lat' dir='ltr'><strong>quod</strong></span> <span class='ocrx_word' id='word_1_92' title='bbox 951 1313 1064 1372; x_wconf 87' lang='lat' dir='ltr'><strong>per</strong></span> <span class='ocrx_word' id='word_1_93' title='bbox 1086 1295 1148 1354; x_wconf 91' lang='lat' dir='ltr'><strong>id</strong></span> <span class='ocrx_word' id='word_1_94' title='bbox 1171 1294 1537 1372; x_wconf 80' lang='lat' dir='ltr'><strong>significetur</strong></span> <span class='ocrx_word' id='word_1_95' title='bbox 1566 1297 2023 1372; x_wconf 76' lang='lat' dir='ltr'><strong>circumspectio</strong></span> <span class='ocrx_word' id='word_1_96' title='bbox 2050 1301 2111 1352; x_wconf 91' lang='lat' dir='ltr'><strong>et</strong></span> <span class='ocrx_word' id='word_1_97' title='bbox 2136 1295 2513 1371; x_wconf 85' lang='lat' dir='ltr'><strong>praesentia.</strong></span> 
     </span>
    </p>

    <p class='ocr_par' dir='ltr' id='par_1_3' title="bbox 301 1393 2528 4289">
     <span class='ocr_line' id='line_1_11' title="bbox 543 1393 2519 1472; baseline -0.002 -16"><span class='ocrx_word' id='word_1_98' title='bbox 543 1399 705 1458; x_wconf 84' lang='lat'><strong>283.</strong></span> <span class='ocrx_word' id='word_1_99' title='bbox 759 1398 838 1456; x_wconf 88' lang='lat' dir='ltr'><strong>Et</strong></span> <span class='ocrx_word' id='word_1_100' title='bbox 873 1401 1128 1472; x_wconf 86' lang='lat' dir='ltr'><strong>quatuor</strong></span> <span class='ocrx_word' id='word_1_101' title='bbox 1161 1395 1461 1455; x_wconf 82' lang='lat' dir='ltr'><strong>Animalia</strong></span> <span class='ocrx_word' id='word_1_102' title='bbox 1496 1395 1737 1472; x_wconf 85' lang='lat' dir='ltr'><strong>singula</strong></span> <span class='ocrx_word' id='word_1_103' title='bbox 1768 1413 1879 1472; x_wconf 88' lang='lat' dir='ltr'><strong>per</strong></span> <span class='ocrx_word' id='word_1_104' title='bbox 1913 1411 1981 1455; x_wconf 89' lang='lat' dir='ltr'><strong>se</strong></span> <span class='ocrx_word' id='word_1_105' title='bbox 2034 1394 2341 1454; x_wconf 84' lang='lat' dir='ltr'><strong>habebant</strong></span> <span class='ocrx_word' id='word_1_106' title='bbox 2376 1393 2519 1454; x_wconf 81' lang='lat' dir='ltr'><strong>alas</strong></span> 
     </span>
     <span class='ocr_line' id='line_1_12' title="bbox 389 1493 2521 1574; baseline -0.004 -12"><span class='ocrx_word' id='word_1_107' title='bbox 389 1515 502 1562; x_wconf 80' lang='lat' dir='ltr'><strong>sex</strong></span> <span class='ocrx_word' id='word_1_108' title='bbox 537 1500 599 1557; x_wconf 89' lang='lat' dir='ltr'><strong>in</strong></span> <span class='ocrx_word' id='word_1_109' title='bbox 633 1499 904 1570; x_wconf 79' lang='lat' dir='ltr'><strong>circuitu,</strong></span> <span class='ocrx_word' id='word_1_110' title='bbox 945 1495 1104 1571; x_wconf 88' lang='lat' dir='ltr'><strong>qnod</strong></span> <span class='ocrx_word' id='word_1_111' title='bbox 1138 1495 1434 1574; x_wconf 85' lang='lat' dir='ltr'><strong>significet</strong></span> <span class='ocrx_word' id='word_1_112' title='bbox 1466 1497 1879 1574; x_wconf 80' lang='lat' dir='ltr'><strong>apparentiam</strong></span> <span class='ocrx_word' id='word_1_113' title='bbox 1923 1495 2127 1554; x_wconf 89' lang='lat' dir='ltr'><strong>Divini</strong></span> <span class='ocrx_word' id='word_1_114' title='bbox 2156 1493 2521 1572; x_wconf 81' lang='lat' dir='ltr'><strong>Spiritualis</strong></span> 
     </span>
     <span class='ocr_line' id='line_1_13' title="bbox 385 1593 2521 1675; baseline -0.002 -17"><span class='ocrx_word' id='word_1_115' title='bbox 385 1599 783 1675; x_wconf 81' lang='lat' dir='ltr'><strong>undequaque</strong></span> <span class='ocrx_word' id='word_1_116' title='bbox 833 1599 1054 1656; x_wconf 80' lang='lat' dir='ltr'><strong>circum</strong></span> <span class='ocrx_word' id='word_1_117' title='bbox 1103 1596 1385 1656; x_wconf 85' lang='lat' dir='ltr'><strong>Divimun</strong></span> <span class='ocrx_word' id='word_1_118' title='bbox 1424 1594 1733 1669; x_wconf 87' lang='lat' dir='ltr'><strong>Coeleste,</strong></span> <span class='ocrx_word' id='word_1_119' title='bbox 1790 1601 2038 1655; x_wconf 85' lang='lat' dir='ltr'><strong>constat.</strong></span> <span class='ocrx_word' id='word_1_120' title='bbox 2072 1611 2149 1654; x_wconf 86' lang='lat' dir='ltr'><strong>ex</strong></span> <span class='ocrx_word' id='word_1_121' title='bbox 2200 1593 2521 1672; x_wconf 85' lang='lat' dir='ltr'><strong>significa-</strong></span> 
     </span>
     <span class='ocr_line' id='line_1_14' title="bbox 385 1693 2521 1773; baseline -0.002 -15"><span class='ocrx_word' id='word_1_122' title='bbox 385 1701 546 1758; x_wconf 82' lang='lat' dir='ltr'><strong>tione</strong></span> <span class='ocrx_word' id='word_1_123' title='bbox 597 1703 851 1773; x_wconf 86' lang='lat' dir='ltr'><strong>quatuor</strong></span> <span class='ocrx_word' id='word_1_124' title='bbox 895 1696 1287 1770; x_wconf 85' lang='lat' dir='ltr'><strong>Animalium,</strong></span> <span class='ocrx_word' id='word_1_125' title='bbox 1356 1713 1513 1773; x_wconf 86' lang='lat' dir='ltr'><strong>quae</strong></span> <span class='ocrx_word' id='word_1_126' title='bbox 1575 1701 1747 1756; x_wconf 83' lang='lat' dir='ltr'><strong>erant</strong></span> <span class='ocrx_word' id='word_1_127' title='bbox 1798 1695 2092 1770; x_wconf 65' lang='lat' dir='ltr'><strong>cherum,</strong></span> <span class='ocrx_word' id='word_1_128' title='bbox 2164 1693 2327 1772; x_wconf 89' lang='lat' dir='ltr'><strong>quod</strong></span> <span class='ocrx_word' id='word_1_129' title='bbox 2386 1696 2521 1754; x_wconf 87' lang='lat' dir='ltr'><strong>sint</strong></span> 
     </span>
     <span class='ocr_line' id='line_1_15' title="bbox 387 1794 2518 1858; baseline -0.002 -1"><span class='ocrx_word' id='word_1_130' title='bbox 387 1795 675 1858; x_wconf 84' lang='lat' dir='ltr'><strong>Custodia</strong></span> <span class='ocrx_word' id='word_1_131' title='bbox 709 1805 770 1856; x_wconf 88' lang='lat' dir='ltr'><strong>et</strong></span> <span class='ocrx_word' id='word_1_132' title='bbox 801 1796 1186 1856; x_wconf 83' lang='lat' dir='ltr'><strong>Providentia</strong></span> <span class='ocrx_word' id='word_1_133' title='bbox 1219 1797 1441 1856; x_wconf 86' lang='lat' dir='ltr'><strong>Divina</strong></span> <span class='ocrx_word' id='word_1_134' title='bbox 1472 1795 1713 1856; x_wconf 86' lang='lat' dir='ltr'><strong>Domini</strong></span> <span class='ocrx_word' id='word_1_135' title='bbox 1748 1813 1821 1856; x_wconf 87' lang='lat' dir='ltr'><strong>ne</strong></span> <span class='ocrx_word' id='word_1_136' title='bbox 1859 1795 2152 1856; x_wconf 81' lang='lat' dir='ltr'><strong>adeantur</strong></span> <span class='ocrx_word' id='word_1_137' title='bbox 2188 1794 2359 1856; x_wconf 88' lang='lat' dir='ltr'><strong>Coeli</strong></span> <span class='ocrx_word' id='word_1_138' title='bbox 2394 1811 2518 1854; x_wconf 81' lang='lat' dir='ltr'><strong>sn-</strong></span> 
     </span>
     <span class='ocr_line' id='line_1_16' title="bbox 387 1896 2522 1975; baseline -0.001 -19"><span class='ocrx_word' id='word_1_139' title='bbox 387 1899 660 1975; x_wconf 69' lang='lat' dir='ltr'><strong>per-iores</strong></span> <span class='ocrx_word' id='word_1_140' title='bbox 695 1897 812 1956; x_wconf 87' lang='lat' dir='ltr'><strong>nisi</strong></span> <span class='ocrx_word' id='word_1_141' title='bbox 847 1913 884 1954; x_wconf 91' lang='lat' dir='ltr'><strong>a</strong></span> <span class='ocrx_word' id='word_1_142' title='bbox 917 1896 1074 1955; x_wconf 89' lang='lat' dir='ltr'><strong>bono</strong></span> <span class='ocrx_word' id='word_1_143' title='bbox 1111 1898 1332 1956; x_wconf 86' lang='lat' dir='ltr'><strong>amoris</strong></span> <span class='ocrx_word' id='word_1_144' title='bbox 1372 1902 1433 1955; x_wconf 84' lang='lat' dir='ltr'><strong>et</strong></span> <span class='ocrx_word' id='word_1_145' title='bbox 1462 1896 1767 1957; x_wconf 79' lang='lat' dir='ltr'><strong>charitatis</strong></span> <span class='ocrx_word' id='word_1_146' title='bbox 1778 1916 1795 1974; x_wconf 84' lang='lat'>3</span> <span class='ocrx_word' id='word_1_147' title='bbox 1834 1903 1897 1956; x_wconf 86' lang='lat' dir='ltr'><strong>et</strong></span> <span class='ocrx_word' id='word_1_148' title='bbox 1930 1898 2071 1974; x_wconf 89' lang='lat' dir='ltr'><strong>quia</strong></span> <span class='ocrx_word' id='word_1_149' title='bbox 2103 1913 2215 1973; x_wconf 87' lang='lat' dir='ltr'><strong>per</strong></span> <span class='ocrx_word' id='word_1_150' title='bbox 2250 1903 2522 1972; x_wconf 76' lang='lat' dir='ltr'><strong>quatuor</strong></span> 
     </span>
     <span class='ocr_line' id='line_1_17' title="bbox 385 1995 2517 2077; baseline -0.001 -19"><span class='ocrx_word' id='word_1_151' title='bbox 385 1995 687 2058; x_wconf 87' lang='lat' dir='ltr'><strong>Animalia</strong></span> <span class='ocrx_word' id='word_1_152' title='bbox 735 1996 933 2074; x_wconf 85' lang='lat' dir='ltr'><strong>quoad</strong></span> <span class='ocrx_word' id='word_1_153' title='bbox 977 2013 1231 2077; x_wconf 80' lang='lat' dir='ltr'><strong>corpora</strong></span> <span class='ocrx_word' id='word_1_154' title='bbox 1277 1997 1392 2057; x_wconf 81' lang='lat' dir='ltr'><strong>hoe</strong></span> <span class='ocrx_word' id='word_1_155' title='bbox 1440 1997 1837 2074; x_wconf 84' lang='lat' dir='ltr'><strong>significatur,</strong></span> <span class='ocrx_word' id='word_1_156' title='bbox 1906 1997 2087 2056; x_wconf 84' lang='lat' dir='ltr'><strong>etiam</strong></span> <span class='ocrx_word' id='word_1_157' title='bbox 2132 1995 2517 2073; x_wconf 80' lang='lat' dir='ltr'><strong>significatur</strong></span> 
     </span>
     <span class='ocr_line' id='line_1_18' title="bbox 381 2095 2520 2174; baseline -0.001 -15"><span class='ocrx_word' id='word_1_158' title='bbox 381 2097 667 2159; x_wconf 86' lang='lat' dir='ltr'><strong>Divinum</strong></span> <span class='ocrx_word' id='word_1_159' title='bbox 703 2096 1010 2172; x_wconf 85' lang='lat' dir='ltr'><strong>Coeleste,</strong></span> <span class='ocrx_word' id='word_1_160' title='bbox 1068 2096 1142 2158; x_wconf 89' lang='lat' dir='ltr'><strong>de</strong></span> <span class='ocrx_word' id='word_1_161' title='bbox 1180 2114 1300 2174; x_wconf 88' lang='lat' dir='ltr'><strong>qua</strong></span> <span class='ocrx_word' id='word_1_162' title='bbox 1333 2099 1609 2173; x_wconf 85' lang='lat' dir='ltr'><strong>sequitur</strong></span> <span class='ocrx_word' id='word_1_163' title='bbox 1625 2117 1643 2174; x_wconf 85' lang='lat'><em>3</em></span> <span class='ocrx_word' id='word_1_164' title='bbox 1698 2103 1761 2156; x_wconf 86' lang='lat' dir='ltr'><strong>et</strong></span> <span class='ocrx_word' id='word_1_165' title='bbox 1810 2113 1885 2156; x_wconf 85' lang='lat' dir='ltr'><strong>ex</strong></span> <span class='ocrx_word' id='word_1_166' title='bbox 1920 2095 2355 2174; x_wconf 85' lang='lat' dir='ltr'><strong>significatione</strong></span> <span class='ocrx_word' id='word_1_167' title='bbox 2390 2111 2520 2156; x_wconf 82' lang='lat' dir='ltr'><strong>sex</strong></span> 
     </span>
     <span class='ocr_line' id='line_1_19' title="bbox 381 2195 2513 2280; baseline -0.003 -20"><span class='ocrx_word' id='word_1_168' title='bbox 381 2197 616 2260; x_wconf 83' lang='lat' dir='ltr'><strong>alarum</strong></span> <span class='ocrx_word' id='word_1_169' title='bbox 659 2199 722 2256; x_wconf 88' lang='lat' dir='ltr'><strong>in</strong></span> <span class='ocrx_word' id='word_1_170' title='bbox 755 2199 1038 2272; x_wconf 78' lang='lat' dir='ltr'><strong>circuitu,</strong></span> <span class='ocrx_word' id='word_1_171' title='bbox 1095 2197 1258 2280; x_wconf 88' lang='lat' dir='ltr'><strong>quod</strong></span> <span class='ocrx_word' id='word_1_172' title='bbox 1291 2199 1370 2256; x_wconf 86' lang='lat' dir='ltr'><strong>sit</strong></span> <span class='ocrx_word' id='word_1_173' title='bbox 1402 2197 1687 2258; x_wconf 86' lang='lat' dir='ltr'><strong>Divinum</strong></span> <span class='ocrx_word' id='word_1_174' title='bbox 1724 2197 2036 2275; x_wconf 83' lang='lat' dir='ltr'><strong>spirituale</strong></span> <span class='ocrx_word' id='word_1_175' title='bbox 2073 2199 2293 2258; x_wconf 78' lang='lat' dir='ltr'><strong>circum</strong></span> <span class='ocrx_word' id='word_1_176' title='bbox 2326 2195 2513 2271; x_wconf 84' lang='lat' dir='ltr'><strong>illud,</strong></span> 
     </span>
     <span class='ocr_line' id='line_1_20' title="bbox 385 2297 2515 2376; baseline -0.001 -18"><span class='ocrx_word' id='word_1_177' title='bbox 385 2298 462 2358; x_wconf 88' lang='lat' dir='ltr'><strong>de</strong></span> <span class='ocrx_word' id='word_1_178' title='bbox 497 2315 616 2375; x_wconf 84' lang='lat' dir='ltr'><strong>qua</strong></span> <span class='ocrx_word' id='word_1_179' title='bbox 661 2300 840 2358; x_wconf 86' lang='lat' dir='ltr'><strong>etiam</strong></span> <span class='ocrx_word' id='word_1_180' title='bbox 889 2301 1188 2376; x_wconf 84' lang='lat' dir='ltr'><strong>sequitur:</strong></span> <span class='ocrx_word' id='word_1_181' title='bbox 1243 2298 1406 2376; x_wconf 90' lang='lat' dir='ltr'><strong>quod</strong></span> <span class='ocrx_word' id='word_1_182' title='bbox 1456 2297 1717 2358; x_wconf 82' lang='lat' dir='ltr'><strong>Cherubi</strong></span> <span class='ocrx_word' id='word_1_183' title='bbox 1760 2297 1965 2376; x_wconf 88' lang='lat' dir='ltr'><strong>quoad·</strong></span> <span class='ocrx_word' id='word_1_184' title='bbox 2008 2314 2265 2374; x_wconf 86' lang='lat' dir='ltr'><strong>corpora</strong></span> <span class='ocrx_word' id='word_1_185' title='bbox 2312 2299 2515 2375; x_wconf 85' lang='lat' dir='ltr'><strong>signi-</strong></span> 
     </span>
     <span class='ocr_line' id='line_1_21' title="bbox 384 2397 2511 2475; baseline -0.001 -17"><span class='ocrx_word' id='word_1_186' title='bbox 384 2398 696 2459; x_wconf 82' lang='lat' dir='ltr'><strong>ficaverint</strong></span> <span class='ocrx_word' id='word_1_187' title='bbox 718 2397 998 2458; x_wconf 87' lang='lat' dir='ltr'><strong>Divinum</strong></span> <span class='ocrx_word' id='word_1_188' title='bbox 1029 2397 1326 2468; x_wconf 71' lang='lat' dir='ltr'><strong>coeleste,</strong></span> <span class='ocrx_word' id='word_1_189' title='bbox 1363 2404 1425 2458; x_wconf 83' lang='lat' dir='ltr'><strong>et</strong></span> <span class='ocrx_word' id='word_1_190' title='bbox 1450 2398 1649 2475; x_wconf 85' lang='lat' dir='ltr'><strong>quoad</strong></span> <span class='ocrx_word' id='word_1_191' title='bbox 1682 2397 1811 2458; x_wconf 84' lang='lat' dir='ltr'><strong>alas</strong></span> <span class='ocrx_word' id='word_1_192' title='bbox 1840 2397 2127 2458; x_wconf 87' lang='lat' dir='ltr'><strong>Divinum</strong></span> <span class='ocrx_word' id='word_1_193' title='bbox 2156 2397 2511 2475; x_wconf 82' lang='lat' dir='ltr'><strong>Spirituale,</strong></span> 
     </span>
     <span class='ocr_line' id='line_1_22' title="bbox 387 2497 2514 2576; baseline -0.001 -17"><span class='ocrx_word' id='word_1_194' title='bbox 387 2505 482 2559; x_wconf 86' lang='lat' dir='ltr'><strong>est</strong></span> <span class='ocrx_word' id='word_1_195' title='bbox 517 2515 738 2576; x_wconf 67' lang='lat' dir='ltr'><strong>caiisa,</strong></span> <span class='ocrx_word' id='word_1_196' title='bbox 795 2500 937 2575; x_wconf 85' lang='lat' dir='ltr'><strong>quia</strong></span> <span class='ocrx_word' id='word_1_197' title='bbox 973 2501 1204 2570; x_wconf 86' lang='lat' dir='ltr'><strong>omnia,</strong></span> <span class='ocrx_word' id='word_1_198' title='bbox 1258 2515 1371 2575; x_wconf 83' lang='lat' dir='ltr'><strong>per</strong></span> <span class='ocrx_word' id='word_1_199' title='bbox 1408 2515 1563 2575; x_wconf 89' lang='lat' dir='ltr'><strong>quae</strong></span> <span class='ocrx_word' id='word_1_200' title='bbox 1614 2503 2143 2576; x_wconf 80' lang='lat' dir='ltr'><strong>repraesentantur</strong></span> <span class='ocrx_word' id='word_1_201' title='bbox 2181 2497 2514 2575; x_wconf 65' lang='lat' dir='ltr'><strong>Coelestia„</strong></span> 
     </span>
     <span class='ocr_line' id='line_1_23' title="bbox 389 2597 2517 2676; baseline 0 -17"><span class='ocrx_word' id='word_1_202' title='bbox 389 2599 587 2676; x_wconf 87' lang='lat' dir='ltr'><strong>quoad</strong></span> <span class='ocrx_word' id='word_1_203' title='bbox 622 2601 758 2676; x_wconf 83' lang='lat' dir='ltr'><strong>ipsa</strong></span> <span class='ocrx_word' id='word_1_204' title='bbox 793 2615 1046 2675; x_wconf 86' lang='lat' dir='ltr'><strong>corpora</strong></span> <span class='ocrx_word' id='word_1_205' title='bbox 1077 2597 1413 2674; x_wconf 83' lang='lat' dir='ltr'><strong>significent</strong></span> <span class='ocrx_word' id='word_1_206' title='bbox 1448 2599 1821 2674; x_wconf 82' lang='lat' dir='ltr'><strong>essentialia,</strong></span> <span class='ocrx_word' id='word_1_207' title='bbox 1878 2604 1939 2657; x_wconf 85' lang='lat' dir='ltr'><strong>et</strong></span> <span class='ocrx_word' id='word_1_208' title='bbox 1974 2599 2172 2676; x_wconf 85' lang='lat' dir='ltr'><strong>quoad</strong></span> <span class='ocrx_word' id='word_1_209' title='bbox 2204 2598 2313 2658; x_wconf 89' lang='lat' dir='ltr'><strong>illa</strong></span> <span class='ocrx_word' id='word_1_210' title='bbox 2346 2615 2517 2676; x_wconf 76' lang='lat' dir='ltr'><strong>quae</strong></span> 
     </span>
     <span class='ocr_line' id='line_1_24' title="bbox 385 2698 2517 2776; baseline 0.001 -18"><span class='ocrx_word' id='word_1_211' title='bbox 385 2703 608 2760; x_wconf 84' lang='lat' dir='ltr'><strong>circum</strong></span> <span class='ocrx_word' id='word_1_212' title='bbox 669 2705 843 2772; x_wconf 86' lang='lat' dir='ltr'><strong>sunt,</strong></span> <span class='ocrx_word' id='word_1_213' title='bbox 895 2698 1230 2776; x_wconf 82' lang='lat' dir='ltr'><strong>significent</strong></span> <span class='ocrx_word' id='word_1_214' title='bbox 1287 2698 1591 2758; x_wconf 85' lang='lat' dir='ltr'><strong>formalia:</strong></span> <span class='ocrx_word' id='word_1_215' title='bbox 1656 2702 1744 2758; x_wconf 87' lang='lat' dir='ltr'><strong>ita</strong></span> <span class='ocrx_word' id='word_1_216' title='bbox 1794 2715 2031 2776; x_wconf 87' lang='lat' dir='ltr'><strong>qnoque</strong></span> <span class='ocrx_word' id='word_1_217' title='bbox 2076 2698 2249 2756; x_wconf 84' lang='lat' dir='ltr'><strong>homo</strong></span> <span class='ocrx_word' id='word_1_218' title='bbox 2298 2700 2517 2774; x_wconf 83' lang='lat' dir='ltr'><strong>quoad</strong></span> 
     </span>
     <span class='ocr_line' id='line_1_25' title="bbox 390 2797 2513 2878; baseline -0.001 -19"><span class='ocrx_word' id='word_1_219' title='bbox 390 2798 626 2877; x_wconf 86' lang='lat' dir='ltr'><strong>Corpus</strong></span> <span class='ocrx_word' id='word_1_220' title='bbox 666 2799 960 2878; x_wconf 84' lang='lat' dir='ltr'><strong>signifieat</strong></span> <span class='ocrx_word' id='word_1_221' title='bbox 991 2799 1212 2858; x_wconf 89' lang='lat' dir='ltr'><strong>bonum</strong></span> <span class='ocrx_word' id='word_1_222' title='bbox 1245 2801 1306 2858; x_wconf 91' lang='lat' dir='ltr'><strong>in</strong></span> <span class='ocrx_word' id='word_1_223' title='bbox 1343 2801 1626 2873; x_wconf 81' lang='lat' dir='ltr'><strong>essentia,</strong></span> <span class='ocrx_word' id='word_1_224' title='bbox 1686 2806 1746 2858; x_wconf 91' lang='lat' dir='ltr'><strong>et</strong></span> <span class='ocrx_word' id='word_1_225' title='bbox 1782 2798 1983 2876; x_wconf 85' lang='lat' dir='ltr'><strong>quoad</strong></span> <span class='ocrx_word' id='word_1_226' title='bbox 2026 2797 2129 2858; x_wconf 86' lang='lat' dir='ltr'><strong>illa</strong></span> <span class='ocrx_word' id='word_1_227' title='bbox 2176 2814 2328 2874; x_wconf 83' lang='lat' dir='ltr'><strong>quae</strong></span> <span class='ocrx_word' id='word_1_228' title='bbox 2366 2814 2513 2856; x_wconf 85' lang='lat' dir='ltr'><strong>am-</strong></span> 
     </span>
     <span class='ocr_line' id='line_1_26' title="bbox 385 2896 2528 2976; baseline 0 -18"><span class='ocrx_word' id='word_1_229' title='bbox 385 2899 559 2958; x_wconf 76' lang='lat' dir='ltr'><strong>biunt</strong></span> <span class='ocrx_word' id='word_1_230' title='bbox 583 2899 805 2959; x_wconf 87' lang='lat' dir='ltr'><strong>bonum</strong></span> <span class='ocrx_word' id='word_1_231' title='bbox 839 2903 900 2958; x_wconf 90' lang='lat' dir='ltr'><strong>in</strong></span> <span class='ocrx_word' id='word_1_232' title='bbox 923 2901 1140 2959; x_wconf 84' lang='lat' dir='ltr'><strong>forma:</strong></span> <span class='ocrx_word' id='word_1_233' title='bbox 1179 2896 1402 2959; x_wconf 82' lang='lat' dir='ltr'><strong>bonum</strong></span> <span class='ocrx_word' id='word_1_234' title='bbox 1431 2899 1715 2960; x_wconf 78' lang='lat' dir='ltr'><strong>coeleste</strong></span> <span class='ocrx_word' id='word_1_235' title='bbox 1752 2906 1845 2959; x_wconf 89' lang='lat' dir='ltr'><strong>est</strong></span> <span class='ocrx_word' id='word_1_236' title='bbox 1870 2899 2095 2958; x_wconf 87' lang='lat' dir='ltr'><strong>bonum</strong></span> <span class='ocrx_word' id='word_1_237' title='bbox 2126 2900 2187 2959; x_wconf 87' lang='lat' dir='ltr'><strong>in</strong></span> <span class='ocrx_word' id='word_1_238' title='bbox 2216 2899 2528 2976; x_wconf 75' lang='lat' dir='ltr'><strong>essentia,-</strong></span> 
     </span>
     <span class='ocr_line' id='line_1_27' title="bbox 301 2998 2513 3076; baseline 0 -19"><span class='ocrx_word' id='word_1_239' title='bbox 301 3069 310 3076; x_wconf 36' lang='grc'><strong>,</strong></span> <span class='ocrx_word' id='word_1_240' title='bbox 387 3003 450 3057; x_wconf 88' lang='lat' dir='ltr'><strong>et</strong></span> <span class='ocrx_word' id='word_1_241' title='bbox 472 2998 696 3056; x_wconf 89' lang='lat' dir='ltr'><strong>bonum</strong></span> <span class='ocrx_word' id='word_1_242' title='bbox 721 3000 1034 3074; x_wconf 87' lang='lat' dir='ltr'><strong>spirituale</strong></span> <span class='ocrx_word' id='word_1_243' title='bbox 1071 3007 1166 3059; x_wconf 89' lang='lat' dir='ltr'><strong>est</strong></span> <span class='ocrx_word' id='word_1_244' title='bbox 1190 2999 1411 3058; x_wconf 89' lang='lat' dir='ltr'><strong>bonum</strong></span> <span class='ocrx_word' id='word_1_245' title='bbox 1436 3003 1499 3060; x_wconf 90' lang='lat' dir='ltr'><strong>in</strong></span> <span class='ocrx_word' id='word_1_246' title='bbox 1523 3000 1714 3059; x_wconf 81' lang='lat' dir='ltr'><strong>forma</strong></span> <span class='ocrx_word' id='word_1_247' title='bbox 1729 3020 1745 3076; x_wconf 85' lang='lat'><em>3</em></span> <span class='ocrx_word' id='word_1_248' title='bbox 1786 3008 1846 3059; x_wconf 87' lang='lat' dir='ltr'><strong>et</strong></span> <span class='ocrx_word' id='word_1_249' title='bbox 1872 2999 1987 3058; x_wconf 85' lang='lat' dir='ltr'><strong>hoc</strong></span> <span class='ocrx_word' id='word_1_250' title='bbox 2014 3017 2091 3059; x_wconf 83' lang='lat' dir='ltr'><strong>ex</strong></span> <span class='ocrx_word' id='word_1_251' title='bbox 2120 3015 2323 3075; x_wconf 83' lang='lat' dir='ltr'><strong>causa,</strong></span> <span class='ocrx_word' id='word_1_252' title='bbox 2362 3001 2513 3075; x_wconf 86' lang='lat' dir='ltr'><strong>quia</strong></span> 
     </span>
     <span class='ocr_line' id='line_1_28' title="bbox 385 3096 2508 3177; baseline 0 -18"><span class='ocrx_word' id='word_1_253' title='bbox 385 3096 660 3159; x_wconf 75' lang='lat' dir='ltr'><strong>voluntas</strong></span> <span class='ocrx_word' id='word_1_254' title='bbox 681 3141 698 3168; x_wconf 89' lang='lat'>,</span> <span class='ocrx_word' id='word_1_255' title='bbox 735 3098 838 3156; x_wconf 88' lang='lat' dir='ltr'><strong>ubi</strong></span> <span class='ocrx_word' id='word_1_256' title='bbox 871 3098 1096 3159; x_wconf 82' lang='lat' dir='ltr'><strong>residet</strong></span> <span class='ocrx_word' id='word_1_257' title='bbox 1127 3099 1380 3175; x_wconf 87' lang='lat' dir='ltr'><strong>bonum,</strong></span> <span class='ocrx_word' id='word_1_258' title='bbox 1437 3105 1533 3160; x_wconf 89' lang='lat' dir='ltr'><strong>est</strong></span> <span class='ocrx_word' id='word_1_259' title='bbox 1564 3102 1699 3177; x_wconf 87' lang='lat' dir='ltr'><strong>ipse</strong></span> <span class='ocrx_word' id='word_1_260' title='bbox 1731 3100 1907 3159; x_wconf 88' lang='lat' dir='ltr'><strong>homo</strong></span> <span class='ocrx_word' id='word_1_261' title='bbox 1944 3117 2056 3160; x_wconf 89' lang='lat' dir='ltr'><strong>seu</strong></span> <span class='ocrx_word' id='word_1_262' title='bbox 2089 3101 2267 3160; x_wconf 89' lang='lat' dir='ltr'><strong>homo</strong></span> <span class='ocrx_word' id='word_1_263' title='bbox 2300 3102 2364 3158; x_wconf 87' lang='lat' dir='ltr'><strong>in</strong></span> <span class='ocrx_word' id='word_1_264' title='bbox 2397 3115 2508 3160; x_wconf 81' lang='lat' dir='ltr'><strong>es-</strong></span> 
     </span>
     <span class='ocr_line' id='line_1_29' title="bbox 383 3197 2507 3278; baseline 0 -21"><span class='ocrx_word' id='word_1_265' title='bbox 383 3199 609 3269; x_wconf 87' lang='lat' dir='ltr'><strong>sentia,</strong></span> <span class='ocrx_word' id='word_1_266' title='bbox 665 3213 734 3254; x_wconf 86' lang='lat' dir='ltr'><strong>ac</strong></span> <span class='ocrx_word' id='word_1_267' title='bbox 781 3197 1122 3258; x_wconf 82' lang='lat' dir='ltr'><strong>intellectus</strong></span> <span class='ocrx_word' id='word_1_268' title='bbox 1179 3199 1284 3258; x_wconf 87' lang='lat' dir='ltr'><strong>ubi</strong></span> <span class='ocrx_word' id='word_1_269' title='bbox 1343 3205 1438 3260; x_wconf 87' lang='lat' dir='ltr'><strong>est</strong></span> <span class='ocrx_word' id='word_1_270' title='bbox 1470 3217 1711 3274; x_wconf 79' lang='lat' dir='ltr'><strong>verum,</strong></span> <span class='ocrx_word' id='word_1_271' title='bbox 1768 3199 1930 3278; x_wconf 90' lang='lat' dir='ltr'><strong>quod</strong></span> <span class='ocrx_word' id='word_1_272' title='bbox 1974 3207 2071 3260; x_wconf 87' lang='lat' dir='ltr'><strong>est</strong></span> <span class='ocrx_word' id='word_1_273' title='bbox 2118 3201 2308 3260; x_wconf 85' lang='lat' dir='ltr'><strong>forma</strong></span> <span class='ocrx_word' id='word_1_274' title='bbox 2340 3200 2507 3274; x_wconf 80' lang='lat' dir='ltr'><strong>boni,</strong></span> 
     </span>
     <span class='ocr_line' id='line_1_30' title="bbox 387 3295 2508 3377; baseline 0.001 -21"><span class='ocrx_word' id='word_1_275' title='bbox 387 3304 482 3356; x_wconf 79' lang='lat' dir='ltr'><strong>est</strong></span> <span class='ocrx_word' id='word_1_276' title='bbox 513 3295 691 3356; x_wconf 88' lang='lat' dir='ltr'><strong>homo</strong></span> <span class='ocrx_word' id='word_1_277' title='bbox 725 3296 893 3372; x_wconf 88' lang='lat' dir='ltr'><strong>inde,</strong></span> <span class='ocrx_word' id='word_1_278' title='bbox 939 3299 1024 3355; x_wconf 82' lang='lat' dir='ltr'><strong>ita</strong></span> <span class='ocrx_word' id='word_1_279' title='bbox 1055 3297 1234 3356; x_wconf 86' lang='lat' dir='ltr'><strong>homo</strong></span> <span class='ocrx_word' id='word_1_280' title='bbox 1268 3300 1331 3358; x_wconf 88' lang='lat' dir='ltr'><strong>in</strong></span> <span class='ocrx_word' id='word_1_281' title='bbox 1366 3301 1587 3377; x_wconf 82' lang='lat' dir='ltr'><strong>sorma3</strong></span> <span class='ocrx_word' id='word_1_282' title='bbox 1642 3301 1755 3362; x_wconf 84' lang='lat' dir='ltr'><strong>hoc</strong></span> <span class='ocrx_word' id='word_1_283' title='bbox 1788 3301 2013 3362; x_wconf 87' lang='lat' dir='ltr'><strong>bonum</strong></span> <span class='ocrx_word' id='word_1_284' title='bbox 2064 3303 2242 3361; x_wconf 82' lang='lat' dir='ltr'><strong>etiam</strong></span> <span class='ocrx_word' id='word_1_285' title='bbox 2278 3303 2508 3361; x_wconf 84' lang='lat' dir='ltr'><strong>circum</strong></span> 
     </span>
     <span class='ocr_line' id='line_1_31' title="bbox 383 3395 2509 3479; baseline 0.001 -23"><span class='ocrx_word' id='word_1_286' title='bbox 383 3396 534 3456; x_wconf 85' lang='lat' dir='ltr'><strong>illud</strong></span> <span class='ocrx_word' id='word_1_287' title='bbox 569 3403 680 3456; x_wconf 83' lang='lat' dir='ltr'><strong>est.</strong></span> <span class='ocrx_word' id='word_1_288' title='bbox 739 3395 862 3460; x_wconf 86' lang='lat' dir='ltr'><strong>Sed</strong></span> <span class='ocrx_word' id='word_1_289' title='bbox 893 3398 1148 3475; x_wconf 89' lang='lat' dir='ltr'><strong>primum</strong></span> <span class='ocrx_word' id='word_1_290' title='bbox 1187 3398 1451 3476; x_wconf 85' lang='lat' dir='ltr'><strong>dicetur,</strong></span> <span class='ocrx_word' id='word_1_291' title='bbox 1490 3401 1634 3479; x_wconf 89' lang='lat' dir='ltr'><strong>quid</strong></span> <span class='ocrx_word' id='word_1_292' title='bbox 1666 3404 1746 3461; x_wconf 86' lang='lat' dir='ltr'><strong>sit</strong></span> <span class='ocrx_word' id='word_1_293' title='bbox 1778 3401 2067 3462; x_wconf 88' lang='lat' dir='ltr'><strong>Divinum</strong></span> <span class='ocrx_word' id='word_1_294' title='bbox 2103 3400 2401 3475; x_wconf 88' lang='lat' dir='ltr'><strong>Coeleste,</strong></span> <span class='ocrx_word' id='word_1_295' title='bbox 2442 3405 2509 3460; x_wconf 86' lang='lat' dir='ltr'><strong>et</strong></span> 
     </span>
     <span class='ocr_line' id='line_1_32' title="bbox 389 3497 2503 3578; baseline 0.001 -20"><span class='ocrx_word' id='word_1_296' title='bbox 389 3499 533 3578; x_wconf 88' lang='lat' dir='ltr'><strong>quid</strong></span> <span class='ocrx_word' id='word_1_297' title='bbox 567 3497 853 3560; x_wconf 87' lang='lat' dir='ltr'><strong>Divinum</strong></span> <span class='ocrx_word' id='word_1_298' title='bbox 889 3497 1250 3577; x_wconf 82' lang='lat' dir='ltr'><strong>Spirituale:</strong></span> <span class='ocrx_word' id='word_1_299' title='bbox 1303 3507 1446 3560; x_wconf 86' lang='lat' dir='ltr'><strong>sunt</strong></span> <span class='ocrx_word' id='word_1_300' title='bbox 1492 3501 1659 3562; x_wconf 86' lang='lat' dir='ltr'><strong>Coeli</strong></span> <span class='ocrx_word' id='word_1_301' title='bbox 1694 3501 1957 3563; x_wconf 85' lang='lat' dir='ltr'><strong>distincti</strong></span> <span class='ocrx_word' id='word_1_302' title='bbox 2000 3505 2063 3561; x_wconf 90' lang='lat' dir='ltr'><strong>in</strong></span> <span class='ocrx_word' id='word_1_303' title='bbox 2118 3501 2237 3562; x_wconf 90' lang='lat' dir='ltr'><strong>duo</strong></span> <span class='ocrx_word' id='word_1_304' title='bbox 2272 3501 2503 3577; x_wconf 80' lang='lat' dir='ltr'><strong>Regna,</strong></span> 
     </span>
     <span class='ocr_line' id='line_1_33' title="bbox 389 3599 2501 3679; baseline -0.001 -21"><span class='ocrx_word' id='word_1_305' title='bbox 389 3618 641 3678; x_wconf 87' lang='lat' dir='ltr'><strong>quorum</strong></span> <span class='ocrx_word' id='word_1_306' title='bbox 700 3617 886 3660; x_wconf 87' lang='lat' dir='ltr'><strong>unum</strong></span> <span class='ocrx_word' id='word_1_307' title='bbox 935 3604 1184 3659; x_wconf 82' lang='lat' dir='ltr'><strong>vocatur</strong></span> <span class='ocrx_word' id='word_1_308' title='bbox 1227 3599 1502 3679; x_wconf 86' lang='lat' dir='ltr'><strong>Regnum</strong></span> <span class='ocrx_word' id='word_1_309' title='bbox 1556 3600 1869 3674; x_wconf 86' lang='lat' dir='ltr'><strong>Coeleste,</strong></span> <span class='ocrx_word' id='word_1_310' title='bbox 1930 3601 2188 3662; x_wconf 86' lang='lat' dir='ltr'><strong>alterum</strong></span> <span class='ocrx_word' id='word_1_311' title='bbox 2228 3601 2501 3676; x_wconf 83' lang='lat' dir='ltr'><strong>Regnum</strong></span> 
     </span>
     <span class='ocr_line' id='line_1_34' title="bbox 388 3697 2506 3781; baseline -0.002 -21"><span class='ocrx_word' id='word_1_312' title='bbox 388 3697 744 3777; x_wconf 84' lang='lat' dir='ltr'><strong>Spirituale;</strong></span> <span class='ocrx_word' id='word_1_313' title='bbox 781 3701 1226 3778; x_wconf 82' lang='lat' dir='ltr'><strong>distinguuntur</strong></span> <span class='ocrx_word' id='word_1_314' title='bbox 1259 3704 1322 3762; x_wconf 89' lang='lat' dir='ltr'><strong>in</strong></span> <span class='ocrx_word' id='word_1_315' title='bbox 1347 3719 1438 3776; x_wconf 88' lang='lat' dir='ltr'><strong>eo,</strong></span> <span class='ocrx_word' id='word_1_316' title='bbox 1478 3701 1639 3781; x_wconf 89' lang='lat' dir='ltr'><strong>quod</strong></span> <span class='ocrx_word' id='word_1_317' title='bbox 1670 3701 1757 3762; x_wconf 93' lang='lat' dir='ltr'><strong>illi</strong></span> <span class='ocrx_word' id='word_1_318' title='bbox 1784 3705 1885 3780; x_wconf 87' lang='lat' dir='ltr'><strong>qui</strong></span> <span class='ocrx_word' id='word_1_319' title='bbox 1912 3703 1977 3760; x_wconf 89' lang='lat' dir='ltr'><strong>in</strong></span> <span class='ocrx_word' id='word_1_320' title='bbox 1998 3703 2211 3778; x_wconf 86' lang='lat' dir='ltr'><strong>Regno</strong></span> <span class='ocrx_word' id='word_1_321' title='bbox 2240 3698 2506 3762; x_wconf 85' lang='lat' dir='ltr'><strong>Goelesti</strong></span> 
     </span>
     <span class='ocr_line' id='line_1_35' title="bbox 387 3801 2505 3879; baseline -0.001 -19"><span class='ocrx_word' id='word_1_322' title='bbox 387 3805 556 3878; x_wconf 87' lang='lat' dir='ltr'><strong>sunt,</strong></span> <span class='ocrx_word' id='word_1_323' title='bbox 611 3804 672 3861; x_wconf 89' lang='lat' dir='ltr'><strong>in</strong></span> <span class='ocrx_word' id='word_1_324' title='bbox 705 3801 862 3861; x_wconf 89' lang='lat' dir='ltr'><strong>bono</strong></span> <span class='ocrx_word' id='word_1_325' title='bbox 899 3803 1117 3862; x_wconf 86' lang='lat' dir='ltr'><strong>amoris</strong></span> <span class='ocrx_word' id='word_1_326' title='bbox 1151 3803 1214 3860; x_wconf 89' lang='lat' dir='ltr'><strong>in</strong></span> <span class='ocrx_word' id='word_1_327' title='bbox 1247 3802 1567 3865; x_wconf 87' lang='lat' dir='ltr'><strong>Dominum</strong></span> <span class='ocrx_word' id='word_1_328' title='bbox 1604 3803 1753 3877; x_wconf 84' lang='lat' dir='ltr'><strong>sint,</strong></span> <span class='ocrx_word' id='word_1_329' title='bbox 1812 3810 1873 3862; x_wconf 89' lang='lat' dir='ltr'><strong>et</strong></span> <span class='ocrx_word' id='word_1_330' title='bbox 1906 3803 1997 3864; x_wconf 87' lang='lat' dir='ltr'><strong>illi</strong></span> <span class='ocrx_word' id='word_1_331' title='bbox 2042 3803 2148 3879; x_wconf 88' lang='lat' dir='ltr'><strong>qui</strong></span> <span class='ocrx_word' id='word_1_332' title='bbox 2196 3804 2259 3862; x_wconf 91' lang='lat' dir='ltr'><strong>in</strong></span> <span class='ocrx_word' id='word_1_333' title='bbox 2292 3801 2505 3878; x_wconf 84' lang='lat' dir='ltr'><strong>Regno</strong></span> 
     </span>
     <span class='ocr_line' id='line_1_36' title="bbox 387 3897 2504 3980; baseline -0.001 -20"><span class='ocrx_word' id='word_1_334' title='bbox 387 3897 717 3979; x_wconf 67' lang='lat' dir='ltr'><strong>spirituali,</strong></span> <span class='ocrx_word' id='word_1_335' title='bbox 770 3907 834 3962; x_wconf 89' lang='lat' dir='ltr'><strong>in</strong></span> <span class='ocrx_word' id='word_1_336' title='bbox 865 3901 1020 3962; x_wconf 87' lang='lat' dir='ltr'><strong>bono</strong></span> <span class='ocrx_word' id='word_1_337' title='bbox 1059 3901 1363 3962; x_wconf 83' lang='lat' dir='ltr'><strong>charitatis</strong></span> <span class='ocrx_word' id='word_1_338' title='bbox 1402 3920 1549 3980; x_wconf 89' lang='lat' dir='ltr'><strong>erga</strong></span> <span class='ocrx_word' id='word_1_339' title='bbox 1571 3906 1911 3979; x_wconf 85' lang='lat' dir='ltr'><strong>proximum</strong></span> <span class='ocrx_word' id='word_1_340' title='bbox 1948 3907 2096 3979; x_wconf 83' lang='lat' dir='ltr'><strong>sint3</strong></span> <span class='ocrx_word' id='word_1_341' title='bbox 2149 3901 2289 3962; x_wconf 88' lang='lat' dir='ltr'><strong>inde</strong></span> <span class='ocrx_word' id='word_1_342' title='bbox 2324 3901 2504 3961; x_wconf 81' lang='lat' dir='ltr'><strong>Divi-</strong></span> 
     </span>
     <span class='ocr_line' id='line_1_37' title="bbox 385 4001 2510 4074; baseline 0 -16"><span class='ocrx_word' id='word_1_343' title='bbox 385 4017 528 4058; x_wconf 87' lang='lat' dir='ltr'><strong>num</strong></span> <span class='ocrx_word' id='word_1_344' title='bbox 581 4001 860 4062; x_wconf 75' lang='lat' dir='ltr'><strong>coeleste</strong></span> <span class='ocrx_word' id='word_1_345' title='bbox 923 4009 1018 4062; x_wconf 89' lang='lat' dir='ltr'><strong>est</strong></span> <span class='ocrx_word' id='word_1_346' title='bbox 1063 4001 1285 4062; x_wconf 86' lang='lat' dir='ltr'><strong>bonum</strong></span> <span class='ocrx_word' id='word_1_347' title='bbox 1333 4007 1553 4064; x_wconf 85' lang='lat' dir='ltr'><strong>amoris</strong></span> <span class='ocrx_word' id='word_1_348' title='bbox 1615 4005 1675 4062; x_wconf 86' lang='lat' dir='ltr'><strong>in</strong></span> <span class='ocrx_word' id='word_1_349' title='bbox 1708 4005 2067 4074; x_wconf 87' lang='lat' dir='ltr'><strong>Dominum,</strong></span> <span class='ocrx_word' id='word_1_350' title='bbox 2120 4009 2181 4062; x_wconf 87' lang='lat' dir='ltr'><strong>et</strong></span> <span class='ocrx_word' id='word_1_351' title='bbox 2214 4001 2510 4064; x_wconf 82' lang='lat' dir='ltr'><strong>Divinum</strong></span> 
     </span>
     <span class='ocr_line' id='line_1_38' title="bbox 387 4095 2513 4182; baseline 0.002 -27"><span class='ocrx_word' id='word_1_352' title='bbox 387 4095 710 4172; x_wconf 74' lang='lat' dir='ltr'><strong>spirituale</strong></span> <span class='ocrx_word' id='word_1_353' title='bbox 739 4107 834 4160; x_wconf 89' lang='lat' dir='ltr'><strong>est</strong></span> <span class='ocrx_word' id='word_1_354' title='bbox 850 4102 1072 4162; x_wconf 81' lang='lat' dir='ltr'><strong>bonum</strong></span> <span class='ocrx_word' id='word_1_355' title='bbox 1097 4102 1401 4164; x_wconf 85' lang='lat' dir='ltr'><strong>charitatis</strong></span> <span class='ocrx_word' id='word_1_356' title='bbox 1432 4121 1577 4182; x_wconf 82' lang='lat' dir='ltr'><strong>erga</strong></span> <span class='ocrx_word' id='word_1_357' title='bbox 1595 4107 1962 4182; x_wconf 81' lang='lat' dir='ltr'><strong>proximum:</strong></span> <span class='ocrx_word' id='word_1_358' title='bbox 2001 4102 2331 4165; x_wconf 84' lang='lat' dir='ltr'><strong>secundum</strong></span> <span class='ocrx_word' id='word_1_359' title='bbox 2356 4101 2513 4160; x_wconf 81' lang='lat' dir='ltr'><strong>haee</strong></span> 
     </span>
     <span class='ocr_line' id='line_1_39' title="bbox 384 4195 2518 4289; baseline 0.002 -34"><span class='ocrx_word' id='word_1_360' title='bbox 384 4195 544 4256; x_wconf 84' lang='lat' dir='ltr'><strong>bona</strong></span> <span class='ocrx_word' id='word_1_361' title='bbox 565 4197 745 4256; x_wconf 81' lang='lat' dir='ltr'><strong>etiam</strong></span> <span class='ocrx_word' id='word_1_362' title='bbox 775 4198 941 4260; x_wconf 83' lang='lat' dir='ltr'><strong>Coeli</strong></span> <span class='ocrx_word' id='word_1_363' title='bbox 977 4202 1229 4262; x_wconf 82' lang='lat' dir='ltr'><strong>ordinati</strong></span> <span class='ocrx_word' id='word_1_364' title='bbox 1264 4209 1435 4282; x_wconf 79' lang='lat' dir='ltr'><strong>sunt3</strong></span> <span class='ocrx_word' id='word_1_365' title='bbox 1476 4221 1819 4283; x_wconf 85' lang='lat' dir='ltr'><strong>supremum</strong></span> <span class='ocrx_word' id='word_1_366' title='bbox 1846 4223 1957 4289; x_wconf 75' lang='lat' dir='ltr'><strong>seu</strong></span> <span class='ocrx_word' id='word_1_367' title='bbox 1986 4207 2225 4268; x_wconf 88' lang='lat' dir='ltr'><strong>tertium</strong></span> <span class='ocrx_word' id='word_1_368' title='bbox 2255 4201 2518 4264; x_wconf 79' lang='lat' dir='ltr'><strong>coelum.</strong></span> 
     </span>
    </p>
   </div>
  </div>
 </body>
</html>
