<?xml version="1.0" encoding="UTF-8"?>
<!DOCTYPE html PUBLIC "-//W3C//DTD XHTML 1.0 Transitional//EN"
    "http://www.w3.org/TR/xhtml1/DTD/xhtml1-transitional.dtd">
<html xmlns="http://www.w3.org/1999/xhtml" xml:lang="en" lang="en">
 <head>
  <title>
</title>
<meta http-equiv="Content-Type" content="text/html;charset=utf-8" />
  <meta name='ocr-system' content='tesseract 3.04.00' />
  <meta name='ocr-capabilities' content='ocr_page ocr_carea ocr_par ocr_line ocrx_word'/>
</head>
<body>
  <div class='ocr_page' id='page_1' title='image "./apocalypsisexpl01unkngoog_0379.png"; bbox 0 0 2700 4792; ppageno 0'>
   <div class='ocr_carea' id='block_1_1' title="bbox 29 475 55 504">
    <p class='ocr_par' dir='ltr' id='par_1_1' title="bbox 29 475 55 504">
     <span class='ocr_line' id='line_1_1' title="bbox 29 475 55 504; textangle 90"><span class='ocrx_word' id='word_1_1' title='bbox 29 475 55 504; x_wconf 64' lang='grc' dir='ltr'><strong>Ἰ</strong></span> 
     </span>
    </p>
   </div>
   <div class='ocr_carea' id='block_1_2' title="bbox 391 365 2351 432">
    <p class='ocr_par' dir='ltr' id='par_1_2' title="bbox 391 365 2351 432">
     <span class='ocr_line' id='line_1_2' title="bbox 391 365 2351 432; baseline 0.005 -10"><span class='ocrx_word' id='word_1_2' title='bbox 391 365 630 422; x_wconf 80' lang='lat' dir='ltr'>CAPUT</span> <span class='ocrx_word' id='word_1_3' title='bbox 669 365 1010 426; x_wconf 79' lang='lat' dir='ltr'><strong>TERTIUM.</strong></span> <span class='ocrx_word' id='word_1_4' title='bbox 1742 365 1949 429; x_wconf 56' lang='lat' dir='ltr'><strong>Vtilis:</strong></span> <span class='ocrx_word' id='word_1_5' title='bbox 1994 378 2085 429; x_wconf 89' lang='grc'><strong>17.</strong></span> <span class='ocrx_word' id='word_1_6' title='bbox 2242 379 2351 432; x_wconf 76' lang='lat'><strong>375</strong></span> 
     </span>
    </p>
   </div>
   <div class='ocr_carea' id='block_1_3' title="bbox 219 524 2543 4317">
    <p class='ocr_par' dir='ltr' id='par_1_3' title="bbox 219 524 2543 3915">
     <span class='ocr_line' id='line_1_3' title="bbox 231 524 2352 608; baseline 0.001 -20"><span class='ocrx_word' id='word_1_7' title='bbox 231 543 416 588; x_wconf 68' lang='lat' dir='ltr'><strong>mem</strong></span> <span class='ocrx_word' id='word_1_8' title='bbox 441 545 574 586; x_wconf 70' lang='lat' dir='ltr'><strong>esse</strong></span> <span class='ocrx_word' id='word_1_9' title='bbox 600 524 983 608; x_wconf 74' lang='lat' dir='ltr'><strong>disipulus“</strong></span> <span class='ocrx_word' id='word_1_10' title='bbox 1029 527 1204 588; x_wconf 85' lang='lat' dir='ltr'>XIV:</span> <span class='ocrx_word' id='word_1_11' title='bbox 1241 530 1365 603; x_wconf 76' lang='lat'><strong>335</strong></span> <span class='ocrx_word' id='word_1_12' title='bbox 1406 531 1513 605; x_wconf 88' lang='lat' dir='ltr'><strong>qui</strong></span> <span class='ocrx_word' id='word_1_13' title='bbox 1546 546 1665 588; x_wconf 86' lang='lat' dir='ltr'><strong>non</strong></span> <span class='ocrx_word' id='word_1_14' title='bbox 1692 531 1807 588; x_wconf 87' lang='lat' dir='ltr'><strong>scit</strong></span> <span class='ocrx_word' id='word_1_15' title='bbox 1843 529 2003 606; x_wconf 90' lang='lat' dir='ltr'><strong>quod</strong></span> <span class='ocrx_word' id='word_1_16' title='bbox 2037 529 2352 592; x_wconf 76' lang='lat' dir='ltr'><strong>facultates</strong></span> 
     </span>
     <span class='ocr_line' id='line_1_4' title="bbox 227 627 2352 707; baseline 0.003 -21"><span class='ocrx_word' id='word_1_17' title='bbox 227 631 296 686; x_wconf 88' lang='lat' dir='ltr'><strong>in</strong></span> <span class='ocrx_word' id='word_1_18' title='bbox 333 627 538 686; x_wconf 90' lang='lat' dir='ltr'><strong>Verbo</strong></span> <span class='ocrx_word' id='word_1_19' title='bbox 574 629 693 686; x_wconf 91' lang='lat' dir='ltr'><strong>sint</strong></span> <span class='ocrx_word' id='word_1_20' title='bbox 729 628 968 688; x_wconf 88' lang='lat' dir='ltr'><strong>divitiae</strong></span> <span class='ocrx_word' id='word_1_21' title='bbox 1007 635 1064 689; x_wconf 92' lang='lat' dir='ltr'><strong>et</strong></span> <span class='ocrx_word' id='word_1_22' title='bbox 1099 645 1246 704; x_wconf 89' lang='lat' dir='ltr'><strong>opes</strong></span> <span class='ocrx_word' id='word_1_23' title='bbox 1283 629 1656 706; x_wconf 80' lang='lat' dir='ltr'><strong>spirituales,</strong></span> <span class='ocrx_word' id='word_1_24' title='bbox 1694 647 1849 705; x_wconf 85' lang='lat' dir='ltr'><strong>quae</strong></span> <span class='ocrx_word' id='word_1_25' title='bbox 1886 639 2025 688; x_wconf 87' lang='lat' dir='ltr'><strong>sunt</strong></span> <span class='ocrx_word' id='word_1_26' title='bbox 2060 634 2352 707; x_wconf 85' lang='lat' dir='ltr'><strong>cognitio-</strong></span> 
     </span>
     <span class='ocr_line' id='line_1_5' title="bbox 231 727 2351 808; baseline 0.003 -22"><span class='ocrx_word' id='word_1_27' title='bbox 231 743 348 788; x_wconf 87' lang='lat' dir='ltr'><strong>nes</strong></span> <span class='ocrx_word' id='word_1_28' title='bbox 387 745 464 787; x_wconf 81' lang='lat' dir='ltr'><strong>ex</strong></span> <span class='ocrx_word' id='word_1_29' title='bbox 498 727 732 798; x_wconf 90' lang='lat' dir='ltr'><strong>Verbo,</strong></span> <span class='ocrx_word' id='word_1_30' title='bbox 781 745 900 787; x_wconf 90' lang='lat' dir='ltr'><strong>non</strong></span> <span class='ocrx_word' id='word_1_31' title='bbox 933 729 1108 788; x_wconf 87' lang='lat' dir='ltr'><strong>aliter</strong></span> <span class='ocrx_word' id='word_1_32' title='bbox 1155 731 1310 788; x_wconf 88' lang='lat' dir='ltr'><strong>scire</strong></span> <span class='ocrx_word' id='word_1_33' title='bbox 1345 735 1576 804; x_wconf 87' lang='lat' dir='ltr'><strong>potest,</strong></span> <span class='ocrx_word' id='word_1_34' title='bbox 1632 748 1811 806; x_wconf 86' lang='lat' dir='ltr'><strong>quam</strong></span> <span class='ocrx_word' id='word_1_35' title='bbox 1850 732 2007 807; x_wconf 90' lang='lat' dir='ltr'><strong>quod</strong></span> <span class='ocrx_word' id='word_1_36' title='bbox 2042 749 2109 790; x_wconf 93' lang='lat' dir='ltr'><strong>se</strong></span> <span class='ocrx_word' id='word_1_37' title='bbox 2146 731 2351 808; x_wconf 88' lang='lat' dir='ltr'><strong>depri-</strong></span> 
     </span>
     <span class='ocr_line' id='line_1_6' title="bbox 227 829 2353 907; baseline 0.002 -21"><span class='ocrx_word' id='word_1_38' title='bbox 227 834 484 886; x_wconf 76' lang='lat' dir='ltr'><strong>vatur-us</strong></span> <span class='ocrx_word' id='word_1_39' title='bbox 521 829 600 886; x_wconf 87' lang='lat' dir='ltr'><strong>sit</strong></span> <span class='ocrx_word' id='word_1_40' title='bbox 635 830 908 887; x_wconf 89' lang='lat' dir='ltr'><strong>omnibus</strong></span> <span class='ocrx_word' id='word_1_41' title='bbox 945 829 1162 907; x_wconf 85' lang='lat' dir='ltr'><strong>opibus</strong></span> <span class='ocrx_word' id='word_1_42' title='bbox 1201 837 1264 887; x_wconf 87' lang='lat' dir='ltr'><strong>ut</strong></span> <span class='ocrx_word' id='word_1_43' title='bbox 1299 830 1523 888; x_wconf 84' lang='lat' dir='ltr'><strong>salvari</strong></span> <span class='ocrx_word' id='word_1_44' title='bbox 1557 834 1783 906; x_wconf 88' lang='lat' dir='ltr'><strong>possit,</strong></span> <span class='ocrx_word' id='word_1_45' title='bbox 1830 848 1963 888; x_wconf 91' lang='lat' dir='ltr'><strong>cum</strong></span> <span class='ocrx_word' id='word_1_46' title='bbox 1998 839 2201 891; x_wconf 89' lang='lat' dir='ltr'><strong>tamen</strong></span> <span class='ocrx_word' id='word_1_47' title='bbox 2234 851 2353 892; x_wconf 86' lang='lat' dir='ltr'><strong>non</strong></span> 
     </span>
     <span class='ocr_line' id='line_1_7' title="bbox 234 928 2349 1006; baseline 0.002 -20"><span class='ocrx_word' id='word_1_48' title='bbox 234 929 344 988; x_wconf 92' lang='lat' dir='ltr'><strong>ille</strong></span> <span class='ocrx_word' id='word_1_49' title='bbox 381 945 600 988; x_wconf 82' lang='lat' dir='ltr'><strong>sensus</strong></span> <span class='ocrx_word' id='word_1_50' title='bbox 635 928 874 988; x_wconf 87' lang='lat' dir='ltr'><strong>illorum</strong></span> <span class='ocrx_word' id='word_1_51' title='bbox 907 931 1240 1004; x_wconf 38' lang='lat' dir='ltr'><strong>verborum,</strong></span> <span class='ocrx_word' id='word_1_52' title='bbox 1263 937 1372 1003; x_wconf 89' lang='lat' dir='ltr'><strong>est,</strong></span> <span class='ocrx_word' id='word_1_53' title='bbox 1410 930 1521 989; x_wconf 87' lang='lat' dir='ltr'><strong>sed</strong></span> <span class='ocrx_word' id='word_1_54' title='bbox 1556 948 1667 1006; x_wconf 89' lang='lat' dir='ltr'><strong>per</strong></span> <span class='ocrx_word' id='word_1_55' title='bbox 1700 930 2017 988; x_wconf 80' lang='lat' dir='ltr'><strong>facultates</strong></span> <span class='ocrx_word' id='word_1_56' title='bbox 2052 931 2135 989; x_wconf 93' lang='lat' dir='ltr'><strong>ibi</strong></span> <span class='ocrx_word' id='word_1_57' title='bbox 2168 932 2349 992; x_wconf 87' lang='lat' dir='ltr'><strong>intel-</strong></span> 
     </span>
     <span class='ocr_line' id='line_1_8' title="bbox 225 1029 2350 1107; baseline 0.001 -19"><span class='ocrx_word' id='word_1_58' title='bbox 225 1029 508 1106; x_wconf 84' lang='lat' dir='ltr'><strong>liguntur</strong></span> <span class='ocrx_word' id='word_1_59' title='bbox 539 1031 740 1088; x_wconf 86' lang='lat' dir='ltr'><strong>omnia</strong></span> <span class='ocrx_word' id='word_1_60' title='bbox 775 1047 928 1106; x_wconf 88' lang='lat' dir='ltr'><strong>quae</strong></span> <span class='ocrx_word' id='word_1_61' title='bbox 967 1048 1040 1089; x_wconf 84' lang='lat' dir='ltr'><strong>ex</strong></span> <span class='ocrx_word' id='word_1_62' title='bbox 1076 1031 1318 1106; x_wconf 88' lang='lat' dir='ltr'><strong>propria</strong></span> <span class='ocrx_word' id='word_1_63' title='bbox 1351 1031 1741 1107; x_wconf 81' lang='lat' dir='ltr'><strong>intelligentia</strong></span> <span class='ocrx_word' id='word_1_64' title='bbox 1780 1038 1943 1103; x_wconf 90' lang='lat' dir='ltr'><strong>sunt,</strong></span> <span class='ocrx_word' id='word_1_65' title='bbox 1982 1048 2157 1090; x_wconf 90' lang='lat' dir='ltr'><strong>nemo</strong></span> <span class='ocrx_word' id='word_1_66' title='bbox 2195 1033 2350 1092; x_wconf 88' lang='lat' dir='ltr'><strong>enim</strong></span> 
     </span>
     <span class='ocr_line' id='line_1_9' title="bbox 227 1130 2349 1208; baseline 0.001 -20"><span class='ocrx_word' id='word_1_67' title='bbox 227 1136 440 1207; x_wconf 89' lang='lat' dir='ltr'><strong>potest</strong></span> <span class='ocrx_word' id='word_1_68' title='bbox 501 1146 718 1205; x_wconf 85' lang='lat' dir='ltr'><strong>sapere</strong></span> <span class='ocrx_word' id='word_1_69' title='bbox 765 1147 840 1189; x_wconf 81' lang='lat' dir='ltr'><strong>ex</strong></span> <span class='ocrx_word' id='word_1_70' title='bbox 874 1147 971 1204; x_wconf 88' lang='lat' dir='ltr'><strong>se,</strong></span> <span class='ocrx_word' id='word_1_71' title='bbox 1029 1131 1139 1190; x_wconf 89' lang='lat' dir='ltr'><strong>sed</strong></span> <span class='ocrx_word' id='word_1_72' title='bbox 1175 1147 1249 1188; x_wconf 82' lang='lat' dir='ltr'><strong>ex</strong></span> <span class='ocrx_word' id='word_1_73' title='bbox 1284 1130 1571 1204; x_wconf 90' lang='lat' dir='ltr'><strong>Domino,</strong></span> <span class='ocrx_word' id='word_1_74' title='bbox 1624 1137 1990 1206; x_wconf 82' lang='lat' dir='ltr'><strong>quapropter</strong></span> <span class='ocrx_word' id='word_1_75' title='bbox 2048 1130 2349 1208; x_wconf 87' lang='lat' dir='ltr'><strong>abnegare</strong></span> 
     </span>
     <span class='ocr_line' id='line_1_10' title="bbox 229 1229 2346 1306; baseline 0.001 -19"><span class='ocrx_word' id='word_1_76' title='bbox 229 1246 446 1288; x_wconf 86' lang='lat' dir='ltr'><strong>omnes</strong></span> <span class='ocrx_word' id='word_1_77' title='bbox 481 1229 800 1288; x_wconf 75' lang='lat' dir='ltr'><strong>facultates</strong></span> <span class='ocrx_word' id='word_1_78' title='bbox 839 1239 933 1288; x_wconf 90' lang='lat' dir='ltr'><strong>est</strong></span> <span class='ocrx_word' id='word_1_79' title='bbox 967 1231 1114 1289; x_wconf 87' lang='lat' dir='ltr'><strong>nihil</strong></span> <span class='ocrx_word' id='word_1_80' title='bbox 1153 1231 1577 1306; x_wconf 83' lang='lat' dir='ltr'><strong>intelligentiae</strong></span> <span class='ocrx_word' id='word_1_81' title='bbox 1616 1237 1675 1290; x_wconf 90' lang='lat' dir='ltr'><strong>et</strong></span> <span class='ocrx_word' id='word_1_82' title='bbox 1710 1233 2041 1305; x_wconf 81' lang='lat' dir='ltr'><strong>sapientiae</strong></span> <span class='ocrx_word' id='word_1_83' title='bbox 2078 1231 2192 1289; x_wconf 90' lang='lat' dir='ltr'><strong>sibi</strong></span> <span class='ocrx_word' id='word_1_84' title='bbox 2238 1233 2346 1290; x_wconf 88' lang='lat' dir='ltr'><strong>tri-</strong></span> 
     </span>
     <span class='ocr_line' id='line_1_11' title="bbox 226 1330 2349 1407; baseline 0.001 -20"><span class='ocrx_word' id='word_1_85' title='bbox 226 1331 442 1403; x_wconf 85' lang='lat' dir='ltr'><strong>buere,</strong></span> <span class='ocrx_word' id='word_1_86' title='bbox 484 1335 544 1388; x_wconf 92' lang='lat' dir='ltr'><strong>et</strong></span> <span class='ocrx_word' id='word_1_87' title='bbox 581 1332 681 1405; x_wconf 91' lang='lat' dir='ltr'><strong>qui</strong></span> <span class='ocrx_word' id='word_1_88' title='bbox 703 1330 768 1388; x_wconf 90' lang='lat' dir='ltr'><strong>id</strong></span> <span class='ocrx_word' id='word_1_89' title='bbox 799 1348 918 1390; x_wconf 89' lang='lat' dir='ltr'><strong>non</strong></span> <span class='ocrx_word' id='word_1_90' title='bbox 941 1331 1084 1390; x_wconf 88' lang='lat' dir='ltr'><strong>facit</strong></span> <span class='ocrx_word' id='word_1_91' title='bbox 1109 1347 1227 1390; x_wconf 88' lang='lat' dir='ltr'><strong>non</strong></span> <span class='ocrx_word' id='word_1_92' title='bbox 1253 1337 1457 1407; x_wconf 88' lang='lat' dir='ltr'><strong>potest</strong></span> <span class='ocrx_word' id='word_1_93' title='bbox 1480 1333 1693 1390; x_wconf 89' lang='lat' dir='ltr'><strong>instrui</strong></span> <span class='ocrx_word' id='word_1_94' title='bbox 1720 1348 1757 1388; x_wconf 90' lang='lat' dir='ltr'><strong>a</strong></span> <span class='ocrx_word' id='word_1_95' title='bbox 1784 1331 2056 1403; x_wconf 87' lang='lat' dir='ltr'><strong>Domino,</strong></span> <span class='ocrx_word' id='word_1_96' title='bbox 2094 1331 2208 1390; x_wconf 89' lang='lat' dir='ltr'><strong>hoc</strong></span> <span class='ocrx_word' id='word_1_97' title='bbox 2238 1340 2349 1400; x_wconf 88' lang='lat' dir='ltr'><strong>est,</strong></span> 
     </span>
     <span class='ocr_line' id='line_1_12' title="bbox 223 1428 2347 1507; baseline 0.001 -19"><span class='ocrx_word' id='word_1_98' title='bbox 223 1429 570 1505; x_wconf 85' lang='lat' dir='ltr'><strong>discipulus</strong></span> <span class='ocrx_word' id='word_1_99' title='bbox 629 1428 830 1506; x_wconf 84' lang='lat' dir='ltr'><strong>Ipsius</strong></span> <span class='ocrx_word' id='word_1_100' title='bbox 883 1447 1037 1492; x_wconf 90' lang='lat' dir='ltr'><strong>esse.</strong></span> <span class='ocrx_word' id='word_1_101' title='bbox 1147 1431 1265 1507; x_wconf 88' lang='lat' dir='ltr'><strong>Qui</strong></span> <span class='ocrx_word' id='word_1_102' title='bbox 1315 1449 1433 1490; x_wconf 86' lang='lat' dir='ltr'><strong>non</strong></span> <span class='ocrx_word' id='word_1_103' title='bbox 1484 1433 1709 1504; x_wconf 88' lang='lat' dir='ltr'><strong>sciunt,</strong></span> <span class='ocrx_word' id='word_1_104' title='bbox 1769 1430 1928 1507; x_wconf 89' lang='lat' dir='ltr'><strong>quod</strong></span> <span class='ocrx_word' id='word_1_105' title='bbox 1985 1449 2099 1506; x_wconf 90' lang='lat' dir='ltr'><strong>per</strong></span> <span class='ocrx_word' id='word_1_106' title='bbox 2132 1431 2347 1490; x_wconf 87' lang='lat' dir='ltr'><strong>divites</strong></span> 
     </span>
     <span class='ocr_line' id='line_1_13' title="bbox 223 1529 2348 1607; baseline 0 -19"><span class='ocrx_word' id='word_1_107' title='bbox 223 1529 644 1605; x_wconf 83' lang='lat' dir='ltr'><strong>intelligantur</strong></span> <span class='ocrx_word' id='word_1_108' title='bbox 705 1531 804 1605; x_wconf 92' lang='lat' dir='ltr'><strong>qui</strong></span> <span class='ocrx_word' id='word_1_109' title='bbox 852 1530 1166 1607; x_wconf 89' lang='lat' dir='ltr'><strong>possident</strong></span> <span class='ocrx_word' id='word_1_110' title='bbox 1206 1533 1573 1607; x_wconf 72' lang='lat' dir='ltr'><strong>cognitiones</strong></span> <span class='ocrx_word' id='word_1_111' title='bbox 1622 1534 1751 1590; x_wconf 81' lang='lat' dir='ltr'><strong>veri</strong></span> <span class='ocrx_word' id='word_1_112' title='bbox 1800 1539 1859 1590; x_wconf 86' lang='lat' dir='ltr'><strong>et</strong></span> <span class='ocrx_word' id='word_1_113' title='bbox 1894 1530 2062 1600; x_wconf 89' lang='lat' dir='ltr'><strong>boni,</strong></span> <span class='ocrx_word' id='word_1_114' title='bbox 2115 1532 2201 1590; x_wconf 85' lang='lat' dir='ltr'><strong>ita</strong></span> <span class='ocrx_word' id='word_1_115' title='bbox 2246 1533 2348 1607; x_wconf 86' lang='lat' dir='ltr'><strong>qui</strong></span> 
     </span>
     <span class='ocr_line' id='line_1_14' title="bbox 229 1629 2348 1709; baseline 0 -21"><span class='ocrx_word' id='word_1_116' title='bbox 229 1629 466 1689; x_wconf 86' lang='lat' dir='ltr'><strong>habent</strong></span> <span class='ocrx_word' id='word_1_117' title='bbox 499 1629 794 1704; x_wconf 80' lang='lat' dir='ltr'><strong>Verbum,</strong></span> <span class='ocrx_word' id='word_1_118' title='bbox 852 1638 914 1690; x_wconf 92' lang='lat' dir='ltr'><strong>et</strong></span> <span class='ocrx_word' id='word_1_119' title='bbox 947 1632 1109 1706; x_wconf 89' lang='lat' dir='ltr'><strong>quod</strong></span> <span class='ocrx_word' id='word_1_120' title='bbox 1154 1649 1264 1707; x_wconf 88' lang='lat' dir='ltr'><strong>per</strong></span> <span class='ocrx_word' id='word_1_121' title='bbox 1308 1639 1611 1708; x_wconf 82' lang='lat' dir='ltr'><strong>pauperes</strong></span> <span class='ocrx_word' id='word_1_122' title='bbox 1644 1631 2048 1707; x_wconf 87' lang='lat' dir='ltr'><strong>intelligantur</strong></span> <span class='ocrx_word' id='word_1_123' title='bbox 2096 1633 2198 1709; x_wconf 82' lang='lat' dir='ltr'><strong>qui</strong></span> <span class='ocrx_word' id='word_1_124' title='bbox 2230 1648 2348 1690; x_wconf 89' lang='lat' dir='ltr'><strong>non</strong></span> 
     </span>
     <span class='ocr_line' id='line_1_15' title="bbox 224 1730 2351 1808; baseline 0.001 -20"><span class='ocrx_word' id='word_1_125' title='bbox 224 1730 552 1806; x_wconf 85' lang='lat' dir='ltr'><strong>possident</strong></span> <span class='ocrx_word' id='word_1_126' title='bbox 601 1730 768 1805; x_wconf 84' lang='lat' dir='ltr'><strong>illas,</strong></span> <span class='ocrx_word' id='word_1_127' title='bbox 837 1732 949 1790; x_wconf 91' lang='lat' dir='ltr'><strong>sed</strong></span> <span class='ocrx_word' id='word_1_128' title='bbox 997 1749 1192 1808; x_wconf 86' lang='lat' dir='ltr'><strong>usque</strong></span> <span class='ocrx_word' id='word_1_129' title='bbox 1248 1735 1350 1808; x_wconf 89' lang='lat' dir='ltr'><strong>qui</strong></span> <span class='ocrx_word' id='word_1_130' title='bbox 1398 1732 1741 1792; x_wconf 86' lang='lat' dir='ltr'><strong>desiderant</strong></span> <span class='ocrx_word' id='word_1_131' title='bbox 1788 1732 1951 1805; x_wconf 74' lang='lat' dir='ltr'><strong>illaS,</strong></span> <span class='ocrx_word' id='word_1_132' title='bbox 2012 1749 2131 1790; x_wconf 90' lang='lat' dir='ltr'><strong>non</strong></span> <span class='ocrx_word' id='word_1_133' title='bbox 2176 1732 2351 1790; x_wconf 76' lang='lat' dir='ltr'><strong>aliter</strong></span> 
     </span>
     <span class='ocr_line' id='line_1_16' title="bbox 231 1831 2347 1909; baseline 0.002 -21"><span class='ocrx_word' id='word_1_134' title='bbox 231 1833 398 1888; x_wconf 89' lang='lat' dir='ltr'><strong>scire</strong></span> <span class='ocrx_word' id='word_1_135' title='bbox 433 1836 719 1906; x_wconf 89' lang='lat' dir='ltr'><strong>possunt,</strong></span> <span class='ocrx_word' id='word_1_136' title='bbox 771 1849 950 1907; x_wconf 89' lang='lat' dir='ltr'><strong>quam</strong></span> <span class='ocrx_word' id='word_1_137' title='bbox 985 1833 1146 1909; x_wconf 88' lang='lat' dir='ltr'><strong>quod</strong></span> <span class='ocrx_word' id='word_1_138' title='bbox 1181 1850 1292 1908; x_wconf 89' lang='lat' dir='ltr'><strong>per</strong></span> <span class='ocrx_word' id='word_1_139' title='bbox 1326 1833 1605 1904; x_wconf 87' lang='lat' dir='ltr'><strong>divitem,</strong></span> <span class='ocrx_word' id='word_1_140' title='bbox 1660 1835 1763 1909; x_wconf 87' lang='lat' dir='ltr'><strong>qui</strong></span> <span class='ocrx_word' id='word_1_141' title='bbox 1810 1831 2165 1891; x_wconf 87' lang='lat' dir='ltr'><strong>induebatur</strong></span> <span class='ocrx_word' id='word_1_142' title='bbox 2199 1851 2347 1908; x_wconf 84' lang='lat' dir='ltr'><strong>pur-</strong></span> 
     </span>
     <span class='ocr_line' id='line_1_17' title="bbox 225 1929 2350 2011; baseline 0.001 -23"><span class='ocrx_word' id='word_1_143' title='bbox 225 1947 390 2008; x_wconf 83' lang='lat' dir='ltr'><strong>pura</strong></span> <span class='ocrx_word' id='word_1_144' title='bbox 426 1937 486 1989; x_wconf 92' lang='lat' dir='ltr'><strong>et</strong></span> <span class='ocrx_word' id='word_1_145' title='bbox 519 1929 732 2007; x_wconf 87' lang='lat' dir='ltr'><strong>bysso,</strong></span> <span class='ocrx_word' id='word_1_146' title='bbox 791 1939 852 1990; x_wconf 89' lang='lat' dir='ltr'><strong>et</strong></span> <span class='ocrx_word' id='word_1_147' title='bbox 883 1950 994 2008; x_wconf 89' lang='lat' dir='ltr'><strong>per</strong></span> <span class='ocrx_word' id='word_1_148' title='bbox 1028 1951 1359 2010; x_wconf 86' lang='lat' dir='ltr'><strong>pauperem</strong></span> <span class='ocrx_word' id='word_1_149' title='bbox 1398 1936 1498 2010; x_wconf 89' lang='lat' dir='ltr'><strong>qui</strong></span> <span class='ocrx_word' id='word_1_150' title='bbox 1532 1934 1839 2011; x_wconf 77' lang='lat' dir='ltr'><strong>projectus</strong></span> <span class='ocrx_word' id='word_1_151' title='bbox 1876 1932 1955 1992; x_wconf 88' lang='lat' dir='ltr'><strong>ad</strong></span> <span class='ocrx_word' id='word_1_152' title='bbox 1984 1933 2350 1992; x_wconf 80' lang='lat' dir='ltr'><strong>vestibulum</strong></span> 
     </span>
     <span class='ocr_line' id='line_1_18' title="bbox 229 2030 2349 2110; baseline 0.001 -20"><span class='ocrx_word' id='word_1_153' title='bbox 229 2032 365 2108; x_wconf 87' lang='lat' dir='ltr'><strong>ejus</strong></span> <span class='ocrx_word' id='word_1_154' title='bbox 383 2075 402 2104; x_wconf 93' lang='lat'><strong>,</strong></span> <span class='ocrx_word' id='word_1_155' title='bbox 459 2030 617 2089; x_wconf 87' lang='lat' dir='ltr'><strong>Luc:</strong></span> <span class='ocrx_word' id='word_1_156' title='bbox 653 2031 828 2100; x_wconf 86' lang='lat' dir='ltr'><strong>XVI,</strong></span> <span class='ocrx_word' id='word_1_157' title='bbox 897 2033 1268 2109; x_wconf 85' lang='lat' dir='ltr'><strong>intelligatur</strong></span> <span class='ocrx_word' id='word_1_158' title='bbox 1318 2034 1487 2092; x_wconf 82' lang='lat' dir='ltr'><strong>dives</strong></span> <span class='ocrx_word' id='word_1_159' title='bbox 1542 2041 1605 2093; x_wconf 88' lang='lat' dir='ltr'><strong>et</strong></span> <span class='ocrx_word' id='word_1_160' title='bbox 1646 2051 1884 2110; x_wconf 81' lang='lat' dir='ltr'><strong>pauper</strong></span> <span class='ocrx_word' id='word_1_161' title='bbox 1943 2037 2006 2092; x_wconf 88' lang='lat' dir='ltr'><strong>in</strong></span> <span class='ocrx_word' id='word_1_162' title='bbox 2052 2035 2349 2092; x_wconf 88' lang='lat' dir='ltr'><strong>communi</strong></span> 
     </span>
     <span class='ocr_line' id='line_1_19' title="bbox 227 2133 2349 2209; baseline 0.001 -19"><span class='ocrx_word' id='word_1_163' title='bbox 227 2147 449 2205; x_wconf 87' lang='lat' dir='ltr'><strong>sensu,</strong></span> <span class='ocrx_word' id='word_1_164' title='bbox 507 2148 644 2188; x_wconf 90' lang='lat' dir='ltr'><strong>cum</strong></span> <span class='ocrx_word' id='word_1_165' title='bbox 677 2139 877 2190; x_wconf 86' lang='lat' dir='ltr'><strong>tamen</strong></span> <span class='ocrx_word' id='word_1_166' title='bbox 917 2149 1029 2208; x_wconf 89' lang='lat' dir='ltr'><strong>per</strong></span> <span class='ocrx_word' id='word_1_167' title='bbox 1063 2133 1308 2192; x_wconf 85' lang='lat' dir='ltr'><strong>divitem</strong></span> <span class='ocrx_word' id='word_1_168' title='bbox 1349 2134 1433 2192; x_wconf 89' lang='lat' dir='ltr'><strong>ibi</strong></span> <span class='ocrx_word' id='word_1_169' title='bbox 1486 2133 1835 2209; x_wconf 88' lang='lat' dir='ltr'><strong>intelligitur</strong></span> <span class='ocrx_word' id='word_1_170' title='bbox 1872 2133 2035 2193; x_wconf 85' lang='lat' dir='ltr'><strong>Gens</strong></span> <span class='ocrx_word' id='word_1_171' title='bbox 2071 2133 2349 2202; x_wconf 84' lang='lat' dir='ltr'><strong>Judaica,</strong></span> 
     </span>
     <span class='ocr_line' id='line_1_20' title="bbox 231 2229 2351 2309; baseline 0.001 -19"><span class='ocrx_word' id='word_1_172' title='bbox 231 2249 394 2308; x_wconf 89' lang='lat' dir='ltr'><strong>quae</strong></span> <span class='ocrx_word' id='word_1_173' title='bbox 427 2229 694 2290; x_wconf 89' lang='lat' dir='ltr'><strong>habebat</strong></span> <span class='ocrx_word' id='word_1_174' title='bbox 718 2232 1018 2305; x_wconf 83' lang='lat' dir='ltr'><strong>Verbum,</strong></span> <span class='ocrx_word' id='word_1_175' title='bbox 1055 2235 1114 2292; x_wconf 87' lang='lat' dir='ltr'><strong>in</strong></span> <span class='ocrx_word' id='word_1_176' title='bbox 1153 2251 1268 2309; x_wconf 92' lang='lat' dir='ltr'><strong>quo</strong></span> <span class='ocrx_word' id='word_1_177' title='bbox 1303 2251 1511 2292; x_wconf 87' lang='lat' dir='ltr'><strong>omnes</strong></span> <span class='ocrx_word' id='word_1_178' title='bbox 1547 2235 1913 2309; x_wconf 85' lang='lat' dir='ltr'><strong>cognitiones</strong></span> <span class='ocrx_word' id='word_1_179' title='bbox 1951 2235 2079 2292; x_wconf 85' lang='lat' dir='ltr'><strong>veri</strong></span> <span class='ocrx_word' id='word_1_180' title='bbox 2114 2239 2175 2294; x_wconf 91' lang='lat' dir='ltr'><strong>et</strong></span> <span class='ocrx_word' id='word_1_181' title='bbox 2207 2233 2351 2292; x_wconf 90' lang='lat' dir='ltr'><strong>boni</strong></span> 
     </span>
     <span class='ocr_line' id='line_1_21' title="bbox 229 2333 2344 2410; baseline 0.001 -20"><span class='ocrx_word' id='word_1_182' title='bbox 229 2334 393 2402; x_wconf 85' lang='lat' dir='ltr'><strong>sunt,</strong></span> <span class='ocrx_word' id='word_1_183' title='bbox 429 2348 542 2409; x_wconf 87' lang='lat' dir='ltr'><strong>per</strong></span> <span class='ocrx_word' id='word_1_184' title='bbox 574 2349 901 2408; x_wconf 87' lang='lat' dir='ltr'><strong>purpuram</strong></span> <span class='ocrx_word' id='word_1_185' title='bbox 939 2351 1056 2410; x_wconf 92' lang='lat' dir='ltr'><strong>qua</strong></span> <span class='ocrx_word' id='word_1_186' title='bbox 1089 2333 1331 2392; x_wconf 90' lang='lat' dir='ltr'><strong>indutus</strong></span> <span class='ocrx_word' id='word_1_187' title='bbox 1366 2333 1715 2408; x_wconf 85' lang='lat' dir='ltr'><strong>intelligitur</strong></span> <span class='ocrx_word' id='word_1_188' title='bbox 1750 2335 2072 2409; x_wconf 86' lang='lat' dir='ltr'><strong>genuinum</strong></span> <span class='ocrx_word' id='word_1_189' title='bbox 2106 2333 2344 2408; x_wconf 87' lang='lat' dir='ltr'><strong>bonum,</strong></span> 
     </span>
     <span class='ocr_line' id='line_1_22' title="bbox 229 2433 2343 2510; baseline 0 -20"><span class='ocrx_word' id='word_1_190' title='bbox 229 2451 305 2490; x_wconf 86' lang='lat' dir='ltr'><strong>n:</strong></span> <span class='ocrx_word' id='word_1_191' title='bbox 355 2435 564 2504; x_wconf 87' lang='grc'><strong>9467,</strong></span> <span class='ocrx_word' id='word_1_192' title='bbox 613 2439 674 2492; x_wconf 93' lang='lat' dir='ltr'><strong>et</strong></span> <span class='ocrx_word' id='word_1_193' title='bbox 706 2451 819 2510; x_wconf 88' lang='lat' dir='ltr'><strong>per</strong></span> <span class='ocrx_word' id='word_1_194' title='bbox 851 2433 1097 2510; x_wconf 82' lang='lat' dir='ltr'><strong>byssum</strong></span> <span class='ocrx_word' id='word_1_195' title='bbox 1135 2437 1459 2510; x_wconf 89' lang='lat' dir='ltr'><strong>genuinum</strong></span> <span class='ocrx_word' id='word_1_196' title='bbox 1496 2449 1719 2507; x_wconf 81' lang='lat' dir='ltr'><strong>verum,</strong></span> <span class='ocrx_word' id='word_1_197' title='bbox 1758 2451 1829 2491; x_wconf 86' lang='lat' dir='ltr'><strong>n:</strong></span> <span class='ocrx_word' id='word_1_198' title='bbox 1878 2435 2088 2492; x_wconf 83' lang='lat'><strong>5319.</strong></span> <span class='ocrx_word' id='word_1_199' title='bbox 2135 2435 2343 2494; x_wconf 88' lang='grc'><strong>9469.</strong></span> 
     </span>
     <span class='ocr_line' id='line_1_23' title="bbox 244 2531 2348 2610; baseline 0.001 -21"><span class='ocrx_word' id='word_1_200' title='bbox 244 2533 460 2590; x_wconf 82' lang='grc'><strong>9596.</strong></span> <span class='ocrx_word' id='word_1_201' title='bbox 511 2534 592 2590; x_wconf 90' lang='grc'><strong>97</strong></span> <span class='ocrx_word' id='word_1_202' title='bbox 607 2537 738 2606; x_wconf 82' lang='lat'><strong>443</strong></span> <span class='ocrx_word' id='word_1_203' title='bbox 795 2541 856 2592; x_wconf 92' lang='lat' dir='ltr'><strong>et</strong></span> <span class='ocrx_word' id='word_1_204' title='bbox 914 2551 1026 2610; x_wconf 89' lang='lat' dir='ltr'><strong>per</strong></span> <span class='ocrx_word' id='word_1_205' title='bbox 1081 2551 1419 2610; x_wconf 87' lang='lat' dir='ltr'><strong>pauperem</strong></span> <span class='ocrx_word' id='word_1_206' title='bbox 1478 2532 1811 2610; x_wconf 88' lang='lat' dir='ltr'><strong>projectum</strong></span> <span class='ocrx_word' id='word_1_207' title='bbox 1860 2533 1938 2590; x_wconf 90' lang='lat' dir='ltr'><strong>ad</strong></span> <span class='ocrx_word' id='word_1_208' title='bbox 1979 2531 2348 2592; x_wconf 87' lang='lat' dir='ltr'><strong>vestibulum</strong></span> 
     </span>
     <span class='ocr_line' id='line_1_24' title="bbox 237 2632 2347 2711; baseline 0.001 -23"><span class='ocrx_word' id='word_1_209' title='bbox 237 2633 376 2708; x_wconf 83' lang='lat' dir='ltr'><strong>ejus</strong></span> <span class='ocrx_word' id='word_1_210' title='bbox 411 2632 812 2709; x_wconf 87' lang='lat' dir='ltr'><strong>intelliguntur</strong></span> <span class='ocrx_word' id='word_1_211' title='bbox 871 2641 1082 2710; x_wconf 87' lang='lat' dir='ltr'><strong>gentes</strong></span> <span class='ocrx_word' id='word_1_212' title='bbox 1137 2652 1291 2711; x_wconf 88' lang='lat' dir='ltr'><strong>quae</strong></span> <span class='ocrx_word' id='word_1_213' title='bbox 1343 2641 1513 2694; x_wconf 84' lang='lat' dir='ltr'><strong>erant</strong></span> <span class='ocrx_word' id='word_1_214' title='bbox 1560 2640 1728 2692; x_wconf 84' lang='lat' dir='ltr'><strong>extra</strong></span> <span class='ocrx_word' id='word_1_215' title='bbox 1762 2633 2095 2692; x_wconf 89' lang='lat' dir='ltr'><strong>Ecclesiam</strong></span> <span class='ocrx_word' id='word_1_216' title='bbox 2134 2639 2193 2690; x_wconf 90' lang='lat' dir='ltr'><strong>et</strong></span> <span class='ocrx_word' id='word_1_217' title='bbox 2226 2649 2347 2690; x_wconf 89' lang='lat' dir='ltr'><strong>non</strong></span> 
     </span>
     <span class='ocr_line' id='line_1_25' title="bbox 227 2729 2348 2806; baseline 0 -16"><span class='ocrx_word' id='word_1_218' title='bbox 227 2733 534 2791; x_wconf 83' lang='lat' dir='ltr'><strong>habebant</strong></span> <span class='ocrx_word' id='word_1_219' title='bbox 570 2734 866 2806; x_wconf 83' lang='lat' dir='ltr'><strong>Verbum,</strong></span> <span class='ocrx_word' id='word_1_220' title='bbox 925 2743 985 2794; x_wconf 91' lang='lat' dir='ltr'><strong>et</strong></span> <span class='ocrx_word' id='word_1_221' title='bbox 1020 2741 1221 2793; x_wconf 85' lang='lat' dir='ltr'><strong>tamen</strong></span> <span class='ocrx_word' id='word_1_222' title='bbox 1258 2734 1681 2794; x_wconf 87' lang='lat' dir='ltr'><strong>desiderabant</strong></span> <span class='ocrx_word' id='word_1_223' title='bbox 1717 2751 1865 2793; x_wconf 84' lang='lat' dir='ltr'><strong>vera</strong></span> <span class='ocrx_word' id='word_1_224' title='bbox 1900 2739 1961 2792; x_wconf 92' lang='lat' dir='ltr'><strong>et</strong></span> <span class='ocrx_word' id='word_1_225' title='bbox 1992 2731 2151 2790; x_wconf 89' lang='lat' dir='ltr'><strong>bona</strong></span> <span class='ocrx_word' id='word_1_226' title='bbox 2178 2729 2348 2791; x_wconf 86' lang='lat' dir='ltr'><strong>Coeli</strong></span> 
     </span>
     <span class='ocr_line' id='line_1_26' title="bbox 227 2832 2343 2911; baseline -0.001 -19"><span class='ocrx_word' id='word_1_227' title='bbox 227 2840 290 2892; x_wconf 91' lang='lat' dir='ltr'><strong>et</strong></span> <span class='ocrx_word' id='word_1_228' title='bbox 317 2833 659 2908; x_wconf 84' lang='lat' dir='ltr'><strong>Ecclesiae3</strong></span> <span class='ocrx_word' id='word_1_229' title='bbox 713 2835 850 2892; x_wconf 87' lang='lat' dir='ltr'><strong>inde</strong></span> <span class='ocrx_word' id='word_1_230' title='bbox 889 2837 1068 2894; x_wconf 86' lang='lat' dir='ltr'><strong>etiam</strong></span> <span class='ocrx_word' id='word_1_231' title='bbox 1102 2841 1288 2909; x_wconf 87' lang='lat' dir='ltr'><strong>patet,</strong></span> <span class='ocrx_word' id='word_1_232' title='bbox 1326 2835 1486 2911; x_wconf 88' lang='lat' dir='ltr'><strong>quod</strong></span> <span class='ocrx_word' id='word_1_233' title='bbox 1520 2853 1630 2910; x_wconf 90' lang='lat' dir='ltr'><strong>per</strong></span> <span class='ocrx_word' id='word_1_234' title='bbox 1664 2835 1880 2893; x_wconf 87' lang='lat' dir='ltr'><strong>divites</strong></span> <span class='ocrx_word' id='word_1_235' title='bbox 1918 2832 2343 2909; x_wconf 84' lang='lat' dir='ltr'><strong>intelligantur,</strong></span> 
     </span>
     <span class='ocr_line' id='line_1_27' title="bbox 229 2932 2343 3011; baseline 0 -19"><span class='ocrx_word' id='word_1_236' title='bbox 229 2936 332 3010; x_wconf 87' lang='lat' dir='ltr'><strong>qui</strong></span> <span class='ocrx_word' id='word_1_237' title='bbox 366 2932 592 2993; x_wconf 85' lang='lat' dir='ltr'><strong>habent</strong></span> <span class='ocrx_word' id='word_1_238' title='bbox 627 2934 918 3009; x_wconf 89' lang='lat' dir='ltr'><strong>Verbum,</strong></span> <span class='ocrx_word' id='word_1_239' title='bbox 974 2934 1224 3010; x_wconf 87' lang='lat' dir='ltr'><strong>proinde</strong></span> <span class='ocrx_word' id='word_1_240' title='bbox 1261 2938 1628 3011; x_wconf 88' lang='lat' dir='ltr'><strong>cognitiones</strong></span> <span class='ocrx_word' id='word_1_241' title='bbox 1664 2937 1794 2996; x_wconf 90' lang='lat' dir='ltr'><strong>veri</strong></span> <span class='ocrx_word' id='word_1_242' title='bbox 1830 2941 1893 2993; x_wconf 87' lang='lat' dir='ltr'><strong>et</strong></span> <span class='ocrx_word' id='word_1_243' title='bbox 1926 2935 2095 3009; x_wconf 89' lang='lat' dir='ltr'><strong>boni,</strong></span> <span class='ocrx_word' id='word_1_244' title='bbox 2150 2949 2343 3010; x_wconf 90' lang='lat' dir='ltr'><strong>quon-</strong></span> 
     </span>
     <span class='ocr_line' id='line_1_28' title="bbox 221 3035 2351 3112; baseline 0 -20"><span class='ocrx_word' id='word_1_245' title='bbox 221 3037 346 3092; x_wconf 88' lang='lat' dir='ltr'><strong>iam</strong></span> <span class='ocrx_word' id='word_1_246' title='bbox 401 3035 488 3094; x_wconf 87' lang='lat' dir='ltr'><strong>ibi</strong></span> <span class='ocrx_word' id='word_1_247' title='bbox 555 3041 720 3108; x_wconf 90' lang='lat' dir='ltr'><strong>sunt;</strong></span> <span class='ocrx_word' id='word_1_248' title='bbox 805 3043 873 3094; x_wconf 93' lang='lat' dir='ltr'><strong>ut</strong></span> <span class='ocrx_word' id='word_1_249' title='bbox 921 3052 1160 3111; x_wconf 87' lang='lat' dir='ltr'><strong>quoque</strong></span> <span class='ocrx_word' id='word_1_250' title='bbox 1223 3037 1285 3093; x_wconf 93' lang='lat' dir='ltr'><strong>in</strong></span> <span class='ocrx_word' id='word_1_251' title='bbox 1331 3035 1693 3111; x_wconf 90' lang='lat' dir='ltr'><strong>Prophetico</strong></span> <span class='ocrx_word' id='word_1_252' title='bbox 1740 3035 2127 3096; x_wconf 88' lang='lat' dir='ltr'><strong>Elisabethae</strong></span> <span class='ocrx_word' id='word_1_253' title='bbox 2188 3035 2351 3112; x_wconf 86' lang='lat' dir='ltr'><strong>apud</strong></span> 
     </span>
     <span class='ocr_line' id='line_1_29' title="bbox 221 3132 2349 3214; baseline 0.001 -23"><span class='ocrx_word' id='word_1_254' title='bbox 221 3133 454 3194; x_wconf 87' lang='lat' dir='ltr'><strong>Lucam</strong></span> <span class='ocrx_word' id='word_1_255' title='bbox 505 3135 744 3209; x_wconf 64' lang='lat' dir='ltr'><strong>„Deus</strong></span> <span class='ocrx_word' id='word_1_256' title='bbox 778 3135 1124 3196; x_wconf 73' lang='lat' dir='ltr'><strong>esurientes</strong></span> <span class='ocrx_word' id='word_1_257' title='bbox 1175 3132 1465 3214; x_wconf 75' lang='lat' dir='ltr'><strong>implevit</strong></span> <span class='ocrx_word' id='word_1_258' title='bbox 1498 3136 1707 3207; x_wconf 78' lang='lat' dir='ltr'><strong>honis,</strong></span> <span class='ocrx_word' id='word_1_259' title='bbox 1758 3141 1818 3196; x_wconf 80' lang='lat' dir='ltr'><strong>et</strong></span> <span class='ocrx_word' id='word_1_260' title='bbox 1854 3135 2090 3197; x_wconf 76' lang='lat' dir='ltr'><strong>divites</strong></span> <span class='ocrx_word' id='word_1_261' title='bbox 2133 3135 2349 3196; x_wconf 75' lang='lat' dir='ltr'><strong>emisit</strong></span> 
     </span>
     <span class='ocr_line' id='line_1_30' title="bbox 221 3233 2341 3313; baseline 0.001 -21"><span class='ocrx_word' id='word_1_262' title='bbox 221 3233 498 3295; x_wconf 74' lang='lat' dir='ltr'><strong>inane8“</strong></span> <span class='ocrx_word' id='word_1_263' title='bbox 551 3236 613 3294; x_wconf 80' lang='lat'><strong>1:</strong></span> <span class='ocrx_word' id='word_1_264' title='bbox 660 3237 744 3295; x_wconf 79' lang='lat'><strong>53</strong></span> <span class='ocrx_word' id='word_1_265' title='bbox 768 3257 784 3311; x_wconf 90' lang='lat'>;</span> <span class='ocrx_word' id='word_1_266' title='bbox 839 3239 1172 3295; x_wconf 86' lang='lat' dir='ltr'><strong>esurientes</strong></span> <span class='ocrx_word' id='word_1_267' title='bbox 1233 3245 1373 3296; x_wconf 86' lang='lat' dir='ltr'><strong>sunt</strong></span> <span class='ocrx_word' id='word_1_268' title='bbox 1412 3239 1515 3312; x_wconf 88' lang='lat' dir='ltr'><strong>qui</strong></span> <span class='ocrx_word' id='word_1_269' title='bbox 1568 3237 1911 3298; x_wconf 89' lang='lat' dir='ltr'><strong>desiderant</strong></span> <span class='ocrx_word' id='word_1_270' title='bbox 1956 3239 2341 3313; x_wconf 80' lang='lat' dir='ltr'><strong>cognitioneS,</strong></span> 
     </span>
     <span class='ocr_line' id='line_1_31' title="bbox 227 3337 2346 3412; baseline 0 -20"><span class='ocrx_word' id='word_1_271' title='bbox 227 3338 440 3409; x_wconf 86' lang='lat' dir='ltr'><strong>quales</strong></span> <span class='ocrx_word' id='word_1_272' title='bbox 480 3343 650 3394; x_wconf 84' lang='lat' dir='ltr'><strong>erant</strong></span> <span class='ocrx_word' id='word_1_273' title='bbox 677 3337 924 3410; x_wconf 72' lang='lat' dir='ltr'><strong>GenteS,</strong></span> <span class='ocrx_word' id='word_1_274' title='bbox 963 3353 1117 3412; x_wconf 88' lang='lat' dir='ltr'><strong>quae</strong></span> <span class='ocrx_word' id='word_1_275' title='bbox 1147 3337 1543 3412; x_wconf 82' lang='lat' dir='ltr'><strong>acceptabant</strong></span> <span class='ocrx_word' id='word_1_276' title='bbox 1568 3338 1889 3397; x_wconf 87' lang='lat' dir='ltr'><strong>Dominum</strong></span> <span class='ocrx_word' id='word_1_277' title='bbox 1926 3345 1987 3396; x_wconf 92' lang='lat' dir='ltr'><strong>et</strong></span> <span class='ocrx_word' id='word_1_278' title='bbox 2022 3337 2346 3396; x_wconf 87' lang='lat' dir='ltr'><strong>doctrinam</strong></span> 
     </span>
     <span class='ocr_line' id='line_1_32' title="bbox 229 3435 2341 3514; baseline -0.001 -20"><span class='ocrx_word' id='word_1_279' title='bbox 229 3435 304 3494; x_wconf 90' lang='lat' dir='ltr'><strong>ab</strong></span> <span class='ocrx_word' id='word_1_280' title='bbox 338 3438 484 3514; x_wconf 85' lang='lat' dir='ltr'><strong>Ipso</strong></span> <span class='ocrx_word' id='word_1_281' title='bbox 496 3457 512 3511; x_wconf 85' lang='lat'><em>3</em></span> <span class='ocrx_word' id='word_1_282' title='bbox 569 3437 784 3496; x_wconf 87' lang='lat' dir='ltr'><strong>divites</strong></span> <span class='ocrx_word' id='word_1_283' title='bbox 824 3444 1023 3496; x_wconf 89' lang='lat' dir='ltr'><strong>autem</strong></span> <span class='ocrx_word' id='word_1_284' title='bbox 1073 3440 1173 3512; x_wconf 91' lang='lat' dir='ltr'><strong>qui</strong></span> <span class='ocrx_word' id='word_1_285' title='bbox 1208 3436 1433 3496; x_wconf 89' lang='lat' dir='ltr'><strong>habent</strong></span> <span class='ocrx_word' id='word_1_286' title='bbox 1468 3441 1833 3514; x_wconf 87' lang='lat' dir='ltr'><strong>cognitiones</strong></span> <span class='ocrx_word' id='word_1_287' title='bbox 1880 3439 2023 3512; x_wconf 90' lang='lat' dir='ltr'><strong>quia</strong></span> <span class='ocrx_word' id='word_1_288' title='bbox 2058 3437 2341 3510; x_wconf 89' lang='lat' dir='ltr'><strong>Verbum,</strong></span> 
     </span>
     <span class='ocr_line' id='line_1_33' title="bbox 225 3537 2543 3614; baseline -0.002 -18"><span class='ocrx_word' id='word_1_289' title='bbox 225 3539 440 3613; x_wconf 88' lang='lat' dir='ltr'><strong>quales</strong></span> <span class='ocrx_word' id='word_1_290' title='bbox 479 3545 650 3596; x_wconf 89' lang='lat' dir='ltr'><strong>erant</strong></span> <span class='ocrx_word' id='word_1_291' title='bbox 683 3538 934 3606; x_wconf 80' lang='lat' dir='ltr'><strong>Judaei,</strong></span> <span class='ocrx_word' id='word_1_292' title='bbox 987 3537 1096 3596; x_wconf 90' lang='lat' dir='ltr'><strong>sed</strong></span> <span class='ocrx_word' id='word_1_293' title='bbox 1132 3539 1232 3613; x_wconf 91' lang='lat' dir='ltr'><strong>qui</strong></span> <span class='ocrx_word' id='word_1_294' title='bbox 1279 3555 1473 3614; x_wconf 88' lang='lat' dir='ltr'><strong>usque</strong></span> <span class='ocrx_word' id='word_1_295' title='bbox 1523 3556 1637 3598; x_wconf 87' lang='lat' dir='ltr'><strong>non</strong></span> <span class='ocrx_word' id='word_1_296' title='bbox 1678 3537 1958 3596; x_wconf 85' lang='lat' dir='ltr'><strong>volebant</strong></span> <span class='ocrx_word' id='word_1_297' title='bbox 2004 3537 2162 3593; x_wconf 91' lang='lat' dir='ltr'><strong>scire</strong></span> <span class='ocrx_word' id='word_1_298' title='bbox 2197 3552 2342 3592; x_wconf 80' lang='lat' dir='ltr'><strong>vera</strong></span> <span class='ocrx_word' id='word_1_299' title='bbox 2382 3549 2543 3614; x_wconf 70' lang='lat'>[249]</span> 
     </span>
     <span class='ocr_line' id='line_1_34' title="bbox 219 3633 2341 3713; baseline -0.002 -17"><span class='ocrx_word' id='word_1_300' title='bbox 219 3639 398 3712; x_wconf 90' lang='lat' dir='ltr'><strong>inde,</strong></span> <span class='ocrx_word' id='word_1_301' title='bbox 445 3655 631 3712; x_wconf 88' lang='lat' dir='ltr'><strong>quare</strong></span> <span class='ocrx_word' id='word_1_302' title='bbox 667 3655 780 3696; x_wconf 90' lang='lat' dir='ltr'><strong>nec</strong></span> <span class='ocrx_word' id='word_1_303' title='bbox 815 3636 1214 3713; x_wconf 89' lang='lat' dir='ltr'><strong>acceptabant</strong></span> <span class='ocrx_word' id='word_1_304' title='bbox 1237 3638 1559 3696; x_wconf 89' lang='lat' dir='ltr'><strong>Dominum</strong></span> <span class='ocrx_word' id='word_1_305' title='bbox 1596 3643 1657 3696; x_wconf 89' lang='lat' dir='ltr'><strong>et</strong></span> <span class='ocrx_word' id='word_1_306' title='bbox 1700 3637 2027 3694; x_wconf 87' lang='lat' dir='ltr'><strong>doctrinam</strong></span> <span class='ocrx_word' id='word_1_307' title='bbox 2064 3633 2139 3691; x_wconf 88' lang='lat' dir='ltr'><strong>ab</strong></span> <span class='ocrx_word' id='word_1_308' title='bbox 2164 3633 2341 3710; x_wconf 89' lang='lat' dir='ltr'><strong>Ipso;</strong></span> 
     </span>
     <span class='ocr_line' id='line_1_35' title="bbox 219 3723 2342 3814; baseline -0.002 -18"><span class='ocrx_word' id='word_1_309' title='bbox 219 3738 284 3796; x_wconf 85' lang='lat' dir='ltr'><strong>hi</strong></span> <span class='ocrx_word' id='word_1_310' title='bbox 317 3743 462 3797; x_wconf 90' lang='lat' dir='ltr'><strong>sunt</strong></span> <span class='ocrx_word' id='word_1_311' title='bbox 516 3737 730 3796; x_wconf 85' lang='lat' dir='ltr'><strong>divites</strong></span> <span class='ocrx_word' id='word_1_312' title='bbox 785 3723 889 3814; x_wconf 72' lang='lat' dir='ltr'><strong>qui</strong></span> <span class='ocrx_word' id='word_1_313' title='bbox 923 3740 1092 3796; x_wconf 89' lang='lat' dir='ltr'><strong>missi</strong></span> <span class='ocrx_word' id='word_1_314' title='bbox 1128 3745 1270 3796; x_wconf 89' lang='lat' dir='ltr'><strong>sunt</strong></span> <span class='ocrx_word' id='word_1_315' title='bbox 1306 3739 1542 3809; x_wconf 88' lang='lat' dir='ltr'><strong>inanes,</strong></span> <span class='ocrx_word' id='word_1_316' title='bbox 1595 3735 1685 3795; x_wconf 88' lang='lat' dir='ltr'><strong>illi</strong></span> <span class='ocrx_word' id='word_1_317' title='bbox 1744 3739 1945 3792; x_wconf 88' lang='lat' dir='ltr'><strong>autem</strong></span> <span class='ocrx_word' id='word_1_318' title='bbox 2009 3736 2342 3794; x_wconf 88' lang='lat' dir='ltr'><strong>esurientes</strong></span> 
     </span>
     <span class='ocr_line' id='line_1_36' title="bbox 225 3837 998 3915; baseline -0.001 -18"><span class='ocrx_word' id='word_1_319' title='bbox 225 3841 328 3915; x_wconf 89' lang='lat' dir='ltr'><strong>qui</strong></span> <span class='ocrx_word' id='word_1_320' title='bbox 363 3837 598 3914; x_wconf 85' lang='lat' dir='ltr'><strong>impleti</strong></span> <span class='ocrx_word' id='word_1_321' title='bbox 633 3844 774 3896; x_wconf 90' lang='lat' dir='ltr'><strong>sunt</strong></span> <span class='ocrx_word' id='word_1_322' title='bbox 806 3838 998 3896; x_wconf 75' lang='lat' dir='ltr'><strong>bonis,</strong></span> 
     </span>
    </p>

    <p class='ocr_par' dir='ltr' id='par_1_4' title="bbox 223 3933 2348 4317">
     <span class='ocr_line' id='line_1_37' title="bbox 381 3933 2340 4015; baseline -0.004 -19"><span class='ocrx_word' id='word_1_323' title='bbox 381 3940 546 3998; x_wconf 82' lang='grc'><strong>237.</strong></span> <span class='ocrx_word' id='word_1_324' title='bbox 607 3938 688 3996; x_wconf 90' lang='lat' dir='ltr'><strong>Et</strong></span> <span class='ocrx_word' id='word_1_325' title='bbox 719 3954 839 3996; x_wconf 87' lang='lat' dir='ltr'><strong>non</strong></span> <span class='ocrx_word' id='word_1_326' title='bbox 872 3940 990 3998; x_wconf 90' lang='lat' dir='ltr'><strong>scis</strong></span> <span class='ocrx_word' id='word_1_327' title='bbox 1029 3938 1185 4015; x_wconf 88' lang='lat' dir='ltr'><strong>quod</strong></span> <span class='ocrx_word' id='word_1_328' title='bbox 1229 3943 1296 3996; x_wconf 90' lang='lat' dir='ltr'><strong>tu</strong></span> <span class='ocrx_word' id='word_1_329' title='bbox 1342 3939 1427 3998; x_wconf 84' lang='lat' dir='ltr'><strong>sis</strong></span> <span class='ocrx_word' id='word_1_330' title='bbox 1464 3949 1885 4006; x_wconf 83' lang='lat' dir='ltr'><strong>aerumnosus,</strong></span> <span class='ocrx_word' id='word_1_331' title='bbox 1944 3933 2103 4010; x_wconf 88' lang='lat' dir='ltr'><strong>quod</strong></span> <span class='ocrx_word' id='word_1_332' title='bbox 2152 3934 2340 4008; x_wconf 88' lang='lat' dir='ltr'><strong>signi-</strong></span> 
     </span>
     <span class='ocr_line' id='line_1_38' title="bbox 223 4034 2342 4118; baseline -0.002 -22"><span class='ocrx_word' id='word_1_333' title='bbox 223 4037 366 4098; x_wconf 85' lang='lat' dir='ltr'><strong>ficet</strong></span> <span class='ocrx_word' id='word_1_334' title='bbox 401 4037 564 4115; x_wconf 89' lang='lat' dir='ltr'><strong>quod</strong></span> <span class='ocrx_word' id='word_1_335' title='bbox 598 4056 717 4097; x_wconf 91' lang='lat' dir='ltr'><strong>non</strong></span> <span class='ocrx_word' id='word_1_336' title='bbox 752 4041 948 4097; x_wconf 87' lang='lat' dir='ltr'><strong>sciant</strong></span> <span class='ocrx_word' id='word_1_337' title='bbox 985 4039 1146 4118; x_wconf 91' lang='lat' dir='ltr'><strong>quod</strong></span> <span class='ocrx_word' id='word_1_338' title='bbox 1179 4036 1334 4096; x_wconf 88' lang='lat' dir='ltr'><strong>falsa</strong></span> <span class='ocrx_word' id='word_1_339' title='bbox 1364 4053 1568 4095; x_wconf 89' lang='lat' dir='ltr'><strong>eorum</strong></span> <span class='ocrx_word' id='word_1_340' title='bbox 1607 4053 1743 4095; x_wconf 89' lang='lat' dir='ltr'><strong>cum</strong></span> <span class='ocrx_word' id='word_1_341' title='bbox 1776 4037 1937 4094; x_wconf 83' lang='lat' dir='ltr'><strong>veris</strong></span> <span class='ocrx_word' id='word_1_342' title='bbox 1974 4034 2199 4094; x_wconf 87' lang='lat' dir='ltr'><strong>nullam</strong></span> <span class='ocrx_word' id='word_1_343' title='bbox 2238 4050 2342 4092; x_wconf 85' lang='lat' dir='ltr'><strong>co-</strong></span> 
     </span>
     <span class='ocr_line' id='line_1_39' title="bbox 225 4133 2348 4214; baseline -0.002 -18"><span class='ocrx_word' id='word_1_344' title='bbox 225 4137 600 4198; x_wconf 86' lang='lat' dir='ltr'><strong>haerentiam</strong></span> <span class='ocrx_word' id='word_1_345' title='bbox 634 4138 916 4214; x_wconf 87' lang='lat' dir='ltr'><strong>habeant‚</strong></span> <span class='ocrx_word' id='word_1_346' title='bbox 957 4145 1195 4199; x_wconf 88' lang='lat' dir='ltr'><strong>constat</strong></span> <span class='ocrx_word' id='word_1_347' title='bbox 1229 4155 1305 4198; x_wconf 81' lang='lat' dir='ltr'><strong>ex</strong></span> <span class='ocrx_word' id='word_1_348' title='bbox 1340 4136 1771 4214; x_wconf 86' lang='lat' dir='ltr'><strong>significatione</strong></span> <span class='ocrx_word' id='word_1_349' title='bbox 1808 4154 2148 4212; x_wconf 88' lang='lat' dir='ltr'><strong>aerumnae,</strong></span> <span class='ocrx_word' id='word_1_350' title='bbox 2190 4133 2348 4213; x_wconf 86' lang='lat' dir='ltr'><strong>quod</strong></span> 
     </span>
     <span class='ocr_line' id='line_1_40' title="bbox 227 4235 2348 4317; baseline -0.001 -19"><span class='ocrx_word' id='word_1_351' title='bbox 227 4240 307 4298; x_wconf 82' lang='lat' dir='ltr'><strong>sit</strong></span> <span class='ocrx_word' id='word_1_352' title='bbox 337 4240 617 4300; x_wconf 71' lang='lat' dir='ltr'><strong>infractio</strong></span> <span class='ocrx_word' id='word_1_353' title='bbox 655 4242 784 4299; x_wconf 81' lang='lat' dir='ltr'><strong>veri</strong></span> <span class='ocrx_word' id='word_1_354' title='bbox 817 4257 930 4317; x_wconf 91' lang='lat' dir='ltr'><strong>per</strong></span> <span class='ocrx_word' id='word_1_355' title='bbox 965 4239 1150 4313; x_wconf 84' lang='lat' dir='ltr'><strong>falsa,</strong></span> <span class='ocrx_word' id='word_1_356' title='bbox 1191 4245 1254 4298; x_wconf 86' lang='lat' dir='ltr'><strong>et</strong></span> <span class='ocrx_word' id='word_1_357' title='bbox 1289 4255 1528 4315; x_wconf 90' lang='lat' dir='ltr'><strong>quoque</strong></span> <span class='ocrx_word' id='word_1_358' title='bbox 1567 4236 1732 4298; x_wconf 88' lang='lat' dir='ltr'><strong>nulla</strong></span> <span class='ocrx_word' id='word_1_359' title='bbox 1756 4237 2173 4312; x_wconf 79' lang='lat' dir='ltr'><strong>cohaerentia3</strong></span> <span class='ocrx_word' id='word_1_360' title='bbox 2212 4235 2348 4296; x_wconf 85' lang='lat' dir='ltr'><strong>inde</strong></span> 
     </span>
    </p>
   </div>
  </div>
 </body>
</html>
