<?xml version="1.0" encoding="UTF-8"?>
<!DOCTYPE html PUBLIC "-//W3C//DTD XHTML 1.0 Transitional//EN"
    "http://www.w3.org/TR/xhtml1/DTD/xhtml1-transitional.dtd">
<html xmlns="http://www.w3.org/1999/xhtml" xml:lang="en" lang="en">
 <head>
  <title>
</title>
<meta http-equiv="Content-Type" content="text/html;charset=utf-8" />
  <meta name='ocr-system' content='tesseract 3.04.00' />
  <meta name='ocr-capabilities' content='ocr_page ocr_carea ocr_par ocr_line ocrx_word'/>
</head>
<body>
  <div class='ocr_page' id='page_1' title='image "./apocalypsisexpl01unkngoog_0514.png"; bbox 0 0 2700 4792; ppageno 0'>
   <div class='ocr_carea' id='block_1_1' title="bbox 385 319 2081 390">
    <p class='ocr_par' dir='ltr' id='par_1_1' title="bbox 385 319 2081 390">
     <span class='ocr_line' id='line_1_1' title="bbox 385 319 2081 390; baseline -0.008 -2"><span class='ocrx_word' id='word_1_1' title='bbox 385 339 494 389; x_wconf 81' lang='lat'><strong>510</strong></span> <span class='ocrx_word' id='word_1_2' title='bbox 838 322 1328 380; x_wconf 81' lang='lat' dir='ltr'>APOCALYPSIS</span> <span class='ocrx_word' id='word_1_3' title='bbox 1372 319 1803 378; x_wconf 80' lang='lat' dir='ltr'><strong>EXPLICATA.</strong></span> <span class='ocrx_word' id='word_1_4' title='bbox 1860 321 1907 390; x_wconf 81' lang='lat'><strong>§.</strong></span> <span class='ocrx_word' id='word_1_5' title='bbox 1950 329 2081 384; x_wconf 73' lang='lat'><strong>294.</strong></span> 
     </span>
    </p>
   </div>
   <div class='ocr_carea' id='block_1_2' title="bbox 175 479 2539 4266">
    <p class='ocr_par' dir='ltr' id='par_1_2' title="bbox 175 479 2539 4266">
     <span class='ocr_line' id='line_1_2' title="bbox 385 479 2539 562; baseline -0.001 -17"><span class='ocrx_word' id='word_1_6' title='bbox 385 487 656 547; x_wconf 69' lang='lat' dir='ltr'><strong>eniittere</strong></span> <span class='ocrx_word' id='word_1_7' title='bbox 689 483 966 562; x_wconf 85' lang='lat' dir='ltr'><strong>spiritum</strong></span> <span class='ocrx_word' id='word_1_8' title='bbox 1001 489 1312 558; x_wconf 83' lang='lat' dir='ltr'><strong>creantur,</strong></span> <span class='ocrx_word' id='word_1_9' title='bbox 1347 481 1715 560; x_wconf 77' lang='lat' dir='ltr'><strong>significatur</strong></span> <span class='ocrx_word' id='word_1_10' title='bbox 1750 479 1912 558; x_wconf 88' lang='lat' dir='ltr'><strong>quod</strong></span> <span class='ocrx_word' id='word_1_11' title='bbox 1944 479 2147 557; x_wconf 85' lang='lat' dir='ltr'><strong>quoad</strong></span> <span class='ocrx_word' id='word_1_12' title='bbox 2184 483 2371 540; x_wconf 77' lang='lat' dir='ltr'><strong>vitam</strong></span> <span class='ocrx_word' id='word_1_13' title='bbox 2414 499 2539 543; x_wconf 84' lang='lat' dir='ltr'><strong>se-</strong></span> 
     </span>
     <span class='ocr_line' id='line_1_3' title="bbox 381 582 2539 657; baseline -0.001 -11"><span class='ocrx_word' id='word_1_14' title='bbox 381 583 642 646; x_wconf 86' lang='lat' dir='ltr'><strong>cundum</strong></span> <span class='ocrx_word' id='word_1_15' title='bbox 674 583 960 644; x_wconf 82' lang='lat' dir='ltr'><strong>Divinum</strong></span> <span class='ocrx_word' id='word_1_16' title='bbox 993 582 1223 644; x_wconf 83' lang='lat' dir='ltr'><strong>Verum</strong></span> <span class='ocrx_word' id='word_1_17' title='bbox 1281 583 1705 656; x_wconf 73' lang='lat' dir='ltr'><strong>reformentur-3</strong></span> <span class='ocrx_word' id='word_1_18' title='bbox 1762 585 1823 640; x_wconf 89' lang='lat' dir='ltr'><strong>et</strong></span> <span class='ocrx_word' id='word_1_19' title='bbox 1865 597 1979 657; x_wconf 87' lang='lat' dir='ltr'><strong>per</strong></span> <span class='ocrx_word' id='word_1_20' title='bbox 2022 596 2285 640; x_wconf 79' lang='lat' dir='ltr'><strong>renovas</strong></span> <span class='ocrx_word' id='word_1_21' title='bbox 2320 583 2539 643; x_wconf 77' lang='lat' dir='ltr'><strong>facies</strong></span> 
     </span>
     <span class='ocr_line' id='line_1_4' title="bbox 383 678 2531 762; baseline -0.001 -17"><span class='ocrx_word' id='word_1_22' title='bbox 383 695 600 757; x_wconf 86' lang='lat' dir='ltr'><strong>terrac,</strong></span> <span class='ocrx_word' id='word_1_23' title='bbox 637 683 1006 762; x_wconf 78' lang='lat' dir='ltr'><strong>significatur</strong></span> <span class='ocrx_word' id='word_1_24' title='bbox 1039 685 1397 743; x_wconf 72' lang='lat' dir='ltr'><strong>instauratio</strong></span> <span class='ocrx_word' id='word_1_25' title='bbox 1421 681 1751 742; x_wconf 78' lang='lat' dir='ltr'><strong>Ecclesiae.</strong></span> <span class='ocrx_word' id='word_1_26' title='bbox 1807 680 1991 757; x_wconf 84' lang='lat' dir='ltr'>Apud</span> <span class='ocrx_word' id='word_1_27' title='bbox 2016 678 2258 757; x_wconf 72' lang='lat' dir='ltr'><strong>Esaiam</strong></span> <span class='ocrx_word' id='word_1_28' title='bbox 2294 723 2333 754; x_wconf 87' lang='lat'><em>„</em></span> <span class='ocrx_word' id='word_1_29' title='bbox 2347 678 2531 743; x_wconf 83' lang='lat' dir='ltr'><strong>Tol-</strong></span> 
     </span>
     <span class='ocr_line' id='line_1_5' title="bbox 383 778 2523 862; baseline -0.002 -15"><span class='ocrx_word' id='word_1_30' title='bbox 383 783 500 848; x_wconf 75' lang='lat' dir='ltr'><strong>lite</strong></span> <span class='ocrx_word' id='word_1_31' title='bbox 533 783 608 846; x_wconf 76' lang='lat' dir='ltr'><strong>in</strong></span> <span class='ocrx_word' id='word_1_32' title='bbox 639 780 850 846; x_wconf 74' lang='lat' dir='ltr'><strong>altum</strong></span> <span class='ocrx_word' id='word_1_33' title='bbox 885 780 1130 859; x_wconf 69' lang='lat' dir='ltr'><strong>oculos,</strong></span> <span class='ocrx_word' id='word_1_34' title='bbox 1185 787 1246 844; x_wconf 80' lang='lat' dir='ltr'><strong>et</strong></span> <span class='ocrx_word' id='word_1_35' title='bbox 1279 780 1487 844; x_wconf 77' lang='lat' dir='ltr'><strong>videte</strong></span> <span class='ocrx_word' id='word_1_36' title='bbox 1520 781 1669 862; x_wconf 75' lang='lat' dir='ltr'><strong>quis</strong></span> <span class='ocrx_word' id='word_1_37' title='bbox 1714 779 1954 842; x_wconf 79' lang='lat' dir='ltr'><strong>creavit</strong></span> <span class='ocrx_word' id='word_1_38' title='bbox 1990 779 2167 852; x_wconf 75' lang='lat' dir='ltr'><strong>haec,</strong></span> <span class='ocrx_word' id='word_1_39' title='bbox 2210 778 2323 860; x_wconf 78' lang='lat' dir='ltr'><strong>qui</strong></span> <span class='ocrx_word' id='word_1_40' title='bbox 2342 779 2523 842; x_wconf 75' lang='lat' dir='ltr'><strong>edu·-</strong></span> 
     </span>
     <span class='ocr_line' id='line_1_6' title="bbox 383 879 2523 957; baseline -0.003 -8"><span class='ocrx_word' id='word_1_41' title='bbox 383 885 474 949; x_wconf 74' lang='lat' dir='ltr'><strong>ct‘t</strong></span> <span class='ocrx_word' id='word_1_42' title='bbox 527 885 600 948; x_wconf 72' lang='lat' dir='ltr'><strong>in</strong></span> <span class='ocrx_word' id='word_1_43' title='bbox 639 903 974 948; x_wconf 69' lang='lat' dir='ltr'><strong>numm-um</strong></span> <span class='ocrx_word' id='word_1_44' title='bbox 1029 883 1377 945; x_wconf 70' lang='lat' dir='ltr'><strong>exercitum</strong></span> <span class='ocrx_word' id='word_1_45' title='bbox 1427 899 1643 944; x_wconf 73' lang='lat' dir='ltr'><strong>eorum</strong></span> <span class='ocrx_word' id='word_1_46' title='bbox 1658 927 1674 957; x_wconf 90' lang='lat'>‚</span> <span class='ocrx_word' id='word_1_47' title='bbox 1738 897 1951 942; x_wconf 69' lang='lat' dir='ltr'><strong>omnes</strong></span> <span class='ocrx_word' id='word_1_48' title='bbox 1996 879 2243 940; x_wconf 68' lang='lat' dir='ltr'><strong>nomine</strong></span> <span class='ocrx_word' id='word_1_49' title='bbox 2281 886 2479 942; x_wconf 79' lang='lat' dir='ltr'><strong>vocat</strong></span> <span class='ocrx_word' id='word_1_50' title='bbox 2497 903 2523 943; x_wconf 85' lang='lat'><strong>.-</strong></span> 
     </span>
     <span class='ocr_line' id='line_1_7' title="bbox 383 980 2527 1063; baseline -0.004 -13"><span class='ocrx_word' id='word_1_51' title='bbox 383 985 576 1050; x_wconf 70' lang='lat' dir='ltr'><strong>Dm</strong></span> <span class='ocrx_word' id='word_1_52' title='bbox 625 984 706 1047; x_wconf 79' lang='lat' dir='ltr'><strong>ab</strong></span> <span class='ocrx_word' id='word_1_53' title='bbox 741 988 990 1047; x_wconf 64' lang='lat' dir='ltr'><strong>aeterno</strong></span> <span class='ocrx_word' id='word_1_54' title='bbox 1003 1029 1021 1055; x_wconf 90' lang='lat'>‚</span> <span class='ocrx_word' id='word_1_55' title='bbox 1085 981 1373 1046; x_wconf 65' lang='lat' dir='ltr'><strong>Jehovaa</strong></span> <span class='ocrx_word' id='word_1_56' title='bbox 1410 999 1633 1044; x_wconf 75' lang='lat' dir='ltr'><strong>orcam</strong></span> <span class='ocrx_word' id='word_1_57' title='bbox 1676 981 1845 1063; x_wconf 73' lang='lat' dir='ltr'><strong>fines</strong></span> <span class='ocrx_word' id='word_1_58' title='bbox 1900 987 2109 1044; x_wconf 66' lang='lat' dir='ltr'><strong>terrae</strong></span> <span class='ocrx_word' id='word_1_59' title='bbox 2166 999 2292 1042; x_wconf 79' lang='lat' dir='ltr'><strong>non</strong></span> <span class='ocrx_word' id='word_1_60' title='bbox 2328 980 2527 1062; x_wconf 79' lang='lat' dir='ltr'><strong>sati-</strong></span> 
     </span>
     <span class='ocr_line' id='line_1_8' title="bbox 382 1081 2525 1167; baseline -0.002 -19"><span class='ocrx_word' id='word_1_61' title='bbox 382 1087 628 1167; x_wconf 49' lang='lat' dir='ltr'><strong>yacus*</strong></span> <span class='ocrx_word' id='word_1_62' title='bbox 669 1085 814 1146; x_wconf 76' lang='lat' dir='ltr'><strong>XL:</strong></span> <span class='ocrx_word' id='word_1_63' title='bbox 857 1087 970 1144; x_wconf 75' lang='lat'><strong>26.</strong></span> <span class='ocrx_word' id='word_1_64' title='bbox 1005 1087 1092 1146; x_wconf 77' lang='lat'><strong>28</strong></span> <span class='ocrx_word' id='word_1_65' title='bbox 1107 1104 1124 1160; x_wconf 91' lang='lat'>;</span> <span class='ocrx_word' id='word_1_66' title='bbox 1175 1085 1375 1161; x_wconf 78' lang='lat' dir='ltr'><strong>agitur</strong></span> <span class='ocrx_word' id='word_1_67' title='bbox 1409 1085 1590 1144; x_wconf 87' lang='lat' dir='ltr'><strong>etiam</strong></span> <span class='ocrx_word' id='word_1_68' title='bbox 1623 1081 1721 1142; x_wconf 82' lang='lat' dir='ltr'><strong>hic</strong></span> <span class='ocrx_word' id='word_1_69' title='bbox 1759 1082 1835 1141; x_wconf 84' lang='lat' dir='ltr'><strong>de</strong></span> <span class='ocrx_word' id='word_1_70' title='bbox 1869 1081 2311 1158; x_wconf 81' lang='lat' dir='ltr'><strong>reformatione,</strong></span> <span class='ocrx_word' id='word_1_71' title='bbox 2351 1098 2525 1159; x_wconf 87' lang='lat' dir='ltr'><strong>quae</strong></span> 
     </span>
     <span class='ocr_line' id='line_1_9' title="bbox 385 1181 2524 1264; baseline -0.002 -17"><span class='ocrx_word' id='word_1_72' title='bbox 385 1187 752 1264; x_wconf 77' lang='lat' dir='ltr'><strong>slgnfficatur</strong></span> <span class='ocrx_word' id='word_1_73' title='bbox 804 1201 916 1262; x_wconf 90' lang='lat' dir='ltr'><strong>per</strong></span> <span class='ocrx_word' id='word_1_74' title='bbox 967 1201 1174 1244; x_wconf 82' lang='lat' dir='ltr'><strong>creare</strong></span> <span class='ocrx_word' id='word_1_75' title='bbox 1186 1205 1206 1261; x_wconf 80' lang='lat'>3</span> <span class='ocrx_word' id='word_1_76' title='bbox 1256 1201 1369 1261; x_wconf 86' lang='lat' dir='ltr'><strong>per</strong></span> <span class='ocrx_word' id='word_1_77' title='bbox 1420 1185 1748 1243; x_wconf 81' lang='lat' dir='ltr'><strong>exercitum</strong></span> <span class='ocrx_word' id='word_1_78' title='bbox 1802 1199 1982 1260; x_wconf 88' lang='lat' dir='ltr'><strong>quem</strong></span> <span class='ocrx_word' id='word_1_79' title='bbox 2018 1181 2267 1252; x_wconf 87' lang='lat' dir='ltr'><strong>educet,</strong></span> <span class='ocrx_word' id='word_1_80' title='bbox 2318 1183 2524 1260; x_wconf 84' lang='lat' dir='ltr'><strong>signi-</strong></span> 
     </span>
     <span class='ocr_line' id='line_1_10' title="bbox 383 1282 2525 1361; baseline -0.002 -14"><span class='ocrx_word' id='word_1_81' title='bbox 383 1288 640 1347; x_wconf 81' lang='lat' dir='ltr'><strong>ficantur</strong></span> <span class='ocrx_word' id='word_1_82' title='bbox 673 1287 871 1346; x_wconf 86' lang='lat' dir='ltr'><strong>omnia</strong></span> <span class='ocrx_word' id='word_1_83' title='bbox 903 1301 1052 1344; x_wconf 86' lang='lat' dir='ltr'><strong>vera</strong></span> <span class='ocrx_word' id='word_1_84' title='bbox 1087 1291 1148 1345; x_wconf 90' lang='lat' dir='ltr'><strong>et</strong></span> <span class='ocrx_word' id='word_1_85' title='bbox 1179 1284 1367 1360; x_wconf 70' lang='lat' dir='ltr'><strong>bona,</strong></span> <span class='ocrx_word' id='word_1_86' title='bbox 1418 1301 1529 1361; x_wconf 85' lang='lat' dir='ltr'><strong>per</strong></span> <span class='ocrx_word' id='word_1_87' title='bbox 1562 1285 1801 1342; x_wconf 87' lang='lat' dir='ltr'><strong>nomine</strong></span> <span class='ocrx_word' id='word_1_88' title='bbox 1833 1299 2086 1357; x_wconf 83' lang='lat' dir='ltr'><strong>vocare,</strong></span> <span class='ocrx_word' id='word_1_89' title='bbox 2138 1282 2525 1359; x_wconf 81' lang='lat' dir='ltr'><strong>significatur</strong></span> 
     </span>
     <span class='ocr_line' id='line_1_11' title="bbox 385 1382 2517 1466; baseline -0.002 -20"><span class='ocrx_word' id='word_1_90' title='bbox 385 1388 652 1466; x_wconf 80' lang='lat' dir='ltr'><strong>receptio</strong></span> <span class='ocrx_word' id='word_1_91' title='bbox 687 1384 1016 1445; x_wconf 86' lang='lat' dir='ltr'><strong>secundum</strong></span> <span class='ocrx_word' id='word_1_92' title='bbox 1050 1385 1230 1461; x_wconf 83' lang='lat' dir='ltr'><strong>quale</strong></span> <span class='ocrx_word' id='word_1_93' title='bbox 1257 1385 1551 1462; x_wconf 80' lang='lat' dir='ltr'><strong>quusvis3</strong></span> <span class='ocrx_word' id='word_1_94' title='bbox 1587 1401 1701 1461; x_wconf 89' lang='lat' dir='ltr'><strong>per</strong></span> <span class='ocrx_word' id='word_1_95' title='bbox 1732 1399 1940 1443; x_wconf 87' lang='lat' dir='ltr'><strong>creare</strong></span> <span class='ocrx_word' id='word_1_96' title='bbox 1972 1382 2122 1443; x_wconf 80' lang='lat' dir='ltr'><strong>fines</strong></span> <span class='ocrx_word' id='word_1_97' title='bbox 2158 1387 2381 1460; x_wconf 83' lang='lat' dir='ltr'><strong>terrae,</strong></span> <span class='ocrx_word' id='word_1_98' title='bbox 2420 1384 2517 1442; x_wconf 85' lang='lat' dir='ltr'><strong>si-</strong></span> 
     </span>
     <span class='ocr_line' id='line_1_12' title="bbox 384 1479 2515 1568; baseline -0.001 -21"><span class='ocrx_word' id='word_1_99' title='bbox 384 1486 700 1566; x_wconf 77' lang='lat' dir='ltr'><strong>gnlflcatur</strong></span> <span class='ocrx_word' id='word_1_100' title='bbox 745 1487 1084 1568; x_wconf 64' lang='lat' dir='ltr'><strong>instaurare</strong></span> <span class='ocrx_word' id='word_1_101' title='bbox 1127 1484 1463 1546; x_wconf 82' lang='lat' dir='ltr'><strong>Ecclesiam</strong></span> <span class='ocrx_word' id='word_1_102' title='bbox 1479 1529 1497 1560; x_wconf 93' lang='lat'><strong>,</strong></span> <span class='ocrx_word' id='word_1_103' title='bbox 1552 1486 1639 1543; x_wconf 87' lang='lat' dir='ltr'><strong>ita</strong></span> <span class='ocrx_word' id='word_1_104' title='bbox 1696 1483 2021 1544; x_wconf 80' lang='lat' dir='ltr'><strong>reformare</strong></span> <span class='ocrx_word' id='word_1_105' title='bbox 2080 1479 2219 1542; x_wconf 85' lang='lat' dir='ltr'><strong>illos</strong></span> <span class='ocrx_word' id='word_1_106' title='bbox 2264 1485 2371 1560; x_wconf 86' lang='lat' dir='ltr'><strong>qni</strong></span> <span class='ocrx_word' id='word_1_107' title='bbox 2402 1482 2515 1544; x_wconf 86' lang='lat' dir='ltr'><strong>ibi.</strong></span> 
     </span>
     <span class='ocr_line' id='line_1_13' title="bbox 383 1579 2517 1666; baseline -0.002 -18"><span class='ocrx_word' id='word_1_108' title='bbox 383 1587 566 1666; x_wconf 83' lang='lat' dir='ltr'><strong>Apud</strong></span> <span class='ocrx_word' id='word_1_109' title='bbox 597 1584 980 1646; x_wconf 78' lang='lat' dir='ltr'><strong>Ezechielem</strong></span> <span class='ocrx_word' id='word_1_110' title='bbox 1014 1583 1148 1661; x_wconf 78' lang='lat' dir='ltr'><strong>„In</strong></span> <span class='ocrx_word' id='word_1_111' title='bbox 1185 1583 1375 1647; x_wconf 78' lang='lat' dir='ltr'><strong>Eden</strong></span> <span class='ocrx_word' id='word_1_112' title='bbox 1416 1582 1595 1646; x_wconf 76' lang='lat' dir='ltr'><strong>horto</strong></span> <span class='ocrx_word' id='word_1_113' title='bbox 1628 1581 1770 1644; x_wconf 79' lang='lat' dir='ltr'><strong>Dei</strong></span> <span class='ocrx_word' id='word_1_114' title='bbox 1792 1582 2003 1664; x_wconf 71' lang='lat' dir='ltr'><strong>suisti</strong></span> <span class='ocrx_word' id='word_1_115' title='bbox 2012 1628 2029 1659; x_wconf 90' lang='lat'><strong>,</strong></span> <span class='ocrx_word' id='word_1_116' title='bbox 2086 1582 2294 1644; x_wconf 71' lang='lat' dir='ltr'><strong>omnis</strong></span> <span class='ocrx_word' id='word_1_117' title='bbox 2330 1579 2517 1664; x_wconf 72' lang='lat' dir='ltr'><strong>lapi-3</strong></span> 
     </span>
     <span class='ocr_line' id='line_1_14' title="bbox 375 1683 2511 1766; baseline -0 -20"><span class='ocrx_word' id='word_1_118' title='bbox 375 1686 702 1766; x_wconf 72' lang='lat' dir='ltr'><strong>pretiosus</strong></span> <span class='ocrx_word' id='word_1_119' title='bbox 741 1689 1168 1766; x_wconf 69' lang='lat' dir='ltr'><strong>teyunoentum</strong></span> <span class='ocrx_word' id='word_1_120' title='bbox 1210 1689 1421 1761; x_wconf 81' lang='lat' dir='ltr'><strong>tuum,</strong></span> <span class='ocrx_word' id='word_1_121' title='bbox 1492 1685 1562 1746; x_wconf 81' lang='lat' dir='ltr'><strong>in</strong></span> <span class='ocrx_word' id='word_1_122' title='bbox 1600 1683 1707 1746; x_wconf 80' lang='lat' dir='ltr'><strong>die</strong></span> <span class='ocrx_word' id='word_1_123' title='bbox 1746 1701 1867 1764; x_wconf 80' lang='lat' dir='ltr'><strong>quo</strong></span> <span class='ocrx_word' id='word_1_124' title='bbox 1904 1689 2157 1746; x_wconf 70' lang='lat' dir='ltr'><strong>matus</strong></span> <span class='ocrx_word' id='word_1_125' title='bbox 2192 1701 2263 1743; x_wconf 76' lang='lat' dir='ltr'><strong>es</strong></span> <span class='ocrx_word' id='word_1_126' title='bbox 2304 1701 2511 1765; x_wconf 79' lang='lat' dir='ltr'><strong>prae·-</strong></span> 
     </span>
     <span class='ocr_line' id='line_1_15' title="bbox 371 1782 2512 1866; baseline -0 -19"><span class='ocrx_word' id='word_1_127' title='bbox 371 1790 618 1866; x_wconf 76' lang='lat' dir='ltr'><strong>parata</strong></span> <span class='ocrx_word' id='word_1_128' title='bbox 672 1789 860 1846; x_wconf 63' lang='lat' dir='ltr'><strong>eunt:</strong></span> <span class='ocrx_word' id='word_1_129' title='bbox 901 1785 1226 1864; x_wconf 74' lang='lat' dir='ltr'><strong>perfectus</strong></span> <span class='ocrx_word' id='word_1_130' title='bbox 1267 1789 1340 1847; x_wconf 81' lang='lat' dir='ltr'><strong>tu</strong></span> <span class='ocrx_word' id='word_1_131' title='bbox 1392 1783 1465 1845; x_wconf 67' lang='grc' dir='ltr'><strong>ὄπ</strong></span> <span class='ocrx_word' id='word_1_132' title='bbox 1500 1783 1629 1845; x_wconf 74' lang='lat' dir='ltr'><strong>viis</strong></span> <span class='ocrx_word' id='word_1_133' title='bbox 1662 1784 1799 1846; x_wconf 75' lang='lat' dir='ltr'><strong>tuis</strong></span> <span class='ocrx_word' id='word_1_134' title='bbox 1848 1803 1891 1844; x_wconf 85' lang='lat' dir='ltr'><strong><em>a</em></strong></span> <span class='ocrx_word' id='word_1_135' title='bbox 1937 1782 2043 1844; x_wconf 77' lang='lat' dir='ltr'><strong>die</strong></span> <span class='ocrx_word' id='word_1_136' title='bbox 2078 1800 2200 1863; x_wconf 77' lang='lat' dir='ltr'><strong>quo</strong></span> <span class='ocrx_word' id='word_1_137' title='bbox 2250 1789 2512 1846; x_wconf 75' lang='lat' dir='ltr'><strong>creatus</strong></span> 
     </span>
     <span class='ocr_line' id='line_1_16' title="bbox 382 1883 2509 1963; baseline -0.001 -18"><span class='ocrx_word' id='word_1_138' title='bbox 382 1903 474 1959; x_wconf 71' lang='lat' dir='ltr'><strong>eo,</strong></span> <span class='ocrx_word' id='word_1_139' title='bbox 519 1883 710 1946; x_wconf 69' lang='lat' dir='ltr'><strong>donec</strong></span> <span class='ocrx_word' id='word_1_140' title='bbox 743 1885 997 1945; x_wconf 76' lang='lat' dir='ltr'><strong>inventa</strong></span> <span class='ocrx_word' id='word_1_141' title='bbox 1053 1889 1150 1944; x_wconf 77' lang='lat' dir='ltr'><strong>eet</strong></span> <span class='ocrx_word' id='word_1_142' title='bbox 1175 1884 1571 1963; x_wconf 65' lang='lat' dir='ltr'><strong>perversitas</strong></span> <span class='ocrx_word' id='word_1_143' title='bbox 1608 1885 1681 1946; x_wconf 73' lang='lat' dir='ltr'><strong>in</strong></span> <span class='ocrx_word' id='word_1_144' title='bbox 1714 1887 1821 1944; x_wconf 54' lang='grc' dir='ltr'><strong>ἐρα</strong></span> <span class='ocrx_word' id='word_1_145' title='bbox 1875 1883 2187 1945; x_wconf 88' lang='lat' dir='ltr'>XXVIII:</span> <span class='ocrx_word' id='word_1_146' title='bbox 2224 1885 2335 1944; x_wconf 82' lang='lat'><strong>13.</strong></span> <span class='ocrx_word' id='word_1_147' title='bbox 2384 1888 2509 1960; x_wconf 78' lang='lat'><strong>153</strong></span> 
     </span>
     <span class='ocr_line' id='line_1_17' title="bbox 381 1982 2509 2062; baseline -0 -17"><span class='ocrx_word' id='word_1_148' title='bbox 381 1986 534 2046; x_wconf 83' lang='lat' dir='ltr'><strong>haec</strong></span> <span class='ocrx_word' id='word_1_149' title='bbox 571 1985 730 2044; x_wconf 86' lang='lat' dir='ltr'><strong>dicta</strong></span> <span class='ocrx_word' id='word_1_150' title='bbox 765 1991 904 2048; x_wconf 79' lang='lat' dir='ltr'><strong>sunt</strong></span> <span class='ocrx_word' id='word_1_151' title='bbox 937 1984 1012 2043; x_wconf 83' lang='lat' dir='ltr'><strong>de</strong></span> <span class='ocrx_word' id='word_1_152' title='bbox 1049 2001 1192 2062; x_wconf 80' lang='lat' dir='ltr'><strong>rege</strong></span> <span class='ocrx_word' id='word_1_153' title='bbox 1230 1983 1409 2062; x_wconf 84' lang='lat' dir='ltr'><strong>Tyri,</strong></span> <span class='ocrx_word' id='word_1_154' title='bbox 1460 2002 1571 2062; x_wconf 89' lang='lat' dir='ltr'><strong>per</strong></span> <span class='ocrx_word' id='word_1_155' title='bbox 1606 2003 1783 2062; x_wconf 88' lang='lat' dir='ltr'><strong>quem</strong></span> <span class='ocrx_word' id='word_1_156' title='bbox 1832 1982 2241 2062; x_wconf 84' lang='lat' dir='ltr'><strong>significantur</strong></span> <span class='ocrx_word' id='word_1_157' title='bbox 2274 1984 2365 2044; x_wconf 91' lang='lat' dir='ltr'><strong>illi</strong></span> <span class='ocrx_word' id='word_1_158' title='bbox 2398 1988 2509 2061; x_wconf 87' lang='lat' dir='ltr'><strong>qui</strong></span> 
     </span>
     <span class='ocr_line' id='line_1_18' title="bbox 381 2084 2501 2164; baseline -0.001 -18"><span class='ocrx_word' id='word_1_159' title='bbox 381 2090 444 2146; x_wconf 89' lang='lat' dir='ltr'><strong>in</strong></span> <span class='ocrx_word' id='word_1_160' title='bbox 471 2087 632 2146; x_wconf 83' lang='lat' dir='ltr'><strong>veris</strong></span> <span class='ocrx_word' id='word_1_161' title='bbox 668 2092 809 2144; x_wconf 84' lang='lat' dir='ltr'><strong>sunt</strong></span> <span class='ocrx_word' id='word_1_162' title='bbox 843 2093 906 2145; x_wconf 90' lang='lat' dir='ltr'><strong>et</strong></span> <span class='ocrx_word' id='word_1_163' title='bbox 938 2102 1052 2164; x_wconf 87' lang='lat' dir='ltr'><strong>per</strong></span> <span class='ocrx_word' id='word_1_164' title='bbox 1075 2085 1182 2144; x_wconf 83' lang='lat' dir='ltr'><strong>illa</strong></span> <span class='ocrx_word' id='word_1_165' title='bbox 1215 2087 1277 2145; x_wconf 87' lang='lat' dir='ltr'><strong>in</strong></span> <span class='ocrx_word' id='word_1_166' title='bbox 1309 2084 1503 2162; x_wconf 85' lang='lat' dir='ltr'><strong>bon03</strong></span> <span class='ocrx_word' id='word_1_167' title='bbox 1558 2086 1633 2146; x_wconf 88' lang='lat' dir='ltr'><strong>de</strong></span> <span class='ocrx_word' id='word_1_168' title='bbox 1656 2086 1776 2146; x_wconf 84' lang='lat' dir='ltr'><strong>illis</strong></span> <span class='ocrx_word' id='word_1_169' title='bbox 1806 2086 2023 2145; x_wconf 86' lang='lat' dir='ltr'><strong>dicitur</strong></span> <span class='ocrx_word' id='word_1_170' title='bbox 2048 2086 2213 2161; x_wconf 87' lang='lat' dir='ltr'><strong>qnod</strong></span> <span class='ocrx_word' id='word_1_171' title='bbox 2236 2087 2297 2144; x_wconf 82' lang='lat' dir='ltr'><strong>in</strong></span> <span class='ocrx_word' id='word_1_172' title='bbox 2322 2085 2501 2145; x_wconf 83' lang='lat' dir='ltr'><strong>horto</strong></span> 
     </span>
     <span class='ocr_line' id='line_1_19' title="bbox 381 2185 2498 2264; baseline 0 -18"><span class='ocrx_word' id='word_1_173' title='bbox 381 2187 501 2246; x_wconf 86' lang='lat' dir='ltr'><strong>Dei</strong></span> <span class='ocrx_word' id='word_1_174' title='bbox 532 2185 768 2258; x_wconf 78' lang='lat' dir='ltr'><strong>fuerint,</strong></span> <span class='ocrx_word' id='word_1_175' title='bbox 809 2191 870 2244; x_wconf 89' lang='lat' dir='ltr'><strong>et</strong></span> <span class='ocrx_word' id='word_1_176' title='bbox 905 2185 1066 2262; x_wconf 87' lang='lat' dir='ltr'><strong>quod</strong></span> <span class='ocrx_word' id='word_1_177' title='bbox 1093 2187 1284 2245; x_wconf 80' lang='lat' dir='ltr'><strong>omnis</strong></span> <span class='ocrx_word' id='word_1_178' title='bbox 1309 2185 1467 2264; x_wconf 79' lang='lat' dir='ltr'><strong>lapis</strong></span> <span class='ocrx_word' id='word_1_179' title='bbox 1493 2188 1793 2263; x_wconf 85' lang='lat' dir='ltr'><strong>pretiosus</strong></span> <span class='ocrx_word' id='word_1_180' title='bbox 1818 2192 2233 2262; x_wconf 85' lang='lat' dir='ltr'><strong>tegumentum</strong></span> <span class='ocrx_word' id='word_1_181' title='bbox 2270 2200 2498 2262; x_wconf 85' lang='lat' dir='ltr'><strong>eorum,</strong></span> 
     </span>
     <span class='ocr_line' id='line_1_20' title="bbox 381 2285 2499 2368; baseline 0 -22"><span class='ocrx_word' id='word_1_182' title='bbox 381 2303 492 2363; x_wconf 88' lang='lat' dir='ltr'><strong>per</strong></span> <span class='ocrx_word' id='word_1_183' title='bbox 525 2285 759 2346; x_wconf 84' lang='lat' dir='ltr'><strong>hortum</strong></span> <span class='ocrx_word' id='word_1_184' title='bbox 795 2285 914 2345; x_wconf 87' lang='lat' dir='ltr'><strong>Dei</strong></span> <span class='ocrx_word' id='word_1_185' title='bbox 947 2286 1319 2368; x_wconf 80' lang='lat' dir='ltr'><strong>significatur</strong></span> <span class='ocrx_word' id='word_1_186' title='bbox 1354 2285 1781 2363; x_wconf 81' lang='lat' dir='ltr'><strong>intelligentia,</strong></span> <span class='ocrx_word' id='word_1_187' title='bbox 1838 2293 1900 2346; x_wconf 91' lang='lat' dir='ltr'><strong>et</strong></span> <span class='ocrx_word' id='word_1_188' title='bbox 1932 2302 2043 2361; x_wconf 88' lang='lat' dir='ltr'><strong>per</strong></span> <span class='ocrx_word' id='word_1_189' title='bbox 2079 2285 2313 2364; x_wconf 83' lang='lat' dir='ltr'><strong>lapides</strong></span> <span class='ocrx_word' id='word_1_190' title='bbox 2350 2303 2499 2363; x_wconf 90' lang='lat' dir='ltr'><strong>pre-</strong></span> 
     </span>
     <span class='ocr_line' id='line_1_21' title="bbox 379 2385 2503 2464; baseline -0 -17"><span class='ocrx_word' id='word_1_191' title='bbox 379 2391 596 2459; x_wconf 69' lang='lat' dir='ltr'><strong>tiosoS,</strong></span> <span class='ocrx_word' id='word_1_192' title='bbox 635 2387 740 2463; x_wconf 85' lang='lat' dir='ltr'><strong>qui</strong></span> <span class='ocrx_word' id='word_1_193' title='bbox 761 2385 844 2444; x_wconf 84' lang='lat' dir='ltr'><strong>ibi</strong></span> <span class='ocrx_word' id='word_1_194' title='bbox 877 2387 1059 2444; x_wconf 88' lang='lat' dir='ltr'><strong>etiam</strong></span> <span class='ocrx_word' id='word_1_195' title='bbox 1093 2388 1505 2461; x_wconf 83' lang='lat' dir='ltr'><strong>nominantur,</strong></span> <span class='ocrx_word' id='word_1_196' title='bbox 1542 2386 1952 2464; x_wconf 85' lang='lat' dir='ltr'><strong>significantur</strong></span> <span class='ocrx_word' id='word_1_197' title='bbox 1976 2389 2343 2462; x_wconf 81' lang='lat' dir='ltr'><strong>cognitiones</strong></span> <span class='ocrx_word' id='word_1_198' title='bbox 2368 2389 2503 2446; x_wconf 85' lang='lat' dir='ltr'><strong>veri</strong></span> 
     </span>
     <span class='ocr_line' id='line_1_22' title="bbox 381 2485 2503 2563; baseline 0.001 -17"><span class='ocrx_word' id='word_1_199' title='bbox 381 2495 444 2546; x_wconf 86' lang='lat' dir='ltr'><strong>et</strong></span> <span class='ocrx_word' id='word_1_200' title='bbox 477 2487 646 2560; x_wconf 83' lang='lat' dir='ltr'><strong>boni,</strong></span> <span class='ocrx_word' id='word_1_201' title='bbox 701 2485 816 2550; x_wconf 79' lang='lat' dir='ltr'><strong>hae</strong></span> <span class='ocrx_word' id='word_1_202' title='bbox 851 2485 1128 2545; x_wconf 84' lang='lat' dir='ltr'><strong>dicuntur</strong></span> <span class='ocrx_word' id='word_1_203' title='bbox 1162 2491 1602 2562; x_wconf 86' lang='lat' dir='ltr'><strong>tegumentum,</strong></span> <span class='ocrx_word' id='word_1_204' title='bbox 1658 2489 1801 2563; x_wconf 87' lang='lat' dir='ltr'><strong>quia</strong></span> <span class='ocrx_word' id='word_1_205' title='bbox 1842 2489 1905 2545; x_wconf 86' lang='lat' dir='ltr'><strong>in</strong></span> <span class='ocrx_word' id='word_1_206' title='bbox 1952 2488 2214 2546; x_wconf 83' lang='lat' dir='ltr'><strong>naturali</strong></span> <span class='ocrx_word' id='word_1_207' title='bbox 2260 2487 2503 2548; x_wconf 73' lang='lat' dir='ltr'><strong>homme</strong></span> 
     </span>
     <span class='ocr_line' id='line_1_23' title="bbox 381 2585 2495 2664; baseline 0.001 -18"><span class='ocrx_word' id='word_1_208' title='bbox 381 2595 549 2658; x_wconf 82' lang='lat' dir='ltr'><strong>sunt,</strong></span> <span class='ocrx_word' id='word_1_209' title='bbox 587 2603 658 2646; x_wconf 88' lang='lat' dir='ltr'><strong>ac</strong></span> <span class='ocrx_word' id='word_1_210' title='bbox 687 2585 974 2645; x_wconf 86' lang='lat' dir='ltr'><strong>naturalis</strong></span> <span class='ocrx_word' id='word_1_211' title='bbox 1001 2585 1179 2645; x_wconf 83' lang='lat' dir='ltr'><strong>homo</strong></span> <span class='ocrx_word' id='word_1_212' title='bbox 1206 2588 1359 2661; x_wconf 82' lang='lat' dir='ltr'><strong>tegit</strong></span> <span class='ocrx_word' id='word_1_213' title='bbox 1384 2586 1790 2662; x_wconf 82' lang='lat' dir='ltr'><strong>spiritualem:</strong></span> <span class='ocrx_word' id='word_1_214' title='bbox 1827 2587 1979 2647; x_wconf 88' lang='lat' dir='ltr'><strong>haec</strong></span> <span class='ocrx_word' id='word_1_215' title='bbox 2006 2587 2285 2647; x_wconf 83' lang='lat' dir='ltr'><strong>dicuntur</strong></span> <span class='ocrx_word' id='word_1_216' title='bbox 2309 2603 2495 2664; x_wconf 84' lang='lat' dir='ltr'><strong>prae-</strong></span> 
     </span>
     <span class='ocr_line' id='line_1_24' title="bbox 377 2685 2494 2765; baseline 0 -19"><span class='ocrx_word' id='word_1_217' title='bbox 377 2693 597 2764; x_wconf 85' lang='lat' dir='ltr'><strong>parata</strong></span> <span class='ocrx_word' id='word_1_218' title='bbox 628 2688 690 2745; x_wconf 91' lang='lat' dir='ltr'><strong>in</strong></span> <span class='ocrx_word' id='word_1_219' title='bbox 723 2685 820 2746; x_wconf 87' lang='lat' dir='ltr'><strong>die</strong></span> <span class='ocrx_word' id='word_1_220' title='bbox 877 2702 992 2762; x_wconf 85' lang='lat' dir='ltr'><strong>quo</strong></span> <span class='ocrx_word' id='word_1_221' title='bbox 1027 2687 1216 2745; x_wconf 79' lang='lat' dir='ltr'><strong>creati</strong></span> <span class='ocrx_word' id='word_1_222' title='bbox 1249 2693 1417 2760; x_wconf 89' lang='lat' dir='ltr'><strong>sunt,</strong></span> <span class='ocrx_word' id='word_1_223' title='bbox 1470 2685 1585 2744; x_wconf 90' lang='lat' dir='ltr'><strong>hoc</strong></span> <span class='ocrx_word' id='word_1_224' title='bbox 1623 2692 1735 2762; x_wconf 83' lang='lat' dir='ltr'><strong>est,</strong></span> <span class='ocrx_word' id='word_1_225' title='bbox 1770 2687 1833 2746; x_wconf 87' lang='lat' dir='ltr'><strong>in</strong></span> <span class='ocrx_word' id='word_1_226' title='bbox 1869 2686 1965 2748; x_wconf 88' lang='lat' dir='ltr'><strong>die</strong></span> <span class='ocrx_word' id='word_1_227' title='bbox 2004 2705 2123 2765; x_wconf 90' lang='lat' dir='ltr'><strong>quo</strong></span> <span class='ocrx_word' id='word_1_228' title='bbox 2158 2689 2494 2748; x_wconf 83' lang='lat' dir='ltr'><strong>reformati:</strong></span> 
     </span>
     <span class='ocr_line' id='line_1_25' title="bbox 376 2769 2495 2864; baseline 0 -18"><span class='ocrx_word' id='word_1_229' title='bbox 376 2769 526 2848; x_wconf 62' lang='lat' dir='ltr'><strong>inde⁸</strong></span> <span class='ocrx_word' id='word_1_230' title='bbox 551 2793 747 2864; x_wconf 82' lang='lat' dir='ltr'><strong>patet,</strong></span> <span class='ocrx_word' id='word_1_231' title='bbox 787 2786 929 2864; x_wconf 84' lang='lat' dir='ltr'><strong>quid</strong></span> <span class='ocrx_word' id='word_1_232' title='bbox 963 2785 1332 2863; x_wconf 78' lang='lat' dir='ltr'><strong>significatur</strong></span> <span class='ocrx_word' id='word_1_233' title='bbox 1359 2803 1471 2863; x_wconf 86' lang='lat' dir='ltr'><strong>per</strong></span> <span class='ocrx_word' id='word_1_234' title='bbox 1495 2787 1799 2862; x_wconf 76' lang='lat' dir='ltr'><strong>perfectus</strong></span> <span class='ocrx_word' id='word_1_235' title='bbox 1834 2793 1901 2846; x_wconf 85' lang='lat' dir='ltr'><strong>tu</strong></span> <span class='ocrx_word' id='word_1_236' title='bbox 1935 2789 1997 2846; x_wconf 85' lang='lat' dir='ltr'><strong>in</strong></span> <span class='ocrx_word' id='word_1_237' title='bbox 2030 2789 2143 2847; x_wconf 80' lang='lat' dir='ltr'><strong>viis</strong></span> <span class='ocrx_word' id='word_1_238' title='bbox 2181 2789 2297 2848; x_wconf 81' lang='lat' dir='ltr'><strong>tnis</strong></span> <span class='ocrx_word' id='word_1_239' title='bbox 2332 2803 2371 2845; x_wconf 88' lang='lat' dir='ltr'><strong>a</strong></span> <span class='ocrx_word' id='word_1_240' title='bbox 2392 2786 2495 2847; x_wconf 84' lang='lat' dir='ltr'><strong>die</strong></span> 
     </span>
     <span class='ocr_line' id='line_1_26' title="bbox 381 2880 2499 2968; baseline 0.001 -22"><span class='ocrx_word' id='word_1_241' title='bbox 381 2903 501 2963; x_wconf 86' lang='lat' dir='ltr'><strong>quo</strong></span> <span class='ocrx_word' id='word_1_242' title='bbox 537 2892 776 2947; x_wconf 88' lang='lat' dir='ltr'><strong>creatus</strong></span> <span class='ocrx_word' id='word_1_243' title='bbox 814 2902 898 2946; x_wconf 82' lang='lat' dir='ltr'><strong>cs.</strong></span> <span class='ocrx_word' id='word_1_244' title='bbox 950 2880 1130 2963; x_wconf 84' lang='lat' dir='ltr'>Apud</span> <span class='ocrx_word' id='word_1_245' title='bbox 1163 2887 1407 2964; x_wconf 82' lang='lat' dir='ltr'><strong>Esajam</strong></span> <span class='ocrx_word' id='word_1_246' title='bbox 1455 2884 1757 2962; x_wconf 76' lang='lat' dir='ltr'><strong>„Oreahit</strong></span> <span class='ocrx_word' id='word_1_247' title='bbox 1782 2884 2069 2950; x_wconf 71' lang='lat' dir='ltr'><strong>Jehovah</strong></span> <span class='ocrx_word' id='word_1_248' title='bbox 2101 2907 2295 2968; x_wconf 75' lang='lat' dir='ltr'><strong>super</strong></span> <span class='ocrx_word' id='word_1_249' title='bbox 2319 2905 2499 2948; x_wconf 70' lang='lat' dir='ltr'><strong>omne</strong></span> 
     </span>
     <span class='ocr_line' id='line_1_27' title="bbox 378 2982 2497 3071; baseline 0.001 -26"><span class='ocrx_word' id='word_1_250' title='bbox 378 2982 813 3048; x_wconf 77' lang='lat' dir='ltr'><strong>habitaculum</strong></span> <span class='ocrx_word' id='word_1_251' title='bbox 857 2986 1094 3048; x_wconf 72' lang='lat' dir='ltr'><strong>Ziom&#39;s</strong></span> <span class='ocrx_word' id='word_1_252' title='bbox 1105 3031 1124 3062; x_wconf 91' lang='lat'>‚</span> <span class='ocrx_word' id='word_1_253' title='bbox 1171 2991 1232 3047; x_wconf 78' lang='lat' dir='ltr'><strong>et</strong></span> <span class='ocrx_word' id='word_1_254' title='bbox 1283 3005 1475 3066; x_wconf 76' lang='lat' dir='ltr'><strong>super</strong></span> <span class='ocrx_word' id='word_1_255' title='bbox 1528 2985 1994 3049; x_wconf 73' lang='lat' dir='ltr'><strong>convocationes</strong></span> <span class='ocrx_word' id='word_1_256' title='bbox 2051 2986 2215 3071; x_wconf 64' lang='lat' dir='ltr'><strong>qius,</strong></span> <span class='ocrx_word' id='word_1_257' title='bbox 2272 2988 2497 3048; x_wconf 74' lang='lat' dir='ltr'><strong>nubem</strong></span> 
     </span>
     <span class='ocr_line' id='line_1_28' title="bbox 376 3082 2499 3168; baseline 0.002 -23"><span class='ocrx_word' id='word_1_258' title='bbox 376 3082 696 3157; x_wconf 77' lang='lat' dir='ltr'><strong>interdiu,</strong></span> <span class='ocrx_word' id='word_1_259' title='bbox 745 3090 808 3146; x_wconf 85' lang='lat' dir='ltr'><strong>et</strong></span> <span class='ocrx_word' id='word_1_260' title='bbox 847 3084 1241 3167; x_wconf 72' lang='lat' dir='ltr'><strong>splendorem</strong></span> <span class='ocrx_word' id='word_1_261' title='bbox 1282 3085 1461 3168; x_wconf 70' lang='lat' dir='ltr'><strong>iynis</strong></span> <span class='ocrx_word' id='word_1_262' title='bbox 1499 3083 1811 3165; x_wconf 75' lang='lat' dir='ltr'><strong>flammae</strong></span> <span class='ocrx_word' id='word_1_263' title='bbox 1850 3093 2065 3164; x_wconf 77' lang='lat' dir='ltr'><strong>noctu,</strong></span> <span class='ocrx_word' id='word_1_264' title='bbox 2115 3105 2271 3148; x_wconf 77' lang='lat' dir='ltr'><strong>mm</strong></span> <span class='ocrx_word' id='word_1_265' title='bbox 2305 3105 2499 3168; x_wconf 73' lang='lat' dir='ltr'><strong>super</strong></span> 
     </span>
     <span class='ocr_line' id='line_1_29' title="bbox 379 3181 2494 3268; baseline 0.001 -23"><span class='ocrx_word' id='word_1_266' title='bbox 379 3185 565 3247; x_wconf 77' lang='lat' dir='ltr'><strong>omni</strong></span> <span class='ocrx_word' id='word_1_267' title='bbox 601 3181 816 3266; x_wconf 64' lang='lat' dir='ltr'><strong>⁸cloria</strong></span> <span class='ocrx_word' id='word_1_268' title='bbox 847 3186 1395 3266; x_wconf 68' lang='lat' dir='ltr'><strong>obteyumevatum“</strong></span> <span class='ocrx_word' id='word_1_269' title='bbox 1432 3185 1541 3247; x_wconf 84' lang='lat' dir='ltr'><strong>IV:</strong></span> <span class='ocrx_word' id='word_1_270' title='bbox 1587 3189 1657 3263; x_wconf 67' lang='grc' dir='ltr'><strong>ὅς</strong></span> <span class='ocrx_word' id='word_1_271' title='bbox 1707 3205 1821 3268; x_wconf 87' lang='lat' dir='ltr'><strong>per</strong></span> <span class='ocrx_word' id='word_1_272' title='bbox 1844 3188 2094 3248; x_wconf 84' lang='lat' dir='ltr'><strong>Zionem</strong></span> <span class='ocrx_word' id='word_1_273' title='bbox 2128 3187 2494 3266; x_wconf 81' lang='lat' dir='ltr'><strong>significatur</strong></span> 
     </span>
     <span class='ocr_line' id='line_1_30' title="bbox 377 3285 2487 3365; baseline 0 -18"><span class='ocrx_word' id='word_1_274' title='bbox 377 3286 655 3347; x_wconf 80' lang='lat' dir='ltr'><strong>Ecclesia</strong></span> <span class='ocrx_word' id='word_1_275' title='bbox 689 3285 888 3360; x_wconf 84' lang='lat' dir='ltr'><strong>quoad</strong></span> <span class='ocrx_word' id='word_1_276' title='bbox 914 3285 1214 3363; x_wconf 83' lang='lat' dir='ltr'><strong>Verbum3</strong></span> <span class='ocrx_word' id='word_1_277' title='bbox 1253 3301 1471 3346; x_wconf 86' lang='lat' dir='ltr'><strong>sensus</strong></span> <span class='ocrx_word' id='word_1_278' title='bbox 1498 3286 1689 3348; x_wconf 86' lang='lat' dir='ltr'><strong>Verbi</strong></span> <span class='ocrx_word' id='word_1_279' title='bbox 1719 3291 1989 3350; x_wconf 87' lang='lat' dir='ltr'><strong>internus</strong></span> <span class='ocrx_word' id='word_1_280' title='bbox 2024 3303 2135 3348; x_wconf 82' lang='lat' dir='ltr'><strong>scu</strong></span> <span class='ocrx_word' id='word_1_281' title='bbox 2156 3287 2487 3365; x_wconf 80' lang='lat' dir='ltr'><strong>spiritualis</strong></span> 
     </span>
     <span class='ocr_line' id='line_1_31' title="bbox 375 3383 2489 3465; baseline 0.001 -20"><span class='ocrx_word' id='word_1_282' title='bbox 375 3385 576 3464; x_wconf 86' lang='lat' dir='ltr'><strong>quoad</strong></span> <span class='ocrx_word' id='word_1_283' title='bbox 619 3383 840 3442; x_wconf 86' lang='lat' dir='ltr'><strong>bonum</strong></span> <span class='ocrx_word' id='word_1_284' title='bbox 885 3383 1239 3462; x_wconf 83' lang='lat' dir='ltr'><strong>intelligitur</strong></span> <span class='ocrx_word' id='word_1_285' title='bbox 1272 3404 1385 3464; x_wconf 83' lang='lat' dir='ltr'><strong>per</strong></span> <span class='ocrx_word' id='word_1_286' title='bbox 1429 3387 1835 3449; x_wconf 82' lang='lat' dir='ltr'><strong>habitaculum</strong></span> <span class='ocrx_word' id='word_1_287' title='bbox 1884 3388 2015 3465; x_wconf 84' lang='lat' dir='ltr'><strong>ejus</strong></span> <span class='ocrx_word' id='word_1_288' title='bbox 2032 3408 2048 3464; x_wconf 85' lang='lat'><em>3</em></span> <span class='ocrx_word' id='word_1_289' title='bbox 2115 3404 2331 3450; x_wconf 85' lang='lat' dir='ltr'><strong>sensns</strong></span> <span class='ocrx_word' id='word_1_290' title='bbox 2378 3405 2489 3448; x_wconf 84' lang='lat' dir='ltr'><strong>ex·-</strong></span> 
     </span>
     <span class='ocr_line' id='line_1_32' title="bbox 375 3483 2485 3566; baseline -0.001 -20"><span class='ocrx_word' id='word_1_291' title='bbox 375 3493 580 3546; x_wconf 84' lang='lat' dir='ltr'><strong>ternus</strong></span> <span class='ocrx_word' id='word_1_292' title='bbox 616 3501 728 3545; x_wconf 88' lang='lat' dir='ltr'><strong>seu</strong></span> <span class='ocrx_word' id='word_1_293' title='bbox 759 3483 1010 3544; x_wconf 83' lang='lat' dir='ltr'><strong>literalis</strong></span> <span class='ocrx_word' id='word_1_294' title='bbox 1039 3485 1237 3563; x_wconf 88' lang='lat' dir='ltr'><strong>quoad</strong></span> <span class='ocrx_word' id='word_1_295' title='bbox 1265 3503 1413 3546; x_wconf 85' lang='lat' dir='ltr'><strong>vera</strong></span> <span class='ocrx_word' id='word_1_296' title='bbox 1444 3487 1809 3565; x_wconf 82' lang='lat' dir='ltr'><strong>intelligitur·</strong></span> <span class='ocrx_word' id='word_1_297' title='bbox 1830 3505 1941 3566; x_wconf 82' lang='lat' dir='ltr'><strong>per</strong></span> <span class='ocrx_word' id='word_1_298' title='bbox 1964 3488 2187 3548; x_wconf 85' lang='lat' dir='ltr'><strong>nubem</strong></span> <span class='ocrx_word' id='word_1_299' title='bbox 2210 3486 2485 3556; x_wconf 82' lang='lat' dir='ltr'><strong>interdiu,</strong></span> 
     </span>
     <span class='ocr_line' id='line_1_33' title="bbox 375 3585 2481 3666; baseline 0 -20"><span class='ocrx_word' id='word_1_300' title='bbox 375 3592 436 3646; x_wconf 88' lang='lat' dir='ltr'><strong>et</strong></span> <span class='ocrx_word' id='word_1_301' title='bbox 471 3585 668 3664; x_wconf 82' lang='lat' dir='ltr'><strong>quoad</strong></span> <span class='ocrx_word' id='word_1_302' title='bbox 715 3585 936 3646; x_wconf 89' lang='lat' dir='ltr'><strong>bonum</strong></span> <span class='ocrx_word' id='word_1_303' title='bbox 995 3603 1108 3664; x_wconf 88' lang='lat' dir='ltr'><strong>per</strong></span> <span class='ocrx_word' id='word_1_304' title='bbox 1153 3585 1533 3662; x_wconf 76' lang='lat' dir='ltr'><strong>splendorem</strong></span> <span class='ocrx_word' id='word_1_305' title='bbox 1594 3591 1747 3666; x_wconf 84' lang='lat' dir='ltr'><strong>ignis</strong></span> <span class='ocrx_word' id='word_1_306' title='bbox 1798 3589 2073 3649; x_wconf 85' lang='lat' dir='ltr'><strong>flammae</strong></span> <span class='ocrx_word' id='word_1_307' title='bbox 2122 3593 2334 3663; x_wconf 86' lang='lat' dir='ltr'><strong>noctu3</strong></span> <span class='ocrx_word' id='word_1_308' title='bbox 2382 3585 2481 3646; x_wconf 83' lang='lat' dir='ltr'><strong>hic</strong></span> 
     </span>
     <span class='ocr_line' id='line_1_34' title="bbox 375 3687 2487 3766; baseline 0 -20"><span class='ocrx_word' id='word_1_309' title='bbox 375 3701 591 3748; x_wconf 80' lang='lat' dir='ltr'><strong>sensus</strong></span> <span class='ocrx_word' id='word_1_310' title='bbox 605 3729 622 3758; x_wconf 90' lang='lat'>‚</span> <span class='ocrx_word' id='word_1_311' title='bbox 677 3689 819 3763; x_wconf 89' lang='lat' dir='ltr'><strong>quia</strong></span> <span class='ocrx_word' id='word_1_312' title='bbox 851 3689 1002 3764; x_wconf 79' lang='lat' dir='ltr'><strong>tegit</strong></span> <span class='ocrx_word' id='word_1_313' title='bbox 1035 3693 1096 3746; x_wconf 89' lang='lat' dir='ltr'><strong>ct</strong></span> <span class='ocrx_word' id='word_1_314' title='bbox 1131 3687 1401 3746; x_wconf 86' lang='lat' dir='ltr'><strong>recondit</strong></span> <span class='ocrx_word' id='word_1_315' title='bbox 1432 3688 1803 3766; x_wconf 86' lang='lat' dir='ltr'><strong>spiritualem</strong></span> <span class='ocrx_word' id='word_1_316' title='bbox 1818 3733 1834 3762; x_wconf 92' lang='lat'><strong>‚</strong></span> <span class='ocrx_word' id='word_1_317' title='bbox 1888 3696 2141 3749; x_wconf 87' lang='lat' dir='ltr'><strong>vocatur</strong></span> <span class='ocrx_word' id='word_1_318' title='bbox 2172 3695 2487 3766; x_wconf 76' lang='lat' dir='ltr'><strong>tegtunen-</strong></span> 
     </span>
     <span class='ocr_line' id='line_1_35' title="bbox 373 3787 2487 3867; baseline 0 -21"><span class='ocrx_word' id='word_1_319' title='bbox 373 3793 500 3848; x_wconf 85' lang='lat' dir='ltr'><strong>tum</strong></span> <span class='ocrx_word' id='word_1_320' title='bbox 545 3803 730 3867; x_wconf 86' lang='lat' dir='ltr'><strong>super</strong></span> <span class='ocrx_word' id='word_1_321' title='bbox 783 3790 945 3848; x_wconf 83' lang='lat' dir='ltr'><strong>omni</strong></span> <span class='ocrx_word' id='word_1_322' title='bbox 987 3787 1180 3865; x_wconf 83' lang='lat' dir='ltr'><strong>gloria</strong></span> <span class='ocrx_word' id='word_1_323' title='bbox 1193 3831 1211 3862; x_wconf 93' lang='lat'><strong>,</strong></span> <span class='ocrx_word' id='word_1_324' title='bbox 1265 3787 1459 3865; x_wconf 84' lang='lat' dir='ltr'><strong>gloria</strong></span> <span class='ocrx_word' id='word_1_325' title='bbox 1506 3795 1602 3850; x_wconf 86' lang='lat' dir='ltr'><strong>est</strong></span> <span class='ocrx_word' id='word_1_326' title='bbox 1645 3805 1862 3850; x_wconf 83' lang='lat' dir='ltr'><strong>sensus</strong></span> <span class='ocrx_word' id='word_1_327' title='bbox 1908 3789 2241 3866; x_wconf 82' lang='lat' dir='ltr'><strong>spiritualis</strong></span> <span class='ocrx_word' id='word_1_328' title='bbox 2252 3807 2270 3864; x_wconf 84' lang='lat'>3</span> <span class='ocrx_word' id='word_1_329' title='bbox 2338 3788 2487 3848; x_wconf 86' lang='lat' dir='ltr'><strong>haec</strong></span> 
     </span>
     <span class='ocr_line' id='line_1_36' title="bbox 375 3873 2489 3966; baseline 0 -18"><span class='ocrx_word' id='word_1_330' title='bbox 375 3873 612 3966; x_wconf 69' lang='lat' dir='ltr'><strong>quoque</strong></span> <span class='ocrx_word' id='word_1_331' title='bbox 672 3887 954 3949; x_wconf 85' lang='lat' dir='ltr'><strong>dicuntur</strong></span> <span class='ocrx_word' id='word_1_332' title='bbox 1005 3893 1236 3960; x_wconf 87' lang='lat' dir='ltr'><strong>creata,</strong></span> <span class='ocrx_word' id='word_1_333' title='bbox 1301 3889 1445 3964; x_wconf 88' lang='lat' dir='ltr'><strong>quia</strong></span> <span class='ocrx_word' id='word_1_334' title='bbox 1490 3894 1633 3949; x_wconf 89' lang='lat' dir='ltr'><strong>sunt</strong></span> <span class='ocrx_word' id='word_1_335' title='bbox 1671 3907 1819 3950; x_wconf 80' lang='lat' dir='ltr'><strong>vera</strong></span> <span class='ocrx_word' id='word_1_336' title='bbox 1854 3887 2025 3950; x_wconf 88' lang='lat' dir='ltr'><strong>Coeli</strong></span> <span class='ocrx_word' id='word_1_337' title='bbox 2058 3895 2121 3949; x_wconf 89' lang='lat' dir='ltr'><strong>et</strong></span> <span class='ocrx_word' id='word_1_338' title='bbox 2160 3887 2489 3950; x_wconf 83' lang='lat' dir='ltr'><strong>Ecclesiae.</strong></span> 
     </span>
     <span class='ocr_line' id='line_1_37' title="bbox 175 3986 2482 4068; baseline 0.002 -23"><span class='ocrx_word' id='word_1_339' title='bbox 175 3993 334 4060; x_wconf 78' lang='lat'>[337]</span> <span class='ocrx_word' id='word_1_340' title='bbox 375 3987 558 4063; x_wconf 72' lang='lat' dir='ltr'><strong>Apud</strong></span> <span class='ocrx_word' id='word_1_341' title='bbox 592 3988 950 4048; x_wconf 79' lang='lat' dir='ltr'><strong>Malachiam</strong></span> <span class='ocrx_word' id='word_1_342' title='bbox 989 3986 1260 4065; x_wconf 74' lang='lat' dir='ltr'><strong>„Nonne</strong></span> <span class='ocrx_word' id='word_1_343' title='bbox 1285 3986 1475 4051; x_wconf 70' lang='lat' dir='ltr'><strong>Deus</strong></span> <span class='ocrx_word' id='word_1_344' title='bbox 1497 4007 1666 4051; x_wconf 74' lang='lat' dir='ltr'><strong>unus</strong></span> <span class='ocrx_word' id='word_1_345' title='bbox 1690 3987 1928 4050; x_wconf 77' lang='lat' dir='ltr'><strong>creavit</strong></span> <span class='ocrx_word' id='word_1_346' title='bbox 1950 4007 2085 4062; x_wconf 75' lang='lat' dir='ltr'><strong>nos,</strong></span> <span class='ocrx_word' id='word_1_347' title='bbox 2120 3999 2321 4068; x_wconf 73' lang='lat' dir='ltr'><strong>quaa-0</strong></span> <span class='ocrx_word' id='word_1_348' title='bbox 2333 4003 2482 4068; x_wconf 77' lang='lat' dir='ltr'><strong>per-</strong></span> 
     </span>
     <span class='ocr_line' id='line_1_38' title="bbox 362 4080 2485 4168; baseline 0.002 -26"><span class='ocrx_word' id='word_1_349' title='bbox 362 4080 502 4165; x_wconf 76' lang='lat' dir='ltr'><strong>fido</strong></span> <span class='ocrx_word' id='word_1_350' title='bbox 533 4085 842 4162; x_wconf 52' lang='lat' dir='ltr'><strong>(mima-9⁶³*</strong></span> <span class='ocrx_word' id='word_1_351' title='bbox 877 4088 970 4148; x_wconf 82' lang='lat'><strong>11:</strong></span> <span class='ocrx_word' id='word_1_352' title='bbox 1017 4092 1045 4147; x_wconf 91' lang='lat'>1</span> <span class='ocrx_word' id='word_1_353' title='bbox 1063 4092 1134 4164; x_wconf 87' lang='lat'><strong>03</strong></span> <span class='ocrx_word' id='word_1_354' title='bbox 1191 4091 1334 4165; x_wconf 88' lang='lat' dir='ltr'><strong>quia</strong></span> <span class='ocrx_word' id='word_1_355' title='bbox 1367 4107 1479 4166; x_wconf 88' lang='lat' dir='ltr'><strong>per</strong></span> <span class='ocrx_word' id='word_1_356' title='bbox 1506 4091 1737 4150; x_wconf 84' lang='lat' dir='ltr'><strong>creavit</strong></span> <span class='ocrx_word' id='word_1_357' title='bbox 1766 4105 1876 4150; x_wconf 80' lang='lat' dir='ltr'><strong>nos</strong></span> <span class='ocrx_word' id='word_1_358' title='bbox 1902 4087 2272 4168; x_wconf 73' lang='lat' dir='ltr'><strong>sigmficatur</strong></span> <span class='ocrx_word' id='word_1_359' title='bbox 2296 4083 2485 4147; x_wconf 79' lang='lat' dir='ltr'><strong>refor-</strong></span> 
     </span>
     <span class='ocr_line' id='line_1_39' title="bbox 374 4182 2480 4266; baseline 0.005 -27"><span class='ocrx_word' id='word_1_360' title='bbox 374 4182 560 4239; x_wconf 76' lang='lat' dir='ltr'><strong>mavit</strong></span> <span class='ocrx_word' id='word_1_361' title='bbox 607 4187 674 4238; x_wconf 89' lang='lat' dir='ltr'><strong>ut</strong></span> <span class='ocrx_word' id='word_1_362' title='bbox 709 4193 912 4242; x_wconf 88' lang='lat' dir='ltr'><strong>essent</strong></span> <span class='ocrx_word' id='word_1_363' title='bbox 945 4187 1252 4255; x_wconf 84' lang='lat' dir='ltr'><strong>Ecclesia,</strong></span> <span class='ocrx_word' id='word_1_364' title='bbox 1301 4187 1439 4248; x_wconf 88' lang='lat' dir='ltr'><strong>ideo</strong></span> <span class='ocrx_word' id='word_1_365' title='bbox 1476 4189 1693 4250; x_wconf 81' lang='lat' dir='ltr'><strong>dicitur</strong></span> <span class='ocrx_word' id='word_1_366' title='bbox 1742 4205 1927 4266; x_wconf 85' lang='lat' dir='ltr'><strong>quare</strong></span> <span class='ocrx_word' id='word_1_367' title='bbox 1962 4187 2191 4266; x_wconf 83' lang='lat' dir='ltr'><strong>perfide</strong></span> <span class='ocrx_word' id='word_1_368' title='bbox 2230 4190 2480 4265; x_wconf 69' lang='lat' dir='ltr'><strong>agimus.</strong></span> 
     </span>
    </p>
   </div>
  </div>
 </body>
</html>
