2700 4792
427 387 501 438 88
765 373 1258 431 APOCALYPSIS
1299 375 1738 433 EXPLICATA.
1820 374 1867 442 §.
1914 386 2015 436 73.
2072 385 2180 439 ⁷4.

427 535 614 596 Coelo
655 533 1022 610 significatur
1057 533 1216 610 quod
1249 533 1357 592 illa
1392 541 1663 611 pereant.
1730 533 1914 611 Apud
1952 532 2291 594 Davidem
2332 532 2551 608 „Jeho-
2653 521 2654 525 ¹

425 634 552 696 vah
593 639 883 695 numerat
915 651 1244 696 numm
1278 631 1652 708 Stellam-um,
1692 633 1979 694 omnibus
2016 631 2313 694 nomina
2346 637 2553 694 vocat“

424 735 664 796 Psalm:
705 731 1017 794 CXLVII:
1065 737 1142 793 4:
1197 735 1361 810 apud
1386 734 1656 794 Eundem
1694 731 2057 808 „Laudate
2100 732 2435 794 Jehovam
2458 730 2557 794 Sol

424 840 486 900 et
549 832 774 908 Luna,
851 831 1113 895 laudate
1170 831 1401 914 Ipsum
1458 851 1669 894 omnes
1730 829 1969 894 Stellae
2032 829 2276 894 lucis“
2332 834 2557 893 Psalm:

427 935 773 998 CXLVIII:
821 936 881 995 3.
961 935 1032 994 In
1083 934 1264 994 Libro
1291 933 1334 994 J
1337 935 1577 994 udioum
1616 979 1651 1008 „
1674 931 1985 995 Venerunt
2022 951 2262 1012 reyes,
2306 951 2557 1013 μιμνη-

422 1041 575 1098 runt
601 1054 633 1093 e
660 1031 840 1111 coelo,
859 1031 1489 1115 puynamntStellae
1511 1031 1591 1092 de
1614 1031 1743 1093 viis
1769 1033 1959 1094 suist
1990 1031 2079 1090 V:
2108 1037 2149 1091 2
2166 1036 2237 1092 Ο.
2272 1033 2555 1109 Quoniam

429 1135 647 1214 Angeli
681 1137 740 1196 in
777 1135 945 1196 coelo
982 1135 1281 1212 spirituali
1307 1135 1513 1194 lucent
1536 1141 1605 1192 ut
1632 1133 1893 1204 Stellae,
1934 1139 1997 1193 et
2022 1136 2343 1209 quoniam
2372 1133 2555 1190 omnia

267 1255 387 1317 [63]
429 1255 574 1296 vera
603 1245 662 1295 et
696 1236 882 1310 bona,
925 1253 1080 1312 quae
1111 1235 1272 1310 apud
1297 1235 1465 1302 illos,
1506 1241 1643 1293 sunt
1681 1251 1717 1292 a
1742 1234 2026 1307 Domino,
2072 1233 2231 1292 ideo
2262 1234 2553 1292 Dominus

427 1339 581 1396 sicut
629 1343 880 1395 vocatur
913 1334 1184 1410 Angelus
1199 1379 1214 1408 ,
1273 1337 1450 1394 etiam
1488 1339 1736 1392 vocatur
1778 1332 1998 1409 Stella:
2074 1341 2153 1392 ut
2204 1331 2382 1411 apud
2430 1331 2549 1390 Mo-

425 1453 534 1498 sen
575 1435 884 1512 „orietur
923 1431 1127 1496 Stella
1161 1453 1242 1494 θα]
1278 1433 1539 1509 Jacobo,
1588 1437 1648 1492 et
1682 1439 1996 1513 sceptrum
2032 1439 2285 1512 sur-yet
2322 1450 2409 1492 ea·
2454 1429 2551 1490 Is-

422 1533 641 1598 raeless
699 1536 894 1596 Num:
946 1533 1194 1594 XXIV:
1253 1539 1280 1593 1
1303 1542 1373 1595 7:
1424 1542 1485 1594 et
1520 1537 1581 1594 in
1611 1534 1981 1612 Apocalypsi
2038 1580 2077 1608 „
2090 1531 2309 1594 Jesus
2358 1526 2552 1592 Stella

422 1635 767 1718 splendida
802 1640 860 1695 et
895 1633 1261 1696 matutina“
1312 1635 1529 1694 XXII:
1576 1639 1603 1694 1
1624 1639 1681 1694 6.
1712 1703 1722 1711 ⁰
1752 1633 1902 1693 Inde
1941 1641 2155 1710 patet,
2214 1633 2385 1692 undo
2434 1637 2547 1690 erat

425 1735 640 1816 „quod
687 1736 1002 1815 sapientes
1055 1753 1134 1795 σω
1188 1735 1423 1796 oriente
1486 1733 1764 1795 viderint
1818 1730 2125 1808 Stellam,
2190 1739 2257 1793 et
2308 1725 2547 1810 sequuti

422 1833 612 1900 illam
625 1881 641 1911 ‚
697 1840 756 1896 et
789 1835 956 1916 quod
991 1832 1115 1896 illa
1151 1836 1395 1897 steterit
1428 1835 1539 1896 ubi
1582 1834 1778 1895 Jesus
1824 1839 1961 1896 erat
2002 1837 2217 1894 natus
2228 1836 2271 1866 ‘⁶‘
2327 1830 2539 1890 Matth:

421 1937 517 1998 II:
565 1938 622 1996 1.
666 1939 724 1995 2.
771 1939 828 1994 9.
901 1937 991 1995 Ex
1025 1936 1120 1995 his
1154 1953 1310 1996 nune
1360 1938 1501 1996 seiri
1542 1941 1779 2012 potest,
1834 1935 1977 2011 quid
2012 1931 2411 2010 significatur
2441 1943 2541 2006 per

423 2041 660 2114 septem
695 2036 904 2096 stellas
943 2054 1096 2114 quae
1131 2040 1194 2096 in
1221 2036 1435 2096 dextra
1468 2052 1649 2095 manu
1682 2035 1820 2094 Filii
1852 2033 2109 2094 hominis
2129 2079 2151 2103 ‚
2192 2037 2305 2110 qui
2340 2033 2420 2090 ibi
2455 2031 2537 2086 est

422 2137 718 2196 Dominus
769 2136 969 2213 quoad
1006 2136 1294 2198 Divinum
1326 2137 1701 2208 Humanum,
1740 2134 2019 2194 videatur
2052 2151 2258 2211 supra
2304 2152 2381 2205 n:
2434 2129 2533 2188 63.

585 2243 618 2296 7
635 2239 696 2296 3.
767 2235 844 2296 Et
897 2255 972 2300 ex
1021 2253 1124 2296 ore
1168 2237 1369 2313 Ipsius
1415 2235 1741 2313 romphaea
1794 2249 2021 2310 anceps
2074 2242 2271 2294 acuta
2320 2234 2526 2296 exiens

425 2337 585 2414 quod
620 2337 912 2414 significet
963 2353 1034 2397 ex
1082 2336 1285 2397 Verbo
1321 2337 1756 2414 dispersionem
1801 2335 2127 2420 falsorum,
2190 2336 2431 2394 constat
2466 2341 2530 2383 ex

422 2427 852 2516 significatione
889 2440 1052 2498 exire
1079 2455 1158 2496 ex
1185 2455 1318 2512 ore,
1358 2455 1493 2496 oum
1522 2436 1595 2496 de
1621 2437 1899 2505 Domino,
1936 2434 2099 2511 quod
2136 2436 2223 2493 sit
2255 2431 2525 2493 Divinum

422 2539 688 2610 Verum,
737 2540 822 2598 ita
856 2538 1140 2622 Verbum?
1187 2555 1325 2596 nam
1362 2555 1437 2597 ex
1472 2554 1575 2596 ore
1611 2537 1854 2596 Domini
1888 2535 1951 2595 id
1983 2535 2301 2612 procedit:
2372 2535 2429 2588 et
2460 2541 2527 2584 ex

421 2641 852 2720 significatione
886 2639 1249 2716 romphaeae
1287 2655 1397 2697 seu
1433 2637 1632 2715 gladii,
1670 2637 1834 2720 quod
1868 2637 1945 2695 sit
1978 2653 2196 2694 verum
2231 2639 2519 2710 pugnans,

423 2749 486 2802 et
537 2745 680 2819 quia
727 2758 840 2816 per
882 2757 1116 2814 verum,
1183 2755 1318 2798 oum
1362 2745 1619 2814 pugnat,
1680 2737 2107 2814 disperguntur
2142 2735 2339 2806 falsa,
2402 2727 2524 2787 ideo

425 2843 602 2900 etiam
639 2858 750 2916 per
791 2841 1177 2918 romphaeam
1214 2841 1393 2898 etiam
1442 2838 1810 2915 significatur
1856 2837 2150 2912 dispersio
2212 2832 2521 2892 falsorum:

423 2940 586 3018 quod
639 2941 966 3018 romphaea
1007 2955 1233 3016 anceps
1282 2946 1463 2998 acuta
1507 2939 1769 3012 dicatur,
1826 2944 1920 2996 est
1971 2939 2113 3014 quia
2145 2948 2405 3010 prorsus
2440 2925 2522 2984 di·

422 3042 686 3116 spergit:
723 3042 883 3119 quod
905 3041 1238 3118 romphaea
1271 3056 1383 3099 seu
1410 3038 1643 3116 gladius
1680 3037 1975 3114 significet
2009 3053 2223 3097 verum
2257 3037 2519 3110 pugnans

423 3147 632 3200 contra
684 3141 864 3217 falsa,
931 3149 993 3201 et
1041 3140 1355 3198 destruens
1414 3157 1516 3214 ea,
1587 3138 1863 3198 videatur
1908 3155 1977 3196 n:
2040 3138 2258 3195 2799.
2324 3134 2408 3194 63
2424 3126 2517 3188 53.

430 3242 641 3302 8294.
715 3241 876 3320 Quia
909 3243 970 3300 in
1007 3239 1397 3324 sequentibus
1428 3240 1744 3316 aliquoties
1780 3244 2143 3298 memoratur
2176 3233 2513 3310 romphaea,

419 3347 491 3399 ut
543 3340 702 3420 Cap:
759 3343 850 3403 11:
911 3345 1021 3399 12.
1059 3341 1168 3398 16.
1237 3337 1395 3416 Cap:
1433 3340 1549 3398 VI:
1591 3342 1655 3398 4.
1695 3341 1755 3398 8.
1822 3338 1984 3414 Cap:
2020 3336 2209 3396 XIII:
2259 3339 2368 3395 10.
2414 3327 2512 3386 14·

420 3441 580 3520 Cap:
619 3443 810 3504 XIX:
857 3441 964 3500 15.
1011 3442 1135 3510 21,
1189 3439 1621 3515 supersedetur
1666 3440 1762 3498 hio
1809 3439 2011 3514 aliqua
2054 3437 2189 3496 loca
2242 3455 2277 3496 e
2324 3425 2510 3492 Verbo

420 3542 664 3619 afferre,
737 3541 1102 3600 illustrantia
1160 3545 1220 3598 et
1285 3539 1693 3610 ostendentia,
1764 3539 1923 3616 quod
1970 3537 2265 3614 significet
2318 3538 2513 3592 verum

417 3659 694 3721 pugnans
733 3648 794 3701 et
832 3640 1265 3717 dispersionem
1307 3639 1593 3698 falsorum
1609 3660 1625 3715 3
1662 3638 2061 3699 illustrabitur
2089 3644 2149 3697 et
2176 3629 2509 3698 ostendetur

412 3747 480 3808 in
515 3743 633 3802 illis
673 3742 844 3801 lociS.

579 3845 689 3902 74.
758 3841 835 3899 Et
875 3841 1086 3900 Facies
1125 3841 1327 3918 Ipsius
1376 3840 1531 3899 sicut
1572 3839 1677 3900 Sol
1727 3840 1917 3916 fulget
1968 3843 2026 3897 in
2075 3857 2189 3898 sua
2233 3827 2504 3916 potentia,

420 3939 584 4018 quod
612 3941 905 4020 significet
932 3941 1219 4002 Divinum
1257 3941 1542 4005 Amorem
1576 3941 1777 4017 Ipsius
1816 3957 1891 3999 ex
1934 3939 2069 4015 Quo
2116 3941 2311 3999 omnia
2348 3923 2503 3992 coeli,

419 4047 653 4100 constat
701 4060 776 4102 ex
826 4042 1257 4120 significatione
1307 4041 1509 4115 faciei,
1574 4057 1710 4100 cum
1762 4041 1837 4100 de
1888 4039 2172 4115 Domino,
2238 4031 2389 4115 quod
2435 4023 2502 4081 Sit

417 4140 674 4202 Divinus
709 4145 924 4217 Amor,
963 4161 1038 4205 ex
1067 4159 1182 4219 quo
1225 4157 1398 4200 omne
1439 4140 1695 4211 bonum,
1734 4143 1821 4199 ita
1846 4158 2083 4217 quoque
2126 4141 2323 4200 omnia
2346 4123 2499 4191 coeli,

418 4257 493 4300 n:
553 4245 758 4307 5585.
806 4246 1019 4306 9306.
1054 4243 1271 4320 9546..
1311 4243 1541 4300 9888:
1598 4247 1657 4302 et
1695 4241 1855 4318 quod
1890 4241 2185 4302 Dominus
2224 4243 2283 4300 in
2316 4223 2498 4294 Verbo
