<?xml version="1.0" encoding="UTF-8"?>
<!DOCTYPE html PUBLIC "-//W3C//DTD XHTML 1.0 Transitional//EN"
    "http://www.w3.org/TR/xhtml1/DTD/xhtml1-transitional.dtd">
<html xmlns="http://www.w3.org/1999/xhtml" xml:lang="en" lang="en">
 <head>
  <title>
</title>
<meta http-equiv="Content-Type" content="text/html;charset=utf-8" />
  <meta name='ocr-system' content='tesseract 3.04.00' />
  <meta name='ocr-capabilities' content='ocr_page ocr_carea ocr_par ocr_line ocrx_word'/>
</head>
<body>
  <div class='ocr_page' id='page_1' title='image "./apocalypsisexpl01unkngoog_0313.png"; bbox 0 0 2700 4792; ppageno 0'>
   <div class='ocr_carea' id='block_1_1' title="bbox 347 307 2309 414">
    <p class='ocr_par' dir='ltr' id='par_1_1' title="bbox 347 307 2309 414">
     <span class='ocr_line' id='line_1_1' title="bbox 347 307 2309 414; baseline 0.007 -28"><span class='ocrx_word' id='word_1_1' title='bbox 347 327 582 386; x_wconf 59' lang='lat' dir='ltr'><strong>carm*</strong></span> <span class='ocrx_word' id='word_1_2' title='bbox 621 307 962 388; x_wconf 69' lang='lat' dir='ltr'><strong>mmmm.</strong></span> <span class='ocrx_word' id='word_1_3' title='bbox 1349 407 1357 414; x_wconf 24' lang='lat'>¹</span> <span class='ocrx_word' id='word_1_4' title='bbox 1709 329 1924 384; x_wconf 71' lang='lat' dir='ltr'><strong>vssns=</strong></span> <span class='ocrx_word' id='word_1_5' title='bbox 1987 341 2041 392; x_wconf 72' lang='grc' dir='ltr'><strong>τ.</strong></span> <span class='ocrx_word' id='word_1_6' title='bbox 2201 345 2309 398; x_wconf 82' lang='lat'><strong>309</strong></span> 
     </span>
    </p>
   </div>
   <div class='ocr_carea' id='block_1_2' title="bbox 183 485 2493 4278">
    <p class='ocr_par' dir='ltr' id='par_1_2' title="bbox 183 485 2493 4278">
     <span class='ocr_line' id='line_1_2' title="bbox 211 485 2308 570; baseline -0.004 -21"><span class='ocrx_word' id='word_1_7' title='bbox 211 486 623 570; x_wconf 70' lang='lat' dir='ltr'><strong>sanctificetur</strong></span> <span class='ocrx_word' id='word_1_8' title='bbox 655 486 913 550; x_wconf 75' lang='lat' dir='ltr'><strong>adhuo“</strong></span> <span class='ocrx_word' id='word_1_9' title='bbox 965 485 1194 548; x_wconf 85' lang='lat' dir='ltr'>XXII:</span> <span class='ocrx_word' id='word_1_10' title='bbox 1242 489 1368 546; x_wconf 90' lang='lat' dir='ltr'><strong>ll:</strong></span> <span class='ocrx_word' id='word_1_11' title='bbox 1422 494 1484 546; x_wconf 84' lang='lat' dir='ltr'><strong>et</strong></span> <span class='ocrx_word' id='word_1_12' title='bbox 1519 488 1683 564; x_wconf 87' lang='lat' dir='ltr'><strong>apud</strong></span> <span class='ocrx_word' id='word_1_13' title='bbox 1716 489 1941 551; x_wconf 84' lang='lat' dir='ltr'><strong>Lucam</strong></span> <span class='ocrx_word' id='word_1_14' title='bbox 1980 490 2140 567; x_wconf 77' lang='lat' dir='ltr'><strong>„Ad</strong></span> <span class='ocrx_word' id='word_1_15' title='bbox 2174 511 2308 557; x_wconf 58' lang='lat' dir='ltr'><strong>ger.</strong></span> 
     </span>
     <span class='ocr_line' id='line_1_3' title="bbox 209 580 2307 679; baseline 0.003 -30"><span class='ocrx_word' id='word_1_16' title='bbox 209 587 650 668; x_wconf 71' lang='lat' dir='ltr'><strong>viendumlpez·</strong></span> <span class='ocrx_word' id='word_1_17' title='bbox 677 587 753 648; x_wconf 76' lang='lat' dir='ltr'><strong>in</strong></span> <span class='ocrx_word' id='word_1_18' title='bbox 772 587 1128 649; x_wconf 75' lang='lat' dir='ltr'><strong><em>Sanctitate</em></strong></span> <span class='ocrx_word' id='word_1_19' title='bbox 1152 585 1556 648; x_wconf 62' lang='lat' dir='ltr'><strong>etJastitiff</strong></span> <span class='ocrx_word' id='word_1_20' title='bbox 1585 587 1633 649; x_wconf 91' lang='lat' dir='ltr'><strong>I:</strong></span> <span class='ocrx_word' id='word_1_21' title='bbox 1669 593 1775 650; x_wconf 81' lang='grc'><strong>74.</strong></span> <span class='ocrx_word' id='word_1_22' title='bbox 1802 580 1865 679; x_wconf 75' lang='lat'><strong>{7</strong></span> <span class='ocrx_word' id='word_1_23' title='bbox 1886 581 1971 679; x_wconf 87' lang='lat'><strong>5.]</strong></span> <span class='ocrx_word' id='word_1_24' title='bbox 2010 592 2167 668; x_wconf 84' lang='lat' dir='ltr'><strong>Quia</strong></span> <span class='ocrx_word' id='word_1_25' title='bbox 2191 594 2307 656; x_wconf 91' lang='lat' dir='ltr'><strong>Di-</strong></span> 
     </span>
     <span class='ocr_line' id='line_1_4' title="bbox 207 687 2303 776; baseline 0.004 -30"><span class='ocrx_word' id='word_1_26' title='bbox 207 693 394 748; x_wconf 83' lang='lat' dir='ltr'><strong>vinum</strong></span> <span class='ocrx_word' id='word_1_27' title='bbox 428 689 660 748; x_wconf 88' lang='lat' dir='ltr'><strong>Verum</strong></span> <span class='ocrx_word' id='word_1_28' title='bbox 703 689 1039 765; x_wconf 78' lang='lat' dir='ltr'><strong>procedens</strong></span> <span class='ocrx_word' id='word_1_29' title='bbox 1089 705 1124 747; x_wconf 88' lang='lat' dir='ltr'><strong>a</strong></span> <span class='ocrx_word' id='word_1_30' title='bbox 1157 687 1415 748; x_wconf 88' lang='lat' dir='ltr'><strong>Domino</strong></span> <span class='ocrx_word' id='word_1_31' title='bbox 1462 689 1812 766; x_wconf 82' lang='lat' dir='ltr'><strong>intelligitur</strong></span> <span class='ocrx_word' id='word_1_32' title='bbox 1846 709 1957 768; x_wconf 87' lang='lat' dir='ltr'><strong>per</strong></span> <span class='ocrx_word' id='word_1_33' title='bbox 1993 691 2303 776; x_wconf 83' lang='lat' dir='ltr'><strong>Sanctum,</strong></span> 
     </span>
     <span class='ocr_line' id='line_1_5' title="bbox 204 787 2305 864; baseline 0.004 -16"><span class='ocrx_word' id='word_1_34' title='bbox 204 789 330 848; x_wconf 88' lang='lat' dir='ltr'><strong>ideo</strong></span> <span class='ocrx_word' id='word_1_35' title='bbox 352 790 644 848; x_wconf 86' lang='lat' dir='ltr'>Dominus</span> <span class='ocrx_word' id='word_1_36' title='bbox 671 792 732 848; x_wconf 91' lang='lat' dir='ltr'><strong>in</strong></span> <span class='ocrx_word' id='word_1_37' title='bbox 749 788 953 849; x_wconf 88' lang='lat' dir='ltr'><strong>Verbo</strong></span> <span class='ocrx_word' id='word_1_38' title='bbox 983 795 1234 849; x_wconf 86' lang='lat' dir='ltr'><strong>vocatur</strong></span> <span class='ocrx_word' id='word_1_39' title='bbox 1267 787 1549 860; x_wconf 90' lang='lat' dir='ltr'><strong>Sanctus,</strong></span> <span class='ocrx_word' id='word_1_40' title='bbox 1586 789 1845 850; x_wconf 87' lang='lat' dir='ltr'><strong>Sanctus</strong></span> <span class='ocrx_word' id='word_1_41' title='bbox 1873 792 2009 864; x_wconf 85' lang='lat' dir='ltr'><strong>Dei,</strong></span> <span class='ocrx_word' id='word_1_42' title='bbox 2046 793 2305 856; x_wconf 86' lang='lat' dir='ltr'><strong>Sanctus</strong></span> 
     </span>
     <span class='ocr_line' id='line_1_6' title="bbox 205 888 2308 971; baseline 0.003 -24"><span class='ocrx_word' id='word_1_43' title='bbox 205 888 472 965; x_wconf 73' lang='lat' dir='ltr'><strong>IsraffliS,</strong></span> <span class='ocrx_word' id='word_1_44' title='bbox 531 888 790 950; x_wconf 85' lang='lat' dir='ltr'><strong>Sanctus</strong></span> <span class='ocrx_word' id='word_1_45' title='bbox 839 888 1087 960; x_wconf 80' lang='lat' dir='ltr'><strong>Jacobi;</strong></span> <span class='ocrx_word' id='word_1_46' title='bbox 1151 896 1213 948; x_wconf 91' lang='lat' dir='ltr'><strong>et</strong></span> <span class='ocrx_word' id='word_1_47' title='bbox 1269 906 1509 966; x_wconf 89' lang='lat' dir='ltr'><strong>quoque</strong></span> <span class='ocrx_word' id='word_1_48' title='bbox 1558 891 1697 952; x_wconf 84' lang='lat' dir='ltr'><strong>inde</strong></span> <span class='ocrx_word' id='word_1_49' title='bbox 1748 898 1841 950; x_wconf 87' lang='lat' dir='ltr'><strong>est</strong></span> <span class='ocrx_word' id='word_1_50' title='bbox 1892 893 2055 968; x_wconf 89' lang='lat' dir='ltr'><strong>quod</strong></span> <span class='ocrx_word' id='word_1_51' title='bbox 2088 895 2308 971; x_wconf 87' lang='lat' dir='ltr'><strong>Angeli</strong></span> 
     </span>
     <span class='ocr_line' id='line_1_7' title="bbox 204 989 2307 1068; baseline 0.003 -21"><span class='ocrx_word' id='word_1_52' title='bbox 204 989 466 1049; x_wconf 82' lang='lat' dir='ltr'><strong>dicantur</strong></span> <span class='ocrx_word' id='word_1_53' title='bbox 501 989 726 1064; x_wconf 80' lang='lat' dir='ltr'><strong>Sancti,</strong></span> <span class='ocrx_word' id='word_1_54' title='bbox 765 997 828 1050; x_wconf 85' lang='lat' dir='ltr'><strong>et</strong></span> <span class='ocrx_word' id='word_1_55' title='bbox 863 1007 1100 1067; x_wconf 89' lang='lat' dir='ltr'><strong>quoque</strong></span> <span class='ocrx_word' id='word_1_56' title='bbox 1135 989 1480 1066; x_wconf 76' lang='lat' dir='ltr'><strong>Prophetae</strong></span> <span class='ocrx_word' id='word_1_57' title='bbox 1516 997 1578 1050; x_wconf 85' lang='lat' dir='ltr'><strong>et</strong></span> <span class='ocrx_word' id='word_1_58' title='bbox 1602 991 1903 1068; x_wconf 79' lang='lat' dir='ltr'><strong>Apostoli;</strong></span> <span class='ocrx_word' id='word_1_59' title='bbox 1944 999 2005 1052; x_wconf 87' lang='lat' dir='ltr'><strong>et</strong></span> <span class='ocrx_word' id='word_1_60' title='bbox 2036 993 2174 1054; x_wconf 89' lang='lat' dir='ltr'><strong>inde</strong></span> <span class='ocrx_word' id='word_1_61' title='bbox 2212 1003 2307 1054; x_wconf 88' lang='lat' dir='ltr'><strong>est</strong></span> 
     </span>
     <span class='ocr_line' id='line_1_8' title="bbox 203 1089 2307 1167; baseline 0.003 -19"><span class='ocrx_word' id='word_1_62' title='bbox 203 1090 353 1166; x_wconf 88' lang='lat' dir='ltr'><strong>quod</strong></span> <span class='ocrx_word' id='word_1_63' title='bbox 406 1090 830 1167; x_wconf 80' lang='lat' dir='ltr'><strong>Hierosolyma</strong></span> <span class='ocrx_word' id='word_1_64' title='bbox 890 1089 1124 1150; x_wconf 90' lang='lat' dir='ltr'><strong>dicatur</strong></span> <span class='ocrx_word' id='word_1_65' title='bbox 1183 1096 1437 1150; x_wconf 88' lang='lat' dir='ltr'><strong>sancta:</strong></span> <span class='ocrx_word' id='word_1_66' title='bbox 1504 1091 1664 1166; x_wconf 87' lang='lat' dir='ltr'><strong>quod</strong></span> <span class='ocrx_word' id='word_1_67' title='bbox 1722 1091 2014 1152; x_wconf 83' lang='lat' dir='ltr'>Dominus</span> <span class='ocrx_word' id='word_1_68' title='bbox 2076 1093 2307 1154; x_wconf 78' lang='lat' dir='ltr'><strong>dicamr</strong></span> 
     </span>
     <span class='ocr_line' id='line_1_9' title="bbox 203 1187 2303 1266; baseline 0.001 -16"><span class='ocrx_word' id='word_1_69' title='bbox 203 1189 482 1266; x_wconf 86' lang='lat' dir='ltr'><strong>Sanctus,</strong></span> <span class='ocrx_word' id='word_1_70' title='bbox 539 1189 796 1250; x_wconf 86' lang='lat' dir='ltr'><strong>Sanctus</strong></span> <span class='ocrx_word' id='word_1_71' title='bbox 831 1187 974 1266; x_wconf 87' lang='lat' dir='ltr'><strong>Dei,</strong></span> <span class='ocrx_word' id='word_1_72' title='bbox 1031 1189 1288 1252; x_wconf 85' lang='lat' dir='ltr'><strong>Sanctus</strong></span> <span class='ocrx_word' id='word_1_73' title='bbox 1333 1190 1609 1266; x_wconf 64' lang='lat' dir='ltr'><strong>Israelis,</strong></span> <span class='ocrx_word' id='word_1_74' title='bbox 1668 1197 1727 1250; x_wconf 88' lang='lat' dir='ltr'><strong>et</strong></span> <span class='ocrx_word' id='word_1_75' title='bbox 1776 1191 2031 1252; x_wconf 88' lang='lat' dir='ltr'><strong>Sanctus</strong></span> <span class='ocrx_word' id='word_1_76' title='bbox 2066 1191 2303 1266; x_wconf 84' lang='lat' dir='ltr'><strong>Jacobi,</strong></span> 
     </span>
     <span class='ocr_line' id='line_1_10' title="bbox 199 1290 2299 1369; baseline 0.002 -21"><span class='ocrx_word' id='word_1_77' title='bbox 199 1291 464 1350; x_wconf 83' lang='lat' dir='ltr'><strong>videatur</strong></span> <span class='ocrx_word' id='word_1_78' title='bbox 497 1292 676 1368; x_wconf 11' lang='lat' dir='ltr'><strong>Esaj::</strong></span> <span class='ocrx_word' id='word_1_79' title='bbox 712 1291 954 1352; x_wconf 88' lang='lat' dir='ltr'>XXIX:</span> <span class='ocrx_word' id='word_1_80' title='bbox 999 1293 1109 1351; x_wconf 83' lang='lat'><strong>23.</strong></span> <span class='ocrx_word' id='word_1_81' title='bbox 1167 1290 1332 1366; x_wconf 88' lang='lat' dir='ltr'><strong>Cap:</strong></span> <span class='ocrx_word' id='word_1_82' title='bbox 1372 1291 1621 1351; x_wconf 86' lang='lat' dir='ltr'>XXXI:</span> <span class='ocrx_word' id='word_1_83' title='bbox 1674 1294 1728 1350; x_wconf 88' lang='lat' dir='ltr'><strong>l.</strong></span> <span class='ocrx_word' id='word_1_84' title='bbox 1786 1291 1945 1369; x_wconf 87' lang='lat' dir='ltr'><strong>Cap:</strong></span> <span class='ocrx_word' id='word_1_85' title='bbox 1986 1293 2143 1354; x_wconf 91' lang='lat' dir='ltr'><strong>XL:</strong></span> <span class='ocrx_word' id='word_1_86' title='bbox 2189 1297 2299 1356; x_wconf 70' lang='grc'><strong>25.</strong></span> 
     </span>
     <span class='ocr_line' id='line_1_11' title="bbox 201 1390 2303 1469; baseline 0.001 -19"><span class='ocrx_word' id='word_1_87' title='bbox 201 1390 354 1467; x_wconf 84' lang='lat' dir='ltr'><strong>Cap:</strong></span> <span class='ocrx_word' id='word_1_88' title='bbox 393 1391 570 1450; x_wconf 81' lang='lat' dir='ltr'>XLI:</span> <span class='ocrx_word' id='word_1_89' title='bbox 616 1395 726 1450; x_wconf 88' lang='lat'><strong>14.</strong></span> <span class='ocrx_word' id='word_1_90' title='bbox 772 1395 882 1452; x_wconf 84' lang='lat'><strong>16.</strong></span> <span class='ocrx_word' id='word_1_91' title='bbox 939 1391 1100 1468; x_wconf 85' lang='lat' dir='ltr'><strong>Cap:</strong></span> <span class='ocrx_word' id='word_1_92' title='bbox 1137 1391 1375 1452; x_wconf 84' lang='lat' dir='ltr'>XLIII:</span> <span class='ocrx_word' id='word_1_93' title='bbox 1423 1393 1485 1452; x_wconf 82' lang='lat'><strong>3.</strong></span> <span class='ocrx_word' id='word_1_94' title='bbox 1546 1390 1717 1469; x_wconf 76' lang='lat' dir='ltr'><strong>Cap:</strong></span> <span class='ocrx_word' id='word_1_95' title='bbox 1743 1392 1970 1453; x_wconf 91' lang='lat' dir='ltr'>XLIX:</span> <span class='ocrx_word' id='word_1_96' title='bbox 2016 1399 2074 1453; x_wconf 79' lang='lat'><strong>7.</strong></span> <span class='ocrx_word' id='word_1_97' title='bbox 2128 1394 2303 1454; x_wconf 80' lang='lat' dir='ltr'><strong>Dan-z</strong></span> 
     </span>
     <span class='ocr_line' id='line_1_12' title="bbox 193 1490 2300 1572; baseline 0 -18"><span class='ocrx_word' id='word_1_98' title='bbox 193 1490 298 1554; x_wconf 93' lang='lat' dir='ltr'><strong>IV:</strong></span> <span class='ocrx_word' id='word_1_99' title='bbox 345 1491 452 1551; x_wconf 86' lang='grc'><strong>10.</strong></span> <span class='ocrx_word' id='word_1_100' title='bbox 505 1491 668 1568; x_wconf 85' lang='lat' dir='ltr'><strong>Cap:</strong></span> <span class='ocrx_word' id='word_1_101' title='bbox 702 1491 815 1552; x_wconf 88' lang='lat' dir='ltr'><strong>IX:</strong></span> <span class='ocrx_word' id='word_1_102' title='bbox 852 1493 962 1551; x_wconf 87' lang='grc'><strong>24.</strong></span> <span class='ocrx_word' id='word_1_103' title='bbox 1016 1491 1215 1552; x_wconf 90' lang='lat' dir='ltr'><strong>Marc:</strong></span> <span class='ocrx_word' id='word_1_104' title='bbox 1253 1491 1477 1551; x_wconf 73' lang='lat'>1:24.</span> <span class='ocrx_word' id='word_1_105' title='bbox 1530 1493 1691 1552; x_wconf 90' lang='lat' dir='ltr'><strong>Luc:</strong></span> <span class='ocrx_word' id='word_1_106' title='bbox 1727 1492 1836 1552; x_wconf 90' lang='lat' dir='ltr'><strong>IV:</strong></span> <span class='ocrx_word' id='word_1_107' title='bbox 1882 1496 2003 1571; x_wconf 80' lang='lat'><strong>343</strong></span> <span class='ocrx_word' id='word_1_108' title='bbox 2054 1500 2115 1554; x_wconf 81' lang='lat' dir='ltr'><strong>et</strong></span> <span class='ocrx_word' id='word_1_109' title='bbox 2148 1511 2300 1572; x_wconf 87' lang='lat' dir='ltr'><strong>quo-</strong></span> 
     </span>
     <span class='ocr_line' id='line_1_13' title="bbox 197 1589 2305 1670; baseline 0.002 -21"><span class='ocrx_word' id='word_1_110' title='bbox 197 1609 308 1668; x_wconf 88' lang='lat' dir='ltr'><strong>que</strong></span> <span class='ocrx_word' id='word_1_111' title='bbox 331 1593 465 1653; x_wconf 84' lang='lat' dir='ltr'><strong>Rex</strong></span> <span class='ocrx_word' id='word_1_112' title='bbox 495 1591 850 1652; x_wconf 85' lang='lat' dir='ltr'><strong>Sanctorum</strong></span> <span class='ocrx_word' id='word_1_113' title='bbox 875 1595 938 1651; x_wconf 90' lang='lat' dir='ltr'><strong>in</strong></span> <span class='ocrx_word' id='word_1_114' title='bbox 963 1593 1338 1670; x_wconf 82' lang='lat' dir='ltr'><strong>Apocalypsi</strong></span> <span class='ocrx_word' id='word_1_115' title='bbox 1376 1589 1657 1667; x_wconf 67' lang='lat' dir='ltr'><strong>„Justae</strong></span> <span class='ocrx_word' id='word_1_116' title='bbox 1690 1597 1749 1652; x_wconf 73' lang='lat' dir='ltr'><strong>et</strong></span> <span class='ocrx_word' id='word_1_117' title='bbox 1776 1612 1956 1654; x_wconf 81' lang='lat' dir='ltr'><strong>verae</strong></span> <span class='ocrx_word' id='word_1_118' title='bbox 1988 1600 2138 1656; x_wconf 74' lang='lat' dir='ltr'><strong>sunt</strong></span> <span class='ocrx_word' id='word_1_119' title='bbox 2166 1593 2305 1655; x_wconf 80' lang='lat' dir='ltr'><strong>viae</strong></span> 
     </span>
     <span class='ocr_line' id='line_1_14' title="bbox 193 1691 2304 1770; baseline 0.001 -18"><span class='ocrx_word' id='word_1_120' title='bbox 193 1696 362 1767; x_wconf 75' lang='lat' dir='ltr'><strong>tuae,</strong></span> <span class='ocrx_word' id='word_1_121' title='bbox 422 1691 576 1754; x_wconf 67' lang='lat' dir='ltr'><strong>Rem</strong></span> <span class='ocrx_word' id='word_1_122' title='bbox 623 1691 1067 1754; x_wconf 68' lang='lat' dir='ltr'><strong>Sanctovum“</strong></span> <span class='ocrx_word' id='word_1_123' title='bbox 1133 1693 1273 1753; x_wconf 91' lang='lat' dir='ltr'><strong>XV:</strong></span> <span class='ocrx_word' id='word_1_124' title='bbox 1319 1695 1399 1753; x_wconf 82' lang='lat'>3:</span> <span class='ocrx_word' id='word_1_125' title='bbox 1482 1693 1642 1770; x_wconf 84' lang='lat' dir='ltr'><strong>quod</strong></span> <span class='ocrx_word' id='word_1_126' title='bbox 1704 1694 1999 1753; x_wconf 80' lang='lat' dir='ltr'>Dominus</span> <span class='ocrx_word' id='word_1_127' title='bbox 2072 1694 2304 1756; x_wconf 81' lang='lat' dir='ltr'><strong>dicatur</strong></span> 
     </span>
     <span class='ocr_line' id='line_1_15' title="bbox 197 1791 2297 1871; baseline 0.002 -20"><span class='ocrx_word' id='word_1_128' title='bbox 197 1791 480 1870; x_wconf 86' lang='lat' dir='ltr'><strong>Sanctus,</strong></span> <span class='ocrx_word' id='word_1_129' title='bbox 542 1793 798 1852; x_wconf 86' lang='lat' dir='ltr'><strong>Sanctus</strong></span> <span class='ocrx_word' id='word_1_130' title='bbox 833 1793 981 1868; x_wconf 87' lang='lat' dir='ltr'><strong>Dei,</strong></span> <span class='ocrx_word' id='word_1_131' title='bbox 1028 1793 1286 1854; x_wconf 82' lang='lat' dir='ltr'><strong>Sanctus</strong></span> <span class='ocrx_word' id='word_1_132' title='bbox 1341 1793 1619 1866; x_wconf 71' lang='lat' dir='ltr'><strong>Israelis,</strong></span> <span class='ocrx_word' id='word_1_133' title='bbox 1672 1803 1733 1856; x_wconf 87' lang='lat' dir='ltr'><strong>et</strong></span> <span class='ocrx_word' id='word_1_134' title='bbox 1770 1795 2025 1856; x_wconf 84' lang='lat' dir='ltr'><strong>Sanctus</strong></span> <span class='ocrx_word' id='word_1_135' title='bbox 2063 1795 2297 1871; x_wconf 85' lang='lat' dir='ltr'><strong>Jacobi‚</strong></span> 
     </span>
     <span class='ocr_line' id='line_1_16' title="bbox 199 1892 2301 1974; baseline 0 -21"><span class='ocrx_word' id='word_1_136' title='bbox 199 1902 287 1954; x_wconf 87' lang='lat' dir='ltr'><strong>cst</strong></span> <span class='ocrx_word' id='word_1_137' title='bbox 319 1897 462 1970; x_wconf 88' lang='lat' dir='ltr'><strong>quia</strong></span> <span class='ocrx_word' id='word_1_138' title='bbox 488 1893 668 1954; x_wconf 88' lang='lat' dir='ltr'><strong>Solus</strong></span> <span class='ocrx_word' id='word_1_139' title='bbox 707 1900 800 1952; x_wconf 85' lang='lat' dir='ltr'><strong>est</strong></span> <span class='ocrx_word' id='word_1_140' title='bbox 828 1892 1114 1969; x_wconf 84' lang='lat' dir='ltr'><strong>Sanctus,</strong></span> <span class='ocrx_word' id='word_1_141' title='bbox 1167 1900 1227 1953; x_wconf 88' lang='lat' dir='ltr'><strong>et</strong></span> <span class='ocrx_word' id='word_1_142' title='bbox 1260 1912 1435 1953; x_wconf 87' lang='lat' dir='ltr'><strong>nemo</strong></span> <span class='ocrx_word' id='word_1_143' title='bbox 1470 1894 1641 1970; x_wconf 89' lang='lat' dir='ltr'><strong>alius,</strong></span> <span class='ocrx_word' id='word_1_144' title='bbox 1682 1896 1843 1974; x_wconf 83' lang='lat' dir='ltr'><strong>quod</strong></span> <span class='ocrx_word' id='word_1_145' title='bbox 1876 1899 2057 1956; x_wconf 81' lang='lat' dir='ltr'><strong>etiam</strong></span> <span class='ocrx_word' id='word_1_146' title='bbox 2084 1897 2301 1956; x_wconf 88' lang='lat' dir='ltr'><strong>dicitur</strong></span> 
     </span>
     <span class='ocr_line' id='line_1_17' title="bbox 193 1993 2301 2077; baseline 0.002 -23"><span class='ocrx_word' id='word_1_147' title='bbox 193 1998 250 2054; x_wconf 84' lang='lat' dir='ltr'><strong>iu</strong></span> <span class='ocrx_word' id='word_1_148' title='bbox 297 1995 671 2071; x_wconf 76' lang='lat' dir='ltr'><strong>Apocalypsi</strong></span> <span class='ocrx_word' id='word_1_149' title='bbox 740 1993 970 2070; x_wconf 73' lang='lat' dir='ltr'><strong>„Quia</strong></span> <span class='ocrx_word' id='word_1_150' title='bbox 1029 2013 1154 2056; x_wconf 77' lang='lat' dir='ltr'><strong>non</strong></span> <span class='ocrx_word' id='word_1_151' title='bbox 1202 1993 1445 2055; x_wconf 66' lang='lat' dir='ltr'><strong>timebit</strong></span> <span class='ocrx_word' id='word_1_152' title='bbox 1501 1993 1591 2056; x_wconf 83' lang='lat' dir='ltr'><strong>Te</strong></span> <span class='ocrx_word' id='word_1_153' title='bbox 1628 1993 1940 2072; x_wconf 77' lang='lat' dir='ltr'><strong>Domine,</strong></span> <span class='ocrx_word' id='word_1_154' title='bbox 1990 2001 2051 2057; x_wconf 83' lang='lat' dir='ltr'><strong>et</strong></span> <span class='ocrx_word' id='word_1_155' title='bbox 2092 1993 2301 2077; x_wconf 59' lang='lat' dir='ltr'><strong>ylari-</strong></span> 
     </span>
     <span class='ocr_line' id='line_1_18' title="bbox 183 2092 2296 2176; baseline -0 -20"><span class='ocrx_word' id='word_1_156' title='bbox 183 2096 402 2176; x_wconf 80' lang='lat' dir='ltr'><strong>ficabit</strong></span> <span class='ocrx_word' id='word_1_157' title='bbox 452 2094 700 2156; x_wconf 80' lang='lat' dir='ltr'><strong><em>Nomen</em></strong></span> <span class='ocrx_word' id='word_1_158' title='bbox 750 2093 994 2168; x_wconf 61' lang='lat' dir='ltr'><strong>Qum,</strong></span> <span class='ocrx_word' id='word_1_159' title='bbox 1061 2096 1216 2175; x_wconf 79' lang='lat' dir='ltr'><strong>quia</strong></span> <span class='ocrx_word' id='word_1_160' title='bbox 1274 2092 1471 2157; x_wconf 77' lang='lat' dir='ltr'><strong>Solus</strong></span> <span class='ocrx_word' id='word_1_161' title='bbox 1506 2094 1783 2157; x_wconf 76' lang='lat' dir='ltr'><strong>Sanctus</strong></span> <span class='ocrx_word' id='word_1_162' title='bbox 1841 2115 1908 2154; x_wconf 78' lang='lat' dir='ltr'><strong>es</strong></span> <span class='ocrx_word' id='word_1_163' title='bbox 1930 2100 1968 2130; x_wconf 85' lang='lat'><em>“</em></span> <span class='ocrx_word' id='word_1_164' title='bbox 2022 2097 2180 2158; x_wconf 90' lang='lat' dir='ltr'><strong>XV:</strong></span> <span class='ocrx_word' id='word_1_165' title='bbox 2233 2101 2296 2155; x_wconf 91' lang='lat'><strong>4.</strong></span> 
     </span>
     <span class='ocr_line' id='line_1_19' title="bbox 197 2195 2299 2274; baseline 0 -18"><span class='ocrx_word' id='word_1_166' title='bbox 197 2197 364 2272; x_wconf 84' lang='lat' dir='ltr'><strong>Quod</strong></span> <span class='ocrx_word' id='word_1_167' title='bbox 392 2196 632 2274; x_wconf 79' lang='lat' dir='ltr'><strong>Angeli,</strong></span> <span class='ocrx_word' id='word_1_168' title='bbox 666 2195 1006 2272; x_wconf 86' lang='lat' dir='ltr'><strong>Prophetae</strong></span> <span class='ocrx_word' id='word_1_169' title='bbox 1045 2204 1105 2256; x_wconf 86' lang='lat' dir='ltr'><strong>et</strong></span> <span class='ocrx_word' id='word_1_170' title='bbox 1128 2196 1407 2273; x_wconf 82' lang='lat' dir='ltr'><strong>Apostoli</strong></span> <span class='ocrx_word' id='word_1_171' title='bbox 1444 2197 1715 2257; x_wconf 77' lang='lat' dir='ltr'><strong>dicantur</strong></span> <span class='ocrx_word' id='word_1_172' title='bbox 1751 2195 1983 2272; x_wconf 85' lang='lat' dir='ltr'><strong>Sancti,</strong></span> <span class='ocrx_word' id='word_1_173' title='bbox 2026 2204 2121 2257; x_wconf 87' lang='lat' dir='ltr'><strong>est</strong></span> <span class='ocrx_word' id='word_1_174' title='bbox 2155 2199 2299 2273; x_wconf 88' lang='lat' dir='ltr'><strong>quia</strong></span> 
     </span>
     <span class='ocr_line' id='line_1_20' title="bbox 193 2294 2299 2376; baseline 0 -20"><span class='ocrx_word' id='word_1_175' title='bbox 193 2315 300 2373; x_wconf 87' lang='lat' dir='ltr'><strong>per</strong></span> <span class='ocrx_word' id='word_1_176' title='bbox 329 2297 466 2356; x_wconf 88' lang='lat' dir='ltr'><strong>illos</strong></span> <span class='ocrx_word' id='word_1_177' title='bbox 527 2299 588 2356; x_wconf 87' lang='lat' dir='ltr'><strong>in</strong></span> <span class='ocrx_word' id='word_1_178' title='bbox 623 2313 808 2357; x_wconf 83' lang='lat' dir='ltr'><strong>sensu</strong></span> <span class='ocrx_word' id='word_1_179' title='bbox 859 2296 1158 2374; x_wconf 78' lang='lat' dir='ltr'><strong>spirituali</strong></span> <span class='ocrx_word' id='word_1_180' title='bbox 1207 2296 1557 2374; x_wconf 80' lang='lat' dir='ltr'><strong>intelligitur</strong></span> <span class='ocrx_word' id='word_1_181' title='bbox 1590 2294 1873 2356; x_wconf 85' lang='lat' dir='ltr'><strong>Divinum</strong></span> <span class='ocrx_word' id='word_1_182' title='bbox 1908 2297 2171 2376; x_wconf 82' lang='lat' dir='ltr'><strong>Verum3</strong></span> <span class='ocrx_word' id='word_1_183' title='bbox 2236 2305 2299 2357; x_wconf 92' lang='lat' dir='ltr'><strong>et</strong></span> 
     </span>
     <span class='ocr_line' id='line_1_21' title="bbox 195 2397 2306 2475; baseline 0 -19"><span class='ocrx_word' id='word_1_184' title='bbox 195 2398 352 2473; x_wconf 86' lang='lat' dir='ltr'><strong>quod</strong></span> <span class='ocrx_word' id='word_1_185' title='bbox 383 2397 808 2475; x_wconf 81' lang='lat' dir='ltr'><strong>Hierosolyma</strong></span> <span class='ocrx_word' id='word_1_186' title='bbox 843 2397 1074 2456; x_wconf 88' lang='lat' dir='ltr'><strong>dicatur</strong></span> <span class='ocrx_word' id='word_1_187' title='bbox 1121 2399 1336 2456; x_wconf 84' lang='lat' dir='ltr'><strong>civitas</strong></span> <span class='ocrx_word' id='word_1_188' title='bbox 1374 2404 1617 2467; x_wconf 74' lang='lat' dir='ltr'><strong>sancta,</strong></span> <span class='ocrx_word' id='word_1_189' title='bbox 1672 2403 1765 2456; x_wconf 88' lang='lat' dir='ltr'><strong>est</strong></span> <span class='ocrx_word' id='word_1_190' title='bbox 1798 2400 1939 2473; x_wconf 88' lang='lat' dir='ltr'><strong>quia</strong></span> <span class='ocrx_word' id='word_1_191' title='bbox 1982 2415 2095 2475; x_wconf 85' lang='lat' dir='ltr'><strong>per</strong></span> <span class='ocrx_word' id='word_1_192' title='bbox 2138 2398 2306 2460; x_wconf 89' lang='lat' dir='ltr'><strong>illam</strong></span> 
     </span>
     <span class='ocr_line' id='line_1_22' title="bbox 196 2497 2307 2574; baseline 0.001 -21"><span class='ocrx_word' id='word_1_193' title='bbox 196 2499 256 2554; x_wconf 86' lang='lat' dir='ltr'><strong>in</strong></span> <span class='ocrx_word' id='word_1_194' title='bbox 334 2514 512 2556; x_wconf 83' lang='lat' dir='ltr'><strong>sensu</strong></span> <span class='ocrx_word' id='word_1_195' title='bbox 580 2498 882 2573; x_wconf 79' lang='lat' dir='ltr'><strong>spirituali</strong></span> <span class='ocrx_word' id='word_1_196' title='bbox 943 2497 1298 2574; x_wconf 87' lang='lat' dir='ltr'><strong>intelligitur</strong></span> <span class='ocrx_word' id='word_1_197' title='bbox 1356 2497 1630 2558; x_wconf 85' lang='lat' dir='ltr'><strong>Ecclesia</strong></span> <span class='ocrx_word' id='word_1_198' title='bbox 1707 2497 1907 2571; x_wconf 89' lang='lat' dir='ltr'><strong>quoad</strong></span> <span class='ocrx_word' id='word_1_199' title='bbox 1976 2497 2307 2556; x_wconf 85' lang='lat' dir='ltr'><strong>doctrinam</strong></span> 
     </span>
     <span class='ocr_line' id='line_1_23' title="bbox 198 2595 2306 2676; baseline 0 -22"><span class='ocrx_word' id='word_1_200' title='bbox 198 2596 378 2656; x_wconf 86' lang='lat' dir='ltr'><strong>Veri:</strong></span> <span class='ocrx_word' id='word_1_201' title='bbox 455 2599 612 2675; x_wconf 88' lang='lat' dir='ltr'><strong>quod</strong></span> <span class='ocrx_word' id='word_1_202' title='bbox 667 2599 886 2676; x_wconf 80' lang='lat' dir='ltr'><strong>Angeli</strong></span> <span class='ocrx_word' id='word_1_203' title='bbox 955 2600 1014 2658; x_wconf 87' lang='lat' dir='ltr'><strong>in</strong></span> <span class='ocrx_word' id='word_1_204' title='bbox 1077 2598 1282 2658; x_wconf 88' lang='lat' dir='ltr'><strong>Verbo</strong></span> <span class='ocrx_word' id='word_1_205' title='bbox 1358 2599 1630 2658; x_wconf 82' lang='lat' dir='ltr'><strong>dicantur</strong></span> <span class='ocrx_word' id='word_1_206' title='bbox 1708 2595 1947 2672; x_wconf 88' lang='lat' dir='ltr'><strong>Sancti,</strong></span> <span class='ocrx_word' id='word_1_207' title='bbox 2030 2597 2306 2656; x_wconf 76' lang='lat' dir='ltr'><strong>videatur</strong></span> 
     </span>
     <span class='ocr_line' id='line_1_24' title="bbox 193 2695 2307 2772; baseline 0 -17"><span class='ocrx_word' id='word_1_208' title='bbox 193 2695 416 2758; x_wconf 81' lang='lat' dir='ltr'><strong>Matth:</strong></span> <span class='ocrx_word' id='word_1_209' title='bbox 464 2699 670 2760; x_wconf 87' lang='lat' dir='ltr'>XXV:</span> <span class='ocrx_word' id='word_1_210' title='bbox 721 2701 832 2758; x_wconf 89' lang='lat'><strong>31.</strong></span> <span class='ocrx_word' id='word_1_211' title='bbox 911 2697 1108 2759; x_wconf 86' lang='lat' dir='ltr'><strong>Marc:</strong></span> <span class='ocrx_word' id='word_1_212' title='bbox 1159 2696 1342 2759; x_wconf 88' lang='lat' dir='ltr'>VIII:</span> <span class='ocrx_word' id='word_1_213' title='bbox 1387 2701 1497 2760; x_wconf 81' lang='lat'><strong>38.</strong></span> <span class='ocrx_word' id='word_1_214' title='bbox 1580 2698 1735 2758; x_wconf 83' lang='lat' dir='ltr'>Luc:</span> <span class='ocrx_word' id='word_1_215' title='bbox 1782 2697 1896 2758; x_wconf 87' lang='lat' dir='ltr'><strong>IX:</strong></span> <span class='ocrx_word' id='word_1_216' title='bbox 1939 2699 2057 2756; x_wconf 76' lang='grc'><strong>26.</strong></span> <span class='ocrx_word' id='word_1_217' title='bbox 2128 2695 2307 2772; x_wconf 83' lang='lat' dir='ltr'><strong>Quod</strong></span> 
     </span>
     <span class='ocr_line' id='line_1_25' title="bbox 190 2796 2298 2877; baseline -0.001 -19"><span class='ocrx_word' id='word_1_218' title='bbox 190 2797 561 2876; x_wconf 85' lang='lat' dir='ltr'><strong>Prophetae,</strong></span> <span class='ocrx_word' id='word_1_219' title='bbox 606 2799 794 2858; x_wconf 87' lang='lat' dir='ltr'><strong>Marc:</strong></span> <span class='ocrx_word' id='word_1_220' title='bbox 830 2799 958 2860; x_wconf 82' lang='lat' dir='ltr'><strong>VI:</strong></span> <span class='ocrx_word' id='word_1_221' title='bbox 1016 2802 1127 2859; x_wconf 93' lang='grc'><strong>20.</strong></span> <span class='ocrx_word' id='word_1_222' title='bbox 1189 2799 1346 2860; x_wconf 87' lang='lat' dir='ltr'>Luc:</span> <span class='ocrx_word' id='word_1_223' title='bbox 1386 2800 1447 2860; x_wconf 96' lang='lat' dir='ltr'><strong>I:</strong></span> <span class='ocrx_word' id='word_1_224' title='bbox 1495 2802 1603 2862; x_wconf 77' lang='lat'><strong>70.</strong></span> <span class='ocrx_word' id='word_1_225' title='bbox 1658 2798 1865 2877; x_wconf 89' lang='lat' dir='ltr'><strong>Apoc:</strong></span> <span class='ocrx_word' id='word_1_226' title='bbox 1898 2796 2144 2857; x_wconf 81' lang='lat' dir='ltr'>XVIII:</span> <span class='ocrx_word' id='word_1_227' title='bbox 2186 2799 2298 2857; x_wconf 94' lang='grc'><strong>20.</strong></span> 
     </span>
     <span class='ocr_line' id='line_1_26' title="bbox 193 2897 2304 2976; baseline 0.001 -20"><span class='ocrx_word' id='word_1_228' title='bbox 193 2897 363 2974; x_wconf 83' lang='lat' dir='ltr'><strong>Quod</strong></span> <span class='ocrx_word' id='word_1_229' title='bbox 417 2900 722 2976; x_wconf 82' lang='lat' dir='ltr'><strong>Apostoli,</strong></span> <span class='ocrx_word' id='word_1_230' title='bbox 787 2901 995 2976; x_wconf 87' lang='lat' dir='ltr'><strong>Apoc:</strong></span> <span class='ocrx_word' id='word_1_231' title='bbox 1050 2898 1296 2962; x_wconf 92' lang='lat' dir='ltr'>XVIII:</span> <span class='ocrx_word' id='word_1_232' title='bbox 1358 2904 1468 2961; x_wconf 83' lang='lat'><strong>20.</strong></span> <span class='ocrx_word' id='word_1_233' title='bbox 1554 2901 1633 2959; x_wconf 89' lang='lat' dir='ltr'><strong>Et</strong></span> <span class='ocrx_word' id='word_1_234' title='bbox 1676 2899 1835 2976; x_wconf 84' lang='lat' dir='ltr'><strong>quod</strong></span> <span class='ocrx_word' id='word_1_235' title='bbox 1880 2897 2304 2976; x_wconf 87' lang='lat' dir='ltr'><strong>Hierosolyma</strong></span> 
     </span>
     <span class='ocr_line' id='line_1_27' title="bbox 189 2997 2300 3078; baseline 0 -20"><span class='ocrx_word' id='word_1_236' title='bbox 189 2997 417 3060; x_wconf 83' lang='lat' dir='ltr'><strong>dicatur</strong></span> <span class='ocrx_word' id='word_1_237' title='bbox 454 3008 666 3060; x_wconf 83' lang='lat' dir='ltr'><strong>sancta</strong></span> <span class='ocrx_word' id='word_1_238' title='bbox 711 3002 958 3072; x_wconf 77' lang='lat' dir='ltr'><strong>civitas,</strong></span> <span class='ocrx_word' id='word_1_239' title='bbox 1030 3000 1209 3078; x_wconf 75' lang='lat' dir='ltr'><strong>EsaJ:</strong></span> <span class='ocrx_word' id='word_1_240' title='bbox 1244 3000 1544 3061; x_wconf 86' lang='lat' dir='ltr'>XLVIII:</span> <span class='ocrx_word' id='word_1_241' title='bbox 1594 3004 1654 3060; x_wconf 85' lang='lat'><strong>2.</strong></span> <span class='ocrx_word' id='word_1_242' title='bbox 1711 3000 1870 3078; x_wconf 84' lang='lat' dir='ltr'><strong>Cap:</strong></span> <span class='ocrx_word' id='word_1_243' title='bbox 1907 2997 2143 3060; x_wconf 87' lang='lat' dir='ltr'>LXVI:</span> <span class='ocrx_word' id='word_1_244' title='bbox 2191 3002 2300 3059; x_wconf 93' lang='grc'><strong>20.</strong></span> 
     </span>
     <span class='ocr_line' id='line_1_28' title="bbox 194 3099 2305 3177; baseline 0.002 -21"><span class='ocrx_word' id='word_1_245' title='bbox 194 3101 299 3159; x_wconf 91' lang='grc'><strong>22.</strong></span> <span class='ocrx_word' id='word_1_246' title='bbox 377 3102 550 3162; x_wconf 89' lang='lat' dir='ltr'><strong>Dan:</strong></span> <span class='ocrx_word' id='word_1_247' title='bbox 595 3100 709 3161; x_wconf 87' lang='lat' dir='ltr'><strong>IX:</strong></span> <span class='ocrx_word' id='word_1_248' title='bbox 767 3104 880 3160; x_wconf 83' lang='grc'><strong>24.</strong></span> <span class='ocrx_word' id='word_1_249' title='bbox 957 3099 1180 3160; x_wconf 71' lang='lat' dir='ltr'><strong>Matth:</strong></span> <span class='ocrx_word' id='word_1_250' title='bbox 1229 3101 1507 3160; x_wconf 90' lang='lat' dir='ltr'>XXVII:</span> <span class='ocrx_word' id='word_1_251' title='bbox 1570 3103 1683 3160; x_wconf 83' lang='lat'><strong>53.</strong></span> <span class='ocrx_word' id='word_1_252' title='bbox 1748 3102 1955 3177; x_wconf 89' lang='lat' dir='ltr'><strong>Apoc:</strong></span> <span class='ocrx_word' id='word_1_253' title='bbox 2006 3099 2195 3160; x_wconf 88' lang='lat' dir='ltr'>XXI:</span> <span class='ocrx_word' id='word_1_254' title='bbox 2241 3104 2305 3160; x_wconf 82' lang='grc'><strong>2.</strong></span> 
     </span>
     <span class='ocr_line' id='line_1_29' title="bbox 195 3200 2302 3278; baseline 0.001 -22"><span class='ocrx_word' id='word_1_255' title='bbox 195 3201 300 3260; x_wconf 92' lang='grc'><strong>10.</strong></span> <span class='ocrx_word' id='word_1_256' title='bbox 353 3201 530 3278; x_wconf 86' lang='lat' dir='ltr'><strong>Quod</strong></span> <span class='ocrx_word' id='word_1_257' title='bbox 564 3220 676 3278; x_wconf 84' lang='lat' dir='ltr'><strong>per</strong></span> <span class='ocrx_word' id='word_1_258' title='bbox 712 3201 978 3278; x_wconf 82' lang='lat' dir='ltr'><strong>Angelos</strong></span> <span class='ocrx_word' id='word_1_259' title='bbox 1024 3203 1084 3259; x_wconf 91' lang='lat' dir='ltr'><strong>in</strong></span> <span class='ocrx_word' id='word_1_260' title='bbox 1113 3201 1316 3261; x_wconf 88' lang='lat' dir='ltr'><strong>Verbo</strong></span> <span class='ocrx_word' id='word_1_261' title='bbox 1350 3201 1719 3278; x_wconf 84' lang='lat' dir='ltr'><strong>intelligatur</strong></span> <span class='ocrx_word' id='word_1_262' title='bbox 1750 3201 2034 3261; x_wconf 82' lang='lat' dir='ltr'><strong>Divinum</strong></span> <span class='ocrx_word' id='word_1_263' title='bbox 2073 3200 2302 3260; x_wconf 85' lang='lat' dir='ltr'><strong>Verum</strong></span> 
     </span>
     <span class='ocr_line' id='line_1_30' title="bbox 191 3301 2304 3379; baseline 0.001 -23"><span class='ocrx_word' id='word_1_264' title='bbox 191 3302 522 3374; x_wconf 73' lang='lat' dir='ltr'><strong>procedens</strong></span> <span class='ocrx_word' id='word_1_265' title='bbox 573 3320 612 3362; x_wconf 88' lang='lat' dir='ltr'><strong>a</strong></span> <span class='ocrx_word' id='word_1_266' title='bbox 656 3301 948 3371; x_wconf 88' lang='lat' dir='ltr'><strong>Domino,</strong></span> <span class='ocrx_word' id='word_1_267' title='bbox 1002 3301 1278 3362; x_wconf 84' lang='lat' dir='ltr'><strong>videatur</strong></span> <span class='ocrx_word' id='word_1_268' title='bbox 1316 3319 1503 3379; x_wconf 85' lang='lat' dir='ltr'><strong>supra</strong></span> <span class='ocrx_word' id='word_1_269' title='bbox 1568 3320 1637 3362; x_wconf 92' lang='lat' dir='ltr'>n:</span> <span class='ocrx_word' id='word_1_270' title='bbox 1687 3303 1845 3362; x_wconf 86' lang='lat'><strong>130.</strong></span> <span class='ocrx_word' id='word_1_271' title='bbox 1906 3303 2076 3362; x_wconf 83' lang='grc' dir='ltr'><strong>20οε</strong></span> <span class='ocrx_word' id='word_1_272' title='bbox 2143 3301 2304 3376; x_wconf 84' lang='lat' dir='ltr'><strong>quod</strong></span> 
     </span>
     <span class='ocr_line' id='line_1_31' title="bbox 194 3399 2299 3480; baseline -0.001 -20"><span class='ocrx_word' id='word_1_273' title='bbox 194 3399 454 3462; x_wconf 81' lang='lat' dir='ltr'><strong>similiter</strong></span> <span class='ocrx_word' id='word_1_274' title='bbox 501 3420 612 3480; x_wconf 87' lang='lat' dir='ltr'><strong>per</strong></span> <span class='ocrx_word' id='word_1_275' title='bbox 646 3401 1012 3478; x_wconf 79' lang='lat' dir='ltr'><strong>ProphetaS,</strong></span> <span class='ocrx_word' id='word_1_276' title='bbox 1077 3404 1136 3460; x_wconf 87' lang='lat' dir='ltr'><strong>in</strong></span> <span class='ocrx_word' id='word_1_277' title='bbox 1171 3403 1449 3462; x_wconf 63' lang='lat' dir='ltr'><strong>Ancmms</strong></span> <span class='ocrx_word' id='word_1_278' title='bbox 1488 3401 1903 3462; x_wconf 72' lang='lat' dir='ltr'><strong>Cosnnsnaus</strong></span> <span class='ocrx_word' id='word_1_279' title='bbox 1962 3419 2031 3458; x_wconf 91' lang='lat' dir='ltr'>n:</span> <span class='ocrx_word' id='word_1_280' title='bbox 2086 3402 2299 3459; x_wconf 82' lang='grc'><strong>2534.</strong></span> 
     </span>
     <span class='ocr_line' id='line_1_32' title="bbox 197 3497 2295 3580; baseline -0.001 -22"><span class='ocrx_word' id='word_1_281' title='bbox 197 3503 420 3563; x_wconf 79' lang='lat'>7269:</span> <span class='ocrx_word' id='word_1_282' title='bbox 477 3509 602 3562; x_wconf 90' lang='lat' dir='ltr'><strong>tum</strong></span> <span class='ocrx_word' id='word_1_283' title='bbox 637 3520 748 3579; x_wconf 86' lang='lat' dir='ltr'><strong>per</strong></span> <span class='ocrx_word' id='word_1_284' title='bbox 781 3501 1136 3579; x_wconf 87' lang='lat' dir='ltr'><strong>Apostolos,</strong></span> <span class='ocrx_word' id='word_1_285' title='bbox 1193 3519 1380 3580; x_wconf 91' lang='lat' dir='ltr'><strong>supra</strong></span> <span class='ocrx_word' id='word_1_286' title='bbox 1414 3521 1481 3562; x_wconf 90' lang='lat' dir='ltr'>n:</span> <span class='ocrx_word' id='word_1_287' title='bbox 1520 3505 1687 3562; x_wconf 84' lang='grc' dir='ltr'><strong>10οι</strong></span> <span class='ocrx_word' id='word_1_288' title='bbox 1746 3501 1902 3577; x_wconf 87' lang='lat' dir='ltr'><strong>quod</strong></span> <span class='ocrx_word' id='word_1_289' title='bbox 1938 3515 2050 3575; x_wconf 78' lang='lat' dir='ltr'><strong>per</strong></span> <span class='ocrx_word' id='word_1_290' title='bbox 2073 3497 2295 3558; x_wconf 86' lang='lat' dir='ltr'><strong>Hiero-</strong></span> 
     </span>
     <span class='ocr_line' id='line_1_33' title="bbox 185 3596 2295 3681; baseline -0.002 -23"><span class='ocrx_word' id='word_1_291' title='bbox 185 3602 473 3681; x_wconf 84' lang='lat' dir='ltr'><strong>solymam</strong></span> <span class='ocrx_word' id='word_1_292' title='bbox 509 3605 570 3662; x_wconf 90' lang='lat' dir='ltr'><strong>in</strong></span> <span class='ocrx_word' id='word_1_293' title='bbox 594 3602 800 3663; x_wconf 88' lang='lat' dir='ltr'><strong>Verbo</strong></span> <span class='ocrx_word' id='word_1_294' title='bbox 835 3602 1201 3678; x_wconf 84' lang='lat' dir='ltr'><strong>intelligatur</strong></span> <span class='ocrx_word' id='word_1_295' title='bbox 1224 3602 1503 3663; x_wconf 80' lang='lat' dir='ltr'><strong>Ecclesia</strong></span> <span class='ocrx_word' id='word_1_296' title='bbox 1530 3602 1729 3678; x_wconf 87' lang='lat' dir='ltr'><strong>quoad</strong></span> <span class='ocrx_word' id='word_1_297' title='bbox 1754 3601 2101 3660; x_wconf 85' lang='lat' dir='ltr'><strong>Doctrinam</strong></span> <span class='ocrx_word' id='word_1_298' title='bbox 2128 3596 2295 3670; x_wconf 85' lang='lat' dir='ltr'><strong>Veri,</strong></span> 
     </span>
     <span class='ocr_line' id='line_1_34' title="bbox 185 3699 2293 3776; baseline -0.001 -16"><span class='ocrx_word' id='word_1_299' title='bbox 185 3700 240 3759; x_wconf 87' lang='lat' dir='ltr'><strong>in</strong></span> <span class='ocrx_word' id='word_1_300' title='bbox 271 3704 605 3764; x_wconf 60' lang='lat' dir='ltr'><strong>Deci-mm</strong></span> <span class='ocrx_word' id='word_1_301' title='bbox 637 3702 852 3764; x_wconf 61' lang='lat' dir='ltr'><strong>Novar.</strong></span> <span class='ocrx_word' id='word_1_302' title='bbox 909 3703 1437 3776; x_wconf 67' lang='lat' dir='ltr'><strong>Hmnosonnmn,</strong></span> <span class='ocrx_word' id='word_1_303' title='bbox 1490 3721 1557 3761; x_wconf 92' lang='lat' dir='ltr'>n:</span> <span class='ocrx_word' id='word_1_304' title='bbox 1604 3704 1661 3760; x_wconf 83' lang='lat'><strong>6.</strong></span> <span class='ocrx_word' id='word_1_305' title='bbox 1736 3701 1829 3760; x_wconf 82' lang='lat' dir='ltr'><strong>Ex</strong></span> <span class='ocrx_word' id='word_1_306' title='bbox 1874 3699 1966 3756; x_wconf 90' lang='lat' dir='ltr'><strong>his</strong></span> <span class='ocrx_word' id='word_1_307' title='bbox 2015 3704 2293 3758; x_wconf 86' lang='lat' dir='ltr'><strong>constare</strong></span> 
     </span>
     <span class='ocr_line' id='line_1_35' title="bbox 185 3795 2293 3879; baseline -0.003 -17"><span class='ocrx_word' id='word_1_308' title='bbox 185 3808 418 3876; x_wconf 84' lang='lat' dir='ltr'><strong>potest,</strong></span> <span class='ocrx_word' id='word_1_309' title='bbox 461 3803 620 3863; x_wconf 88' lang='lat' dir='ltr'><strong>unde</strong></span> <span class='ocrx_word' id='word_1_310' title='bbox 667 3809 762 3863; x_wconf 92' lang='lat' dir='ltr'><strong>est</strong></span> <span class='ocrx_word' id='word_1_311' title='bbox 807 3803 968 3879; x_wconf 91' lang='lat' dir='ltr'><strong>quod</strong></span> <span class='ocrx_word' id='word_1_312' title='bbox 1001 3803 1282 3863; x_wconf 88' lang='lat' dir='ltr'><strong>Divinum</strong></span> <span class='ocrx_word' id='word_1_313' title='bbox 1319 3802 1548 3862; x_wconf 89' lang='lat' dir='ltr'><strong>Verum</strong></span> <span class='ocrx_word' id='word_1_314' title='bbox 1599 3800 1930 3877; x_wconf 87' lang='lat' dir='ltr'><strong>procedens</strong></span> <span class='ocrx_word' id='word_1_315' title='bbox 1966 3814 2005 3855; x_wconf 85' lang='lat' dir='ltr'><strong>a</strong></span> <span class='ocrx_word' id='word_1_316' title='bbox 2036 3795 2293 3856; x_wconf 88' lang='lat' dir='ltr'><strong>Domino</strong></span> 
     </span>
     <span class='ocr_line' id='line_1_36' title="bbox 191 3897 2493 3981; baseline -0 -22"><span class='ocrx_word' id='word_1_317' title='bbox 191 3901 418 3964; x_wconf 86' lang='lat' dir='ltr'><strong>dicatur</strong></span> <span class='ocrx_word' id='word_1_318' title='bbox 455 3903 716 3981; x_wconf 86' lang='lat' dir='ltr'><strong>Spiritus</strong></span> <span class='ocrx_word' id='word_1_319' title='bbox 749 3906 1020 3964; x_wconf 82' lang='lat' dir='ltr'><strong>veritatis</strong></span> <span class='ocrx_word' id='word_1_320' title='bbox 1058 3911 1118 3963; x_wconf 90' lang='lat' dir='ltr'><strong>et</strong></span> <span class='ocrx_word' id='word_1_321' title='bbox 1154 3903 1412 3981; x_wconf 86' lang='lat' dir='ltr'><strong>Spiritus</strong></span> <span class='ocrx_word' id='word_1_322' title='bbox 1452 3901 1740 3973; x_wconf 87' lang='lat' dir='ltr'><strong>Sanctus,</strong></span> <span class='ocrx_word' id='word_1_323' title='bbox 1795 3897 2072 3958; x_wconf 86' lang='lat' dir='ltr'><strong>videatur</strong></span> <span class='ocrx_word' id='word_1_324' title='bbox 2108 3913 2297 3974; x_wconf 81' lang='lat' dir='ltr'><strong>supra</strong></span> <span class='ocrx_word' id='word_1_325' title='bbox 2333 3900 2493 3964; x_wconf 81' lang='grc'><strong>[207]</strong></span> 
     </span>
     <span class='ocr_line' id='line_1_37' title="bbox 189 3999 2289 4082; baseline -0.001 -22"><span class='ocrx_word' id='word_1_326' title='bbox 189 4019 250 4061; x_wconf 92' lang='lat' dir='ltr'>n:</span> <span class='ocrx_word' id='word_1_327' title='bbox 296 4006 435 4064; x_wconf 88' lang='grc'><strong>183</strong></span> <span class='ocrx_word' id='word_1_328' title='bbox 455 4024 472 4080; x_wconf 82' lang='lat'><em>3</em></span> <span class='ocrx_word' id='word_1_329' title='bbox 527 4012 651 4064; x_wconf 86' lang='lat' dir='ltr'><strong>tum</strong></span> <span class='ocrx_word' id='word_1_330' title='bbox 710 4005 869 4082; x_wconf 88' lang='lat' dir='ltr'><strong>quod</strong></span> <span class='ocrx_word' id='word_1_331' title='bbox 905 4005 1152 4064; x_wconf 88' lang='lat' dir='ltr'><strong>Coelum</strong></span> <span class='ocrx_word' id='word_1_332' title='bbox 1197 4003 1431 4064; x_wconf 87' lang='lat' dir='ltr'><strong>dicatur</strong></span> <span class='ocrx_word' id='word_1_333' title='bbox 1464 3999 1889 4061; x_wconf 84' lang='lat' dir='ltr'><strong>Habitaculum</strong></span> <span class='ocrx_word' id='word_1_334' title='bbox 1938 4000 2289 4074; x_wconf 86' lang='lat' dir='ltr'><strong>sanctitatis,</strong></span> 
     </span>
     <span class='ocr_line' id='line_1_38' title="bbox 187 4101 2294 4183; baseline -0.001 -22"><span class='ocrx_word' id='word_1_335' title='bbox 187 4102 357 4183; x_wconf 89' lang='lat' dir='ltr'><strong>Esaj:</strong></span> <span class='ocrx_word' id='word_1_336' title='bbox 395 4101 629 4166; x_wconf 85' lang='lat' dir='ltr'>LXHI:</span> <span class='ocrx_word' id='word_1_337' title='bbox 671 4108 698 4164; x_wconf 96' lang='lat'>1</span> <span class='ocrx_word' id='word_1_338' title='bbox 721 4107 778 4165; x_wconf 83' lang='lat'><strong>5.</strong></span> <span class='ocrx_word' id='word_1_339' title='bbox 825 4105 1021 4165; x_wconf 87' lang='lat' dir='ltr'><strong>Deut:</strong></span> <span class='ocrx_word' id='word_1_340' title='bbox 1050 4103 1296 4164; x_wconf 90' lang='lat' dir='ltr'>XXVI:</span> <span class='ocrx_word' id='word_1_341' title='bbox 1335 4107 1363 4162; x_wconf 92' lang='lat'>1</span> <span class='ocrx_word' id='word_1_342' title='bbox 1386 4104 1445 4164; x_wconf 85' lang='lat'><strong>5:</strong></span> <span class='ocrx_word' id='word_1_343' title='bbox 1494 4109 1555 4164; x_wconf 91' lang='lat' dir='ltr'><strong>et</strong></span> <span class='ocrx_word' id='word_1_344' title='bbox 1578 4101 1739 4182; x_wconf 88' lang='lat' dir='ltr'><strong>quod</strong></span> <span class='ocrx_word' id='word_1_345' title='bbox 1763 4101 2037 4162; x_wconf 86' lang='lat' dir='ltr'><strong>Ecclesia</strong></span> <span class='ocrx_word' id='word_1_346' title='bbox 2062 4101 2294 4160; x_wconf 87' lang='lat' dir='ltr'><strong>dicatur</strong></span> 
     </span>
     <span class='ocr_line' id='line_1_39' title="bbox 187 4201 2297 4278; baseline 0 -16"><span class='ocrx_word' id='word_1_347' title='bbox 187 4201 634 4278; x_wconf 80' lang='lat' dir='ltr'><strong>Sanctuarium,</strong></span> <span class='ocrx_word' id='word_1_348' title='bbox 704 4207 941 4266; x_wconf 86' lang='lat' dir='ltr'><strong>Jerem:</strong></span> <span class='ocrx_word' id='word_1_349' title='bbox 993 4203 1210 4268; x_wconf 83' lang='lat' dir='ltr'>XVII:</span> <span class='ocrx_word' id='word_1_350' title='bbox 1271 4208 1381 4265; x_wconf 90' lang='grc'><strong>12.</strong></span> <span class='ocrx_word' id='word_1_351' title='bbox 1481 4203 1713 4265; x_wconf 88' lang='lat' dir='ltr'><strong>Thren:</strong></span> <span class='ocrx_word' id='word_1_352' title='bbox 1766 4202 1864 4262; x_wconf 90' lang='lat' dir='ltr'><strong>II:</strong></span> <span class='ocrx_word' id='word_1_353' title='bbox 1924 4210 1979 4262; x_wconf 85' lang='grc'><strong>7.</strong></span> <span class='ocrx_word' id='word_1_354' title='bbox 2057 4202 2297 4262; x_wconf 83' lang='lat' dir='ltr'><strong>Psalm:</strong></span> 
     </span>
    </p>
   </div>
  </div>
 </body>
</html>
