2700 4792
333 375 572 431 CAPUT
627 373 930 435 PRIMUM
1746 377 1961 437 VERS.
2220 393 2291 446 32

23 530 85 592 J
177 555 318 600 nem
355 537 731 616 significetur
763 537 994 598 Verum
1031 536 1190 614 quod
1217 555 1252 595 a
1279 537 1558 612 Domino,
1594 554 1665 598 ac
1698 541 1761 598 in
1796 541 2071 618 opposito
2107 556 2293 604 sensu

176 639 409 700 falsum
442 639 787 698 violentiam
823 637 1086 697 inferens
1129 637 1217 696 illi
1249 635 1436 696 Vero.

341 742 452 800 31.
532 740 612 797 Et
663 739 805 798 fecit
853 755 962 798 nos
1011 755 1188 814 reges
1235 744 1296 798 et
1347 736 1722 811 sacerdoteS,
1778 743 1940 816 quod
1995 741 2291 819 significet

179 839 344 919 quod
393 840 470 898 ab
515 839 662 916 Ipso
699 841 884 898 simus
920 841 982 897 in
1025 837 1234 915 Regno
1285 837 1488 916 Ipsius
1538 837 1851 915 Spirituali
1899 850 1961 903 et
2004 841 2286 917 Coelesti‚

177 947 418 1002 constat
463 957 538 1000 ex
579 939 1008 1016 significatione
1053 957 1290 1016 regum,
1353 937 1511 1014 quod
1565 942 1684 998 sint
1736 944 1838 1017 qui
1896 945 1959 1002 in
2005 946 2164 1002 veris
2214 960 2289 1001 ex

176 1043 372 1112 bone,
437 1047 500 1100 et
560 1043 702 1117 quia
758 1040 846 1098 illi
899 1042 1268 1099 constituunt
1316 1039 1595 1116 Regnum
1646 1039 1973 1117 Spirituale
2026 1042 2285 1117 Domini,

177 1141 344 1218 quod
405 1143 528 1199 sint
573 1143 678 1217 qui
726 1143 788 1198 in
839 1141 1048 1216 Regno
1101 1139 1412 1216 Spirituali
1456 1137 1694 1216 Ipsius,
1751 1143 1912 1218 quod
1963 1143 2165 1219 Reges
2226 1144 2287 1200 in

179 1241 388 1302 Verbo
421 1240 558 1300 illos
595 1241 954 1317 significent,
1018 1241 1251 1316 patebit
1297 1258 1334 1298 a
1376 1239 1827 1317 sequentibus3‘
1860 1249 1920 1302 et
1968 1260 2006 1301 a
2052 1242 2283 1319 signifi-

179 1345 417 1402 catione
455 1340 878 1416 sacerdotum,
935 1341 1094 1417 quod
1130 1343 1249 1398 sint
1284 1343 1387 1417 qui
1409 1323 1495 1398 ‘in
1539 1340 1697 1401 bono
1742 1345 1989 1413 amoris,
2052 1350 2111 1401 et
2148 1345 2289 1420 quia

177 1443 276 1500 illi
309 1443 671 1500 constituunt
716 1441 991 1518 Regnum
1047 1440 1325 1501 Coeleste
1376 1440 1641 1514 Domini,
1706 1444 1866 1519 quod
1910 1445 2029 1502 sint
2082 1445 2183 1520 qui
2224 1445 2287 1502 in

183 1541 398 1618 Regno
435 1539 698 1601 Coelesti
731 1541 968 1618 Ipsius:
1025 1541 1185 1618 quod
1221 1541 1338 1599 duo
1374 1539 1587 1618 Regna
1625 1543 1768 1614 sint,
1822 1547 1883 1602 in
1924 1561 2080 1621 quae
2119 1542 2289 1604 Coeli

180 1645 245 1700 in
285 1643 580 1700 communi
617 1642 880 1701 distincti
925 1649 1094 1717 sunt,
1149 1641 1427 1700 videatur
1470 1643 1533 1699 in
1577 1641 1777 1718 Opere
1830 1643 1903 1704 de
1956 1643 2163 1704 Conco
2206 1661 2287 1704 m·

79 1785 88 1792 -
179 1743 490 1816 Immune,
548 1760 604 1800 n:
649 1745 737 1802 20
772 1742 849 1800 ad
881 1745 1004 1818 283
1060 1750 1120 1802 et
1167 1741 1326 1818 quod
1373 1740 1647 1818 Regnum
1691 1743 2014 1820 Spirituale
2050 1745 2287 1804 dicatur

173 1843 457 1919 Regnum
490 1842 744 1918 Regium
789 1842 1058 1917 Domini,
1121 1848 1182 1902 et
1229 1840 1389 1918 quod
1431 1842 1704 1919 Regnum
1740 1843 2017 1904 Coeleste
2053 1843 2287 1904 dicatur

175 1942 459 2018 Regnum
496 1941 884 2002 Sacerdotale
919 1943 1154 2019 IpsiuS,
1217 1940 1359 2001 ibid:
1410 1961 1468 2000 n:
1518 1945 1627 2000 24.
1693 1943 1975 2003 Plurimis
2022 1947 2084 2002 in
2133 1944 2283 2005 locis

24 2049 26 2054 ’
135 2090 140 2093 .
175 2046 242 2102 in
278 2042 484 2102 Verbo
536 2043 896 2120 Prophetico
943 2045 1318 2102 nominantur
1363 2043 1591 2118 RegeS,
1659 2050 1719 2102 et
1754 2045 1853 2120 qui
1886 2061 2004 2102 non
2039 2061 2285 2105 sensum

171 2147 474 2202 internum
511 2146 650 2216 scit,
700 2143 892 2203 credit
919 2143 1080 2220 quod
1111 2161 1225 2220 per
1257 2141 1459 2219 Reges
1486 2143 1569 2200 ibi
1606 2144 2014 2221 intelligantur
2046 2145 2281 2221 Reges;

171 2249 274 2302 ast
307 2259 426 2302 non
457 2244 874 2320 intelliguntur
905 2243 1108 2319 Reges
1125 2288 1144 2318 ,
1203 2242 1314 2302 sed
1368 2259 1574 2301 omnes
1620 2243 1707 2302 illi
1756 2247 1856 2320 qui
1896 2247 1956 2304 in
2005 2247 2167 2304 veris
2206 2263 2282 2305 ex

171 2345 334 2402 bono
385 2351 556 2418 sunt,
620 2361 730 2403 seu
773 2345 834 2401 in
885 2343 1002 2402 fide
1057 2361 1134 2402 ex
1182 2343 1473 2402 charitate
1520 2361 1557 2400 a
1603 2344 1889 2412 Domino;
1942 2361 2131 2404 causa
2166 2350 2278 2420 est,

172 2447 324 2521 quia
373 2441 667 2501 Dominus
711 2449 806 2503 est
851 2443 1028 2504 Solus
1075 2443 1236 2512 Rex,
1297 2449 1359 2502 et
1403 2443 1491 2502 illi
1527 2447 1629 2521 qui
1680 2447 1741 2502 in
1786 2447 1948 2504 veris
1998 2463 2072 2504 ex
2122 2445 2281 2503 bono

173 2549 330 2603 sunt
363 2541 440 2599 ab
473 2541 652 2618 Ipse,
696 2542 804 2600 filii
834 2542 1033 2620 Ipsius
1070 2550 1363 2602 vocantur
1373 2565 1390 2619 3
1440 2544 1577 2602 inde
1618 2551 1737 2616 est,
1774 2544 1933 2620 quod
1968 2561 2078 2619 per
2110 2545 2279 2619 prin-

175 2645 382 2720 cipes,
437 2641 594 2700 filios
629 2641 855 2720 Regni,
888 2643 1040 2702 filios
1074 2643 1290 2722 RegiS,
1347 2651 1409 2703 et
1445 2661 1683 2721 quoque
1718 2662 1829 2720 per
1862 2643 2063 2719 Reges
2099 2643 2279 2702 intel·-

175 2745 447 2820 ligantur
479 2742 598 2818 illi,
657 2749 717 2802 et
753 2742 912 2819 quod
949 2743 1250 2804 abstracte
1287 2743 1365 2802 ab
1390 2744 1529 2803 idea
1560 2760 1984 2820 personarum,
2022 2749 2089 2802 ut
2122 2743 2187 2801 fit
2220 2744 2284 2802 in

174 2843 395 2918 Coelo,
443 2843 854 2920 intelligantur
903 2861 1053 2903 vera
1089 2863 1164 2904 ex
1197 2845 1384 2919 bono,
1435 2861 1547 2904 seu
1583 2844 1743 2922 quod
1775 2844 1965 2916 idem,
2017 2843 2167 2906 fides
2203 2861 2282 2904 ex
2392 2861 2395 2864 ’

171 2943 498 3018 charitate,
557 2946 698 3020 quia
741 2947 941 3006 nrum
980 2949 1074 3030 est
1107 2943 1246 3004 fidei
1283 2951 1342 3003 et
1368 2943 1590 3004 bonum
1618 2952 1711 3004 est
1746 2944 2077 3004 charitatis:
2120 2943 2281 3021 quod

169 3061 296 3102 non
327 3043 529 3119 Reges
575 3044 1018 3121 intelligantur,
1077 3051 1350 3104 constare
1386 3051 1589 3120 potest
1624 3045 1817 3104 solum
1854 3063 1931 3104 ex
1967 3062 2069 3119 eo,
2118 3044 2283 3122 quod

170 3144 274 3203 hic
313 3142 574 3224 dicatur,
631 3143 794 3221 quod
827 3142 1014 3204 Jesus
1053 3143 1326 3207 Christus
1364 3146 1573 3204 fecerit
1614 3163 1723 3204 nos
1758 3162 1935 3222 reges
1976 3151 2037 3204 et
2068 3161 2277 3204 sacer·-

171 3243 420 3317 dotes;·
443 3247 503 3300 et
534 3252 775 3319 postea,
831 3242 1128 3318 „Fecisti
1171 3263 1288 3304 noa
1326 3242 1475 3305 Deo
1508 3250 1723 3306 nostro
1757 3263 1938 3324 reyes
1970 3249 2031 3303 et
2064 3262 2275 3305 sacer-

169 3340 384 3416 dotes,
456 3345 519 3400 et
562 3343 970 3422 reynabimus
1031 3363 1222 3424 super
1279 3343 1597 3405 Tmam“
1656 3345 1751 3402 V:
1817 3348 1845 3403 1
1864 3347 1937 3403 0:
2008 3349 2069 3404 et
2115 3342 2279 3420 apud

167 3441 548 3502 Matthaeum
601 3441 870 3518 „Semn
921 3443 994 3503 in
1037 3461 1198 3524 aqro
1233 3443 1617 3505 seminatum
1659 3445 1811 3505 eunt
1836 3440 1979 3524 filii
2010 3441 2277 3521 Re9m·“

168 3540 348 3603 XIII:
391 3544 518 3618 383
572 3559 780 3604 semen
824 3545 954 3620 agri
1009 3551 1149 3603 sunt
1200 3561 1346 3603 vera
1396 3561 1471 3604 ex
1517 3544 1675 3605 bono
1729 3563 1766 3602 a
1809 3543 2065 3603 Domino
2116 3539 2280 3616 apud

169 3640 498 3716 hominem,
553 3643 832 3703 videatur
895 3662 961 3702 n:
1033 3645 1243 3704 3373.
1319 3646 1581 3704 10248.
1666 3645 1941 3704 102494
2020 3642 2275 3717 quisque

173 3743 354 3800 etiam
387 3743 704 3819 percipere
744 3750 980 3820 potest,
1035 3744 1196 3820 quod
1227 3743 1525 3804 Dominus
1572 3761 1691 3804 non
1726 3744 1996 3802 facturus
2032 3741 2112 3800 sit
2146 3757 2278 3798 om·-

171 3858 278 3900 nes
313 3841 451 3901 illos
469 3885 486 3917 ,
553 3842 628 3902 de
669 3843 888 3920 quibus
921 3843 1008 3902 ibi
1041 3847 1267 3921 agitur,
1325 3861 1503 3920 reges
1518 3889 1535 3919 ,
1601 3844 1711 3903 sed
1747 3843 1910 3920 quod
1942 3842 2079 3902 illos
2118 3840 2279 3901 dicat

167 3958 344 4018 reges
398 3959 474 4002 ex
518 3945 790 4018 potentia
837 3951 900 4004 et
949 3961 1024 4004 ex
1070 3944 1294 4022 gloria,
1354 3962 1509 4020 quae
1561 3943 1683 4002 illis
1734 3944 1833 4018 qui
1882 3945 1944 4002 in
1992 3943 2153 4003 veris
2202 3958 2303 4018 ex,

169 4039 326 4099 bono
373 4048 516 4101 sunt
561 4061 598 4101 a
639 4044 916 4103 Domino.
1006 4045 1097 4102 Ex
1131 4045 1224 4103 his
1259 4061 1417 4104 nunc
1452 4043 1646 4102 videri
1678 4048 1913 4118 potest,
1972 4041 2133 4121 quod
2164 4057 2279 4117 per

171 4138 398 4216 Regem
443 4145 508 4200 in
545 4142 749 4205 Verbo
784 4144 1148 4220 Prophetico
1191 4144 1563 4220 intelligatur
1595 4142 1891 4202 Dominus
1929 4140 2127 4219 quoad
2159 4141 2275 4198 Di-

173 4241 372 4298 vinum
406 4239 668 4318 Verum,
725 4249 791 4303 et
829 4261 940 4320 per
989 4261 1172 4320 reges
1211 4250 1280 4320 et,
1307 4244 1613 4320 principes
1650 4241 1737 4300 illi
1774 4244 1875 4317 qui
1908 4245 1969 4300 in
2002 4242 2165 4298 veris
2200 4255 2277 4296 ex
2380 4299 2385 4302 ,

273 4355 698 4412 Swodenborg,
741 4357 930 4412 Apocal.
963 4359 1074 4412 erpi.
1108 4360 1143 4397 1.
1904 4343 1939 4399 3
