2700 4792
419 360 532 412 ιω
653 361 674 376 ·
835 345 1324 404 APOCALYPSIS
1368 345 1800 402 expuens.
1886 345 1933 414 ς.
1978 353 2109 407 112.

419 505 732 566 Ecclesiae
775 503 1238 582 Smyrnaeorum
1254 549 1273 578 ,
1329 503 1491 580 quod
1532 505 1655 564 sint
1699 503 1789 563 illl
1834 507 1993 562 intra
2036 503 2375 565 Ecclesiam
2428 509 2525 583 qui

257 601 384 665 [9⁹]
427 606 638 666 volunt
689 604 1024 680 intelligere
1079 602 1348 664 Verbum
1404 611 1467 663 et
1522 603 1783 664 nondum
1842 603 2205 680 intelligunt,
2278 611 2342 664 et
2392 607 2523 665 inde

425 723 640 784 parum
673 707 736 764 in
781 703 1218 781 cognitionibus
1257 705 1387 764 veri
1426 710 1488 763 et
1522 703 1667 763 boni
1700 709 1864 778 sunt,
1918 721 2067 780 quas
2109 711 2312 764 tamen
2354 707 2525 766 corde

339 842 349 853 -
421 805 794 880 desiderant3
849 803 1011 880 quod
1061 803 1124 864 hi
1169 823 1280 882 per
1333 803 1633 880 Angelum
1692 803 2007 864 Ecclesiae
2066 803 2524 882 Smyrnaeorum

415 905 862 982 intelligantur,
901 910 1137 963 constat
1172 923 1246 963 ex
1291 904 1411 964 illis
1450 920 1607 980 quae
1646 903 1723 962 ad
1758 904 1927 964 illum
1962 903 2263 980 Angelum
2304 909 2523 983 scripta

419 1012 590 1081 sunt,
637 1021 794 1081 quae
819 1011 1180 1081 sequuntur3
1235 1021 1375 1063 nam
1410 1020 1531 1063 non
1559 1003 1805 1064 aliunde
1840 1004 1981 1062 sciri
2016 1010 2249 1078 potest,
2290 1009 2521 1082 quinam

419 1123 532 1184 per
565 1105 864 1181 Angelum
903 1105 1172 1182 cujusvis
1207 1104 1523 1164 Ecclesiae
1558 1102 1999 1180 intelliguntur,
2050 1121 2231 1178 quam
2270 1123 2349 1164 ex
2376 1109 2517 1165 scri-

419 1208 540 1284 ptis
585 1205 662 1264 ad
697 1204 866 1264 illum
915 1207 978 1263 in
1023 1219 1208 1264 sensu
1259 1205 1509 1264 interno.
1584 1203 1657 1262 In
1706 1203 1849 1279 illis,
1908 1219 2063 1278 quae
2106 1204 2185 1262 ad
2230 1205 2522 1282 Angelum

417 1305 760 1383 Ephesinae
813 1303 1122 1364 Ecclesiae
1141 1347 1158 1375 ,
1223 1303 1298 1364 de
1341 1321 1461 1380 quo
1509 1320 1647 1363 mox
1698 1307 1869 1380 prius
1908 1305 2136 1380 scripta
2186 1311 2365 1379 sunt,
2422 1305 2519 1364 de·

419 1407 629 1484 scripti
663 1411 830 1478 sunt,
881 1406 984 1480 qui
1022 1406 1084 1463 in
1129 1403 1563 1480 cognitionibus
1611 1406 1737 1462 veri
1793 1411 1853 1464 et
1895 1403 2035 1462 boni
2086 1409 2259 1478 sunt,
2320 1413 2383 1464 et
2416 1424 2520 1463 non

421 1506 600 1566 simul
645 1511 750 1564 aut
789 1504 1049 1563 nondum
1091 1507 1152 1564 in
1187 1507 1316 1564 vita
1348 1504 1677 1591 secundum
1718 1503 1857 1564 illas
1882 1548 1899 1578 ,
1963 1503 2060 1564 hic
2094 1521 2257 1564 nunc
2294 1505 2517 1565 descri-

417 1607 646 1666 buntur
685 1604 774 1665 illi
813 1607 918 1681 qui
955 1606 1018 1662 in
1067 1604 1503 1681 cognitionibus
1547 1605 1675 1664 veri
1732 1611 1792 1663 et
1838 1604 1981 1662 boni
2024 1610 2193 1678 sunt,
2254 1610 2319 1664 et
2354 1605 2519 1664 simul

420 1709 484 1764 in
530 1707 656 1764 vita
691 1703 1022 1764 secundum
1055 1703 1222 1780 illas;
1275 1704 1340 1763 hi
1378 1707 1583 1781 itaque
1626 1710 1767 1763 sunt
1802 1706 1906 1780 qui
1938 1705 1999 1767 in
2044 1703 2367 1764 affectione
2404 1707 2517 1764 veri

423 1823 500 1866 ex
535 1804 762 1880 origine
809 1804 1110 1880 spirituali
1155 1811 1298 1864 sunt
1315 1850 1332 1880 ,
1406 1804 1493 1864 illi
1528 1812 1729 1864 autem
1780 1807 1883 1880 qui
1922 1805 1983 1863 in
2030 1803 2351 1864 affectione
2404 1807 2518 1866 veri

423 1921 500 1964 ex
539 1903 764 1979 origine
801 1905 1090 1964 naturali:
1145 1911 1286 1964 sunt
1333 1903 1676 1964 affectiones
1720 1907 1849 1963 veri
1882 1905 1943 1962 in
1995 1921 2215 1982 genere
2254 1921 2335 1964 ex
2376 1905 2517 1964 binis

422 2001 782 2080 originibus,
837 2021 1054 2081 nempe
1103 2023 1176 2064 ex
1225 2007 1451 2081 origine
1504 2003 1769 2063 naturali
1822 2011 1883 2062 et
1923 2022 1998 2064 ex
2054 2005 2285 2080 origine
2340 2007 2513 2083 spiri·

421 2103 599 2180 ταὼς
675 2103 764 2162 illi
813 2105 916 2180 qui
967 2107 1028 2163 in
1081 2104 1396 2165 affectione
1461 2107 1592 2165 veri
1657 2123 1733 2164 ex
1794 2107 2019 2181 origine
2060 2104 2321 2163 naturali
2370 2111 2515 2179 sunt,

421 2209 704 2281 spectant
762 2206 1044 2279 primario
1100 2205 1178 2264 ad
1229 2220 1298 2264 se
1343 2211 1407 2264 ct
1457 2205 1533 2263 ad
1585 2203 1895 2279 mundum,
1968 2213 2028 2265 et
2069 2203 2208 2263 inde
2276 2212 2515 2264 natura-

421 2304 514 2364 les
561 2310 698 2364 sunt
716 2322 733 2380 3
795 2311 858 2364 at
906 2304 994 2364 illi
1043 2308 1144 2382 qui
1195 2308 1256 2364 in
1301 2305 1613 2366 affectione
1660 2307 1791 2364 veri
1840 2321 1912 2366 ex
1950 2308 2177 2382 origine
2224 2304 2517 2381 spirituali

421 2409 594 2476 sunt,
647 2411 928 2482 spectant
960 2407 1242 2480 primario
1279 2405 1357 2463 ad
1392 2406 1715 2464 Dominum
1756 2411 1815 2464 et
1851 2405 1927 2464 ad
1954 2405 2237 2474 coelum,
2296 2411 2357 2463 et
2389 2405 2517 2463 inde

421 2505 764 2582 spirituales
799 2512 967 2580 sunt3
1031 2505 1266 2564 affectio
1321 2522 1436 2565 seu
1482 2523 1649 2564 amor
1686 2505 1941 2564 hominis
1988 2505 2089 2564 vel
2138 2512 2385 2581 spectat
2414 2505 2515 2564 'de-

417 2622 620 2666 orsum
669 2606 770 2666 vel
813 2611 1052 2682 spectat
1101 2621 1370 2680 sursum,
1437 2609 1541 2682 qui
1592 2611 1831 2682 spectat
1868 2605 1945 2664 ad
1994 2622 2063 2666 se
2114 2613 2176 2664 et
2222 2605 2305 2663 ad
2350 2623 2515 2666 mun-

417 2705 588 2783 dum,
625 2707 713 2766 illi
749 2711 1028 2783 spectant
1069 2705 1383 2775 deorsum,
1436 2713 1499 2764 at
1534 2709 1635 2783 qui
1672 2712 1949 2782 spectant
1992 2707 2069 2764 ad
2104 2705 2435 2764 Dominum
2468 2711 2518 2764 ct

421 2805 500 2866 ad
545 2806 830 2880 Coelum,
891 2807 980 2865 illi
1031 2812 1313 2883 spectant
1360 2821 1599 2866 sursum
1610 2826 1627 2882 3
1688 2807 1973 2866 interiora
2016 2806 2304 2881 hominis,
2374 2821 2515 2884 quae

417 2908 634 2965 mentis
671 2906 802 2982 ejus
838 2913 1009 2980 sunt,
1057 2906 1377 2969 actualiter
1402 2913 1678 2983 spectant
1710 2906 1853 2966 illuc
1884 2925 2002 2982 quo
2044 2907 2175 2984 ejus
2212 2923 2385 2965 amor
2420 2923 2516 2965 seu

421 3005 684 3080 affectio,
735 3023 874 3066 nam
910 3023 1076 3067 amor
1111 3008 1469 3068 determinat
1502 3007 1607 3066 illa
1624 3027 1639 3082 3
1694 3015 1758 3064 et
1794 3007 1988 3083 qualis
2026 3013 2122 3066 est
2156 2995 2513 3066 determina·

417 3107 501 3165 tio
535 3107 886 3167 interiorum
910 3109 1165 3168 hominis
1203 3125 1358 3184 quae
1396 3108 1529 3185 ejus
1564 3099 1781 3166 mentis
1818 3094 1972 3182 suna
2012 3107 2151 3166 talis
2176 3107 2359 3166 homo
2383 3109 2513 3183 post

417 3213 666 3266 mortem
721 3215 924 3268 manet
971 3210 1033 3265 in
1081 3214 1423 3266 aeternum:
1477 3213 1755 3284 spectare
1802 3208 2083 3267 deorsum
2128 3214 2233 3266 aut
2282 3215 2510 3266 sursum

419 3311 515 3366 est
559 3326 634 3368 ex
671 3326 872 3368 amore
922 3323 1032 3382 per
1074 3306 1474 3382 intellectum,
1534 3310 1619 3366 ita
1674 3325 1785 3384 per
1818 3308 1923 3366 illa
1966 3325 2123 3385 quae
2170 3307 2431 3364 formant
2462 3309 2513 3363 et

418 3407 646 3468 faciunt
679 3407 1068 3480 intellectum,
1109 3423 1264 3482 quae
1301 3414 1443 3466 sunt
1477 3409 1843 3484 cognitiones
1879 3409 2010 3467 veri
2038 3415 2098 3467 et
2130 3407 2290 3465 boni.
2350 3402 2511 3483 Quod

415 3507 490 3567 de
536 3509 655 3567 illis
709 3509 868 3565 intra
919 3505 1285 3582 Ecclesiam,
1347 3511 1449 3583 qui
1496 3511 1557 3566 in
1604 3507 2040 3585 cognitionibus
2089 3508 2219 3570 veri
2268 3515 2333 3565 et
2388 3504 2513 3565 boni

415 3613 584 3682 sunt,
642 3611 702 3666 et
735 3623 854 3663 non
889 3605 1066 3664 simul
1105 3613 1210 3664 aut
1246 3608 1506 3666 nondum
1556 3611 1617 3666 in
1664 3611 1791 3667 vita
1830 3607 2160 3667 secundum
2214 3606 2385 3678 illas,
2437 3608 2511 3663 ita

413 3708 492 3767 de
527 3707 646 3766 illis
691 3706 793 3781 qui
839 3705 900 3762 in
950 3705 1264 3766 affectione
1313 3710 1445 3766 veri
1494 3725 1570 3767 ex
1624 3709 1853 3784 origine
1902 3707 2162 3767 naturali
2216 3711 2391 3779 sunt,
2446 3701 2513 3762 ad

411 3805 716 3882 Angelum
749 3804 1090 3880 Ephesinae
1127 3807 1443 3867 Ecclesiae
1479 3810 1771 3884 scriptum
1814 3810 1918 3881 sit,
1984 3815 2045 3868 et
2082 3823 2241 3865 nunc
2277 3805 2356 3863 ad
2390 3805 2509 3864 An-

411 3905 615 3982 gelum
648 3904 957 3966 Ecclesiae
998 3906 1463 3984 Smyrnaeorum
1520 3908 1594 3967 de
1644 3907 1767 3967 illis
1818 3911 1919 3984 qui
1970 3911 2031 3967 in
2086 3904 2511 3983 cognitionibus

410 4005 544 4063 veri
591 4011 652 4064 et
702 4005 844 4066 boni
885 4014 1024 4066 sunt
1079 4014 1141 4066 et
1193 4006 1373 4066 simul
1422 4010 1483 4066 in
1528 4010 1655 4068 vita
1698 4009 2030 4068 secundum
2078 4006 2250 4080 illas,
2317 4007 2404 4064 ita
2446 4002 2511 4062 de

409 4103 530 4166 illis
567 4109 669 4184 qui
703 4109 764 4166 in
793 4106 1108 4169 affectione
1143 4110 1274 4166 veri
1311 4124 1388 4166 ex
1428 4110 1652 4184 origine
1690 4107 1993 4184 spirituali
2018 4113 2173 4182 sunt,
2216 4112 2313 4166 est
2338 4117 2511 4165 causa

411 4207 553 4284 quia
591 4207 738 4268 illud
791 4209 1051 4284 primum
1099 4206 1411 4265 Ecclesiae
1466 4213 1587 4275 est,
1651 4213 1709 4264 ct
1760 4207 1877 4266 hoc
1930 4205 2288 4277 secundum,
2351 4217 2511 4262 nemo
