<?xml version="1.0" encoding="UTF-8"?>
<!DOCTYPE html PUBLIC "-//W3C//DTD XHTML 1.0 Transitional//EN"
    "http://www.w3.org/TR/xhtml1/DTD/xhtml1-transitional.dtd">
<html xmlns="http://www.w3.org/1999/xhtml" xml:lang="en" lang="en">
 <head>
  <title>
</title>
<meta http-equiv="Content-Type" content="text/html;charset=utf-8" />
  <meta name='ocr-system' content='tesseract 3.04.00' />
  <meta name='ocr-capabilities' content='ocr_page ocr_carea ocr_par ocr_line ocrx_word'/>
</head>
<body>
  <div class='ocr_page' id='page_1' title='image "./apocalypsisexpl01unkngoog_0384.png"; bbox 0 0 2700 4792; ppageno 0'>
   <div class='ocr_carea' id='block_1_1' title="bbox 453 335 2133 406">
    <p class='ocr_par' dir='ltr' id='par_1_1' title="bbox 453 335 2133 406">
     <span class='ocr_line' id='line_1_1' title="bbox 453 335 2133 406; baseline -0.001 -14"><span class='ocrx_word' id='word_1_1' title='bbox 453 349 560 400; x_wconf 75' lang='lat'><strong>580</strong></span> <span class='ocrx_word' id='word_1_2' title='bbox 891 337 1385 394; x_wconf 77' lang='lat' dir='ltr'>APOCALYPSIS</span> <span class='ocrx_word' id='word_1_3' title='bbox 1428 335 1860 395; x_wconf 76' lang='lat' dir='ltr'>EXPLICATA.</span> <span class='ocrx_word' id='word_1_4' title='bbox 1919 337 1966 406; x_wconf 77' lang='lat'><strong>§.</strong></span> <span class='ocrx_word' id='word_1_5' title='bbox 2006 347 2133 400; x_wconf 78' lang='lat'><strong>238.</strong></span> 
     </span>
    </p>
   </div>
   <div class='ocr_carea' id='block_1_2' title="bbox 243 493 2533 4284">
    <p class='ocr_par' dir='ltr' id='par_1_2' title="bbox 243 493 2533 4284">
     <span class='ocr_line' id='line_1_2' title="bbox 447 493 2527 574; baseline -0 -16"><span class='ocrx_word' id='word_1_6' title='bbox 447 513 548 558; x_wconf 77' lang='lat' dir='ltr'><strong>ros</strong></span> <span class='ocrx_word' id='word_1_7' title='bbox 583 493 672 556; x_wconf 88' lang='lat' dir='ltr'><strong>illi</strong></span> <span class='ocrx_word' id='word_1_8' title='bbox 707 497 810 573; x_wconf 86' lang='lat' dir='ltr'><strong>qui</strong></span> <span class='ocrx_word' id='word_1_9' title='bbox 843 513 962 556; x_wconf 88' lang='lat' dir='ltr'><strong>non</strong></span> <span class='ocrx_word' id='word_1_10' title='bbox 990 498 1052 556; x_wconf 88' lang='lat' dir='ltr'><strong>in</strong></span> <span class='ocrx_word' id='word_1_11' title='bbox 1077 499 1238 556; x_wconf 79' lang='lat' dir='ltr'><strong>veris</strong></span> <span class='ocrx_word' id='word_1_12' title='bbox 1275 503 1417 557; x_wconf 77' lang='lat' dir='ltr'><strong>sunt</strong></span> <span class='ocrx_word' id='word_1_13' title='bbox 1444 499 1587 574; x_wconf 78' lang='lat' dir='ltr'><strong>quia</strong></span> <span class='ocrx_word' id='word_1_14' title='bbox 1618 514 1737 556; x_wconf 86' lang='lat' dir='ltr'><strong>non</strong></span> <span class='ocrx_word' id='word_1_15' title='bbox 1770 499 1833 554; x_wconf 86' lang='lat' dir='ltr'><strong>in</strong></span> <span class='ocrx_word' id='word_1_16' title='bbox 1869 495 2299 573; x_wconf 82' lang='lat' dir='ltr'><strong>cognitionibus</strong></span> <span class='ocrx_word' id='word_1_17' title='bbox 2326 513 2527 572; x_wconf 86' lang='lat' dir='ltr'><strong>eorum,</strong></span> 
     </span>
     <span class='ocr_line' id='line_1_3' title="bbox 451 597 2528 674; baseline 0 -18"><span class='ocrx_word' id='word_1_18' title='bbox 451 603 512 656; x_wconf 91' lang='lat' dir='ltr'><strong>et</strong></span> <span class='ocrx_word' id='word_1_19' title='bbox 543 612 656 673; x_wconf 88' lang='lat' dir='ltr'><strong>per</strong></span> <span class='ocrx_word' id='word_1_20' title='bbox 690 613 994 674; x_wconf 85' lang='lat' dir='ltr'><strong>pauperes</strong></span> <span class='ocrx_word' id='word_1_21' title='bbox 1028 597 1117 654; x_wconf 86' lang='lat' dir='ltr'><strong>illi</strong></span> <span class='ocrx_word' id='word_1_22' title='bbox 1153 600 1253 673; x_wconf 89' lang='lat' dir='ltr'><strong>qui</strong></span> <span class='ocrx_word' id='word_1_23' title='bbox 1289 615 1408 656; x_wconf 89' lang='lat' dir='ltr'><strong>non</strong></span> <span class='ocrx_word' id='word_1_24' title='bbox 1442 599 1505 656; x_wconf 89' lang='lat' dir='ltr'><strong>in</strong></span> <span class='ocrx_word' id='word_1_25' title='bbox 1537 597 1711 656; x_wconf 84' lang='lat' dir='ltr'><strong>bonis</strong></span> <span class='ocrx_word' id='word_1_26' title='bbox 1747 603 1885 656; x_wconf 81' lang='lat' dir='ltr'><strong>sunt</strong></span> <span class='ocrx_word' id='word_1_27' title='bbox 1934 599 2075 674; x_wconf 85' lang='lat' dir='ltr'><strong>quia</strong></span> <span class='ocrx_word' id='word_1_28' title='bbox 2108 613 2223 655; x_wconf 88' lang='lat' dir='ltr'><strong>non</strong></span> <span class='ocrx_word' id='word_1_29' title='bbox 2254 598 2313 654; x_wconf 85' lang='lat' dir='ltr'><strong>in</strong></span> <span class='ocrx_word' id='word_1_30' title='bbox 2346 599 2528 674; x_wconf 84' lang='lat' dir='ltr'><strong>cogni-</strong></span> 
     </span>
     <span class='ocr_line' id='line_1_4' title="bbox 447 696 2530 775; baseline 0 -19"><span class='ocrx_word' id='word_1_31' title='bbox 447 696 706 756; x_wconf 80' lang='lat' dir='ltr'>tionibus</span> <span class='ocrx_word' id='word_1_32' title='bbox 743 713 977 773; x_wconf 86' lang='lat' dir='ltr'><strong>eorum3</strong></span> <span class='ocrx_word' id='word_1_33' title='bbox 1031 699 1175 774; x_wconf 82' lang='lat' dir='ltr'><strong>quia</strong></span> <span class='ocrx_word' id='word_1_34' title='bbox 1209 698 1328 758; x_wconf 88' lang='lat' dir='ltr'><strong>duo</strong></span> <span class='ocrx_word' id='word_1_35' title='bbox 1362 697 1469 757; x_wconf 84' lang='lat' dir='ltr'><strong>illa</strong></span> <span class='ocrx_word' id='word_1_36' title='bbox 1498 715 1717 775; x_wconf 80' lang='lat' dir='ltr'><strong>nempe</strong></span> <span class='ocrx_word' id='word_1_37' title='bbox 1744 715 1893 758; x_wconf 83' lang='lat' dir='ltr'><strong>vera</strong></span> <span class='ocrx_word' id='word_1_38' title='bbox 1926 704 1991 757; x_wconf 88' lang='lat' dir='ltr'><strong>et</strong></span> <span class='ocrx_word' id='word_1_39' title='bbox 2023 697 2184 756; x_wconf 88' lang='lat' dir='ltr'><strong>bona</strong></span> <span class='ocrx_word' id='word_1_40' title='bbox 2214 697 2530 774; x_wconf 85' lang='lat' dir='ltr'><strong>intelligun-</strong></span> 
     </span>
     <span class='ocr_line' id='line_1_5' title="bbox 445 797 2531 874; baseline 0 -19"><span class='ocrx_word' id='word_1_41' title='bbox 445 803 545 856; x_wconf 86' lang='lat' dir='ltr'><strong>tur</strong></span> <span class='ocrx_word' id='word_1_42' title='bbox 568 813 682 872; x_wconf 87' lang='lat' dir='ltr'><strong>per</strong></span> <span class='ocrx_word' id='word_1_43' title='bbox 707 797 824 856; x_wconf 88' lang='lat' dir='ltr'><strong>duo</strong></span> <span class='ocrx_word' id='word_1_44' title='bbox 858 797 966 856; x_wconf 80' lang='lat' dir='ltr'><strong>illa</strong></span> <span class='ocrx_word' id='word_1_45' title='bbox 998 801 1252 873; x_wconf 82' lang='lat' dir='ltr'><strong>nomina,</strong></span> <span class='ocrx_word' id='word_1_46' title='bbox 1289 798 1427 858; x_wconf 85' lang='lat' dir='ltr'><strong>ideo</strong></span> <span class='ocrx_word' id='word_1_47' title='bbox 1460 801 1522 858; x_wconf 86' lang='lat' dir='ltr'><strong>in</strong></span> <span class='ocrx_word' id='word_1_48' title='bbox 1556 797 1759 857; x_wconf 78' lang='lat' dir='ltr'><strong>multis</strong></span> <span class='ocrx_word' id='word_1_49' title='bbox 1782 797 1933 858; x_wconf 78' lang='lat' dir='ltr'><strong>loeis</strong></span> <span class='ocrx_word' id='word_1_50' title='bbox 1970 804 2291 874; x_wconf 87' lang='lat' dir='ltr'><strong>utrumque</strong></span> <span class='ocrx_word' id='word_1_51' title='bbox 2316 797 2531 871; x_wconf 78' lang='lat' dir='ltr'><strong>dicitur3</strong></span> 
     </span>
     <span class='ocr_line' id='line_1_6' title="bbox 445 895 2527 978; baseline 0 -22"><span class='ocrx_word' id='word_1_52' title='bbox 445 903 514 956; x_wconf 88' lang='lat' dir='ltr'><strong>ut</strong></span> <span class='ocrx_word' id='word_1_53' title='bbox 545 899 608 956; x_wconf 86' lang='lat' dir='ltr'><strong>in</strong></span> <span class='ocrx_word' id='word_1_54' title='bbox 641 897 1057 973; x_wconf 77' lang='lat' dir='ltr'><strong>sequentibus:</strong></span> <span class='ocrx_word' id='word_1_55' title='bbox 1121 899 1284 976; x_wconf 85' lang='lat' dir='ltr'><strong>apud</strong></span> <span class='ocrx_word' id='word_1_56' title='bbox 1332 898 1633 958; x_wconf 81' lang='lat' dir='ltr'><strong>Davidem</strong></span> <span class='ocrx_word' id='word_1_57' title='bbox 1687 941 1726 974; x_wconf 85' lang='lat'><strong>‚,</strong></span> <span class='ocrx_word' id='word_1_58' title='bbox 1746 895 1899 978; x_wconf 70' lang='lat' dir='ltr'><strong>Eyo</strong></span> <span class='ocrx_word' id='word_1_59' title='bbox 1936 896 2152 958; x_wconf 70' lang='lat' dir='ltr'><strong>mser</strong></span> <span class='ocrx_word' id='word_1_60' title='bbox 2186 903 2247 958; x_wconf 87' lang='lat' dir='ltr'><strong>et</strong></span> <span class='ocrx_word' id='word_1_61' title='bbox 2280 895 2527 976; x_wconf 74' lang='lat' dir='ltr'><strong>Pauper,</strong></span> 
     </span>
     <span class='ocr_line' id='line_1_7' title="bbox 443 995 2529 1060; baseline -0.001 -2"><span class='ocrx_word' id='word_1_62' title='bbox 443 995 732 1058; x_wconf 71' lang='lat' dir='ltr'><strong>Domine</strong></span> <span class='ocrx_word' id='word_1_63' title='bbox 763 1003 1064 1060; x_wconf 82' lang='lat' dir='ltr'><strong>memento</strong></span> <span class='ocrx_word' id='word_1_64' title='bbox 1098 998 1278 1060; x_wconf 86' lang='lat' dir='ltr'><strong>mei“</strong></span> <span class='ocrx_word' id='word_1_65' title='bbox 1341 999 1579 1060; x_wconf 77' lang='lat' dir='ltr'><strong>Psalm:</strong></span> <span class='ocrx_word' id='word_1_66' title='bbox 1606 999 1756 1060; x_wconf 87' lang='lat' dir='ltr'>XL:</span> <span class='ocrx_word' id='word_1_67' title='bbox 1795 1000 1905 1059; x_wconf 88' lang='lat'><strong>18.</strong></span> <span class='ocrx_word' id='word_1_68' title='bbox 1940 997 2187 1058; x_wconf 80' lang='lat' dir='ltr'><strong>Psalm:</strong></span> <span class='ocrx_word' id='word_1_69' title='bbox 2240 997 2437 1056; x_wconf 88' lang='lat' dir='ltr'>LXX:</span> <span class='ocrx_word' id='word_1_70' title='bbox 2468 1000 2529 1056; x_wconf 84' lang='lat'><strong>6:</strong></span> 
     </span>
     <span class='ocr_line' id='line_1_8' title="bbox 447 1095 2529 1177; baseline -0 -21"><span class='ocrx_word' id='word_1_71' title='bbox 447 1097 612 1175; x_wconf 83' lang='lat' dir='ltr'><strong>apud</strong></span> <span class='ocrx_word' id='word_1_72' title='bbox 645 1097 920 1158; x_wconf 87' lang='lat' dir='ltr'><strong>Eundem</strong></span> <span class='ocrx_word' id='word_1_73' title='bbox 984 1144 1021 1174; x_wconf 85' lang='lat'><em>„</em></span> <span class='ocrx_word' id='word_1_74' title='bbox 1045 1096 1302 1160; x_wconf 77' lang='lat' dir='ltr'><strong>Inclina</strong></span> <span class='ocrx_word' id='word_1_75' title='bbox 1332 1097 1620 1160; x_wconf 73' lang='lat' dir='ltr'><strong>Jehovak</strong></span> <span class='ocrx_word' id='word_1_76' title='bbox 1656 1118 1877 1160; x_wconf 78' lang='lat' dir='ltr'><strong>aurem</strong></span> <span class='ocrx_word' id='word_1_77' title='bbox 1920 1103 2107 1160; x_wconf 79' lang='lat' dir='ltr'><strong>tuam</strong></span> <span class='ocrx_word' id='word_1_78' title='bbox 2142 1104 2204 1158; x_wconf 84' lang='lat' dir='ltr'><strong>et</strong></span> <span class='ocrx_word' id='word_1_79' title='bbox 2240 1095 2529 1177; x_wconf 74' lang='lat' dir='ltr'><strong>responde,</strong></span> 
     </span>
     <span class='ocr_line' id='line_1_9' title="bbox 443 1196 2533 1279; baseline -0.002 -21"><span class='ocrx_word' id='word_1_80' title='bbox 443 1197 599 1277; x_wconf 77' lang='lat' dir='ltr'><strong>quia</strong></span> <span class='ocrx_word' id='word_1_81' title='bbox 623 1196 832 1259; x_wconf 68' lang='lat' dir='ltr'><strong>Miser</strong></span> <span class='ocrx_word' id='word_1_82' title='bbox 872 1204 932 1260; x_wconf 87' lang='lat' dir='ltr'><strong>et</strong></span> <span class='ocrx_word' id='word_1_83' title='bbox 963 1197 1228 1278; x_wconf 77' lang='lat' dir='ltr'><strong>Pauper</strong></span> <span class='ocrx_word' id='word_1_84' title='bbox 1246 1202 1410 1279; x_wconf 79' lang='lat' dir='ltr'><strong>e90“</strong></span> <span class='ocrx_word' id='word_1_85' title='bbox 1446 1200 1681 1260; x_wconf 83' lang='lat' dir='ltr'><strong>Psalm:</strong></span> <span class='ocrx_word' id='word_1_86' title='bbox 1724 1199 2092 1260; x_wconf 87' lang='lat' dir='ltr'>LXXXVI:</span> <span class='ocrx_word' id='word_1_87' title='bbox 2141 1203 2212 1274; x_wconf 87' lang='lat'><strong>13</strong></span> <span class='ocrx_word' id='word_1_88' title='bbox 2268 1198 2419 1276; x_wconf 89' lang='lat' dir='ltr'><strong>quod</strong></span> <span class='ocrx_word' id='word_1_89' title='bbox 2438 1213 2533 1273; x_wconf 81' lang='lat' dir='ltr'><strong>per</strong></span> 
     </span>
     <span class='ocr_line' id='line_1_10' title="bbox 445 1295 2531 1377; baseline -0.002 -19"><span class='ocrx_word' id='word_1_90' title='bbox 445 1301 730 1358; x_wconf 86' lang='lat' dir='ltr'><strong>miserum</strong></span> <span class='ocrx_word' id='word_1_91' title='bbox 754 1305 814 1357; x_wconf 86' lang='lat' dir='ltr'><strong>et</strong></span> <span class='ocrx_word' id='word_1_92' title='bbox 839 1317 1172 1376; x_wconf 79' lang='lat' dir='ltr'><strong>pauperem</strong></span> <span class='ocrx_word' id='word_1_93' title='bbox 1199 1317 1320 1358; x_wconf 88' lang='lat' dir='ltr'><strong>non</strong></span> <span class='ocrx_word' id='word_1_94' title='bbox 1345 1299 1753 1377; x_wconf 79' lang='lat' dir='ltr'><strong>intelligantur</strong></span> <span class='ocrx_word' id='word_1_95' title='bbox 1780 1302 1965 1360; x_wconf 79' lang='lat' dir='ltr'><strong>miser</strong></span> <span class='ocrx_word' id='word_1_96' title='bbox 1998 1306 2061 1357; x_wconf 83' lang='lat' dir='ltr'><strong>et</strong></span> <span class='ocrx_word' id='word_1_97' title='bbox 2084 1317 2334 1377; x_wconf 84' lang='lat' dir='ltr'><strong>pauper,</strong></span> <span class='ocrx_word' id='word_1_98' title='bbox 2362 1295 2531 1374; x_wconf 79' lang='lat' dir='ltr'><strong>quoad</strong></span> 
     </span>
     <span class='ocr_line' id='line_1_11' title="bbox 445 1399 2527 1477; baseline -0.002 -19"><span class='ocrx_word' id='word_1_99' title='bbox 445 1399 684 1458; x_wconf 80' lang='lat' dir='ltr'><strong>divitias</strong></span> <span class='ocrx_word' id='word_1_100' title='bbox 745 1399 1076 1460; x_wconf 77' lang='lat' dir='ltr'><strong>mundanas</strong></span> <span class='ocrx_word' id='word_1_101' title='bbox 1092 1443 1111 1470; x_wconf 91' lang='lat'>,</span> <span class='ocrx_word' id='word_1_102' title='bbox 1176 1401 1286 1460; x_wconf 84' lang='lat' dir='ltr'><strong>sed</strong></span> <span class='ocrx_word' id='word_1_103' title='bbox 1355 1401 1555 1477; x_wconf 84' lang='lat' dir='ltr'><strong>quoad</strong></span> <span class='ocrx_word' id='word_1_104' title='bbox 1616 1401 1855 1460; x_wconf 83' lang='lat' dir='ltr'><strong>divitias</strong></span> <span class='ocrx_word' id='word_1_105' title='bbox 1910 1399 2267 1477; x_wconf 77' lang='lat' dir='ltr'><strong>spirituales</strong></span> <span class='ocrx_word' id='word_1_106' title='bbox 2283 1443 2298 1471; x_wconf 93' lang='lat'>,</span> <span class='ocrx_word' id='word_1_107' title='bbox 2368 1403 2527 1474; x_wconf 87' lang='lat' dir='ltr'><strong>patet,</strong></span> 
     </span>
     <span class='ocr_line' id='line_1_12' title="bbox 445 1495 2531 1578; baseline -0.003 -18"><span class='ocrx_word' id='word_1_108' title='bbox 445 1502 724 1578; x_wconf 76' lang='lat' dir='ltr'><strong>quoniam</strong></span> <span class='ocrx_word' id='word_1_109' title='bbox 749 1499 946 1560; x_wconf 84' lang='lat' dir='ltr'><strong>David</strong></span> <span class='ocrx_word' id='word_1_110' title='bbox 975 1500 1048 1559; x_wconf 87' lang='lat' dir='ltr'><strong>de</strong></span> <span class='ocrx_word' id='word_1_111' title='bbox 1075 1516 1144 1560; x_wconf 76' lang='lat' dir='ltr'><strong>se</strong></span> <span class='ocrx_word' id='word_1_112' title='bbox 1169 1501 1286 1558; x_wconf 88' lang='lat' dir='ltr'><strong>hoc</strong></span> <span class='ocrx_word' id='word_1_113' title='bbox 1309 1501 1590 1576; x_wconf 88' lang='lat' dir='ltr'><strong>loquitur,</strong></span> <span class='ocrx_word' id='word_1_114' title='bbox 1632 1517 1817 1577; x_wconf 83' lang='lat' dir='ltr'><strong>quare</strong></span> <span class='ocrx_word' id='word_1_115' title='bbox 1856 1503 2039 1560; x_wconf 86' lang='lat' dir='ltr'><strong>etiam</strong></span> <span class='ocrx_word' id='word_1_116' title='bbox 2081 1501 2247 1574; x_wconf 84' lang='lat' dir='ltr'><strong>dixit,</strong></span> <span class='ocrx_word' id='word_1_117' title='bbox 2285 1498 2325 1558; x_wconf 87' lang='lat' dir='ltr'>J</span> <span class='ocrx_word' id='word_1_118' title='bbox 2328 1495 2531 1557; x_wconf 79' lang='lat' dir='ltr'><strong>ehovah</strong></span> 
     </span>
     <span class='ocr_line' id='line_1_13' title="bbox 441 1595 2529 1678; baseline -0.003 -19"><span class='ocrx_word' id='word_1_119' title='bbox 441 1599 664 1659; x_wconf 83' lang='lat' dir='ltr'><strong>inclina</strong></span> <span class='ocrx_word' id='word_1_120' title='bbox 689 1617 894 1660; x_wconf 79' lang='lat' dir='ltr'><strong>aurem</strong></span> <span class='ocrx_word' id='word_1_121' title='bbox 935 1607 994 1660; x_wconf 91' lang='lat' dir='ltr'><strong>et</strong></span> <span class='ocrx_word' id='word_1_122' title='bbox 1021 1601 1339 1677; x_wconf 82' lang='lat' dir='ltr'><strong>responde.</strong></span> <span class='ocrx_word' id='word_1_123' title='bbox 1392 1601 1576 1678; x_wconf 88' lang='lat' dir='ltr'><strong>Apud</strong></span> <span class='ocrx_word' id='word_1_124' title='bbox 1600 1601 1869 1660; x_wconf 82' lang='lat' dir='ltr'><strong>Eundem</strong></span> <span class='ocrx_word' id='word_1_125' title='bbox 1902 1597 2279 1676; x_wconf 76' lang='lat' dir='ltr'><strong>„Gladium</strong></span> <span class='ocrx_word' id='word_1_126' title='bbox 2310 1595 2529 1658; x_wconf 75' lang='lat' dir='ltr'><strong>nudant</strong></span> 
     </span>
     <span class='ocr_line' id='line_1_14' title="bbox 443 1697 2533 1784; baseline -0.002 -26"><span class='ocrx_word' id='word_1_127' title='bbox 443 1699 650 1778; x_wconf 78' lang='lat' dir='ltr'><strong>impii,</strong></span> <span class='ocrx_word' id='word_1_128' title='bbox 687 1705 748 1760; x_wconf 89' lang='lat' dir='ltr'><strong>et</strong></span> <span class='ocrx_word' id='word_1_129' title='bbox 773 1700 1038 1762; x_wconf 76' lang='lat' dir='ltr'><strong>tendunt</strong></span> <span class='ocrx_word' id='word_1_130' title='bbox 1071 1719 1294 1761; x_wconf 78' lang='lat' dir='ltr'><strong>areum</strong></span> <span class='ocrx_word' id='word_1_131' title='bbox 1327 1720 1521 1762; x_wconf 75' lang='lat' dir='ltr'><strong>ouum</strong></span> <span class='ocrx_word' id='word_1_132' title='bbox 1532 1746 1548 1775; x_wconf 86' lang='lat'><strong><em>,</em></strong></span> <span class='ocrx_word' id='word_1_133' title='bbox 1588 1699 1678 1760; x_wconf 84' lang='lat' dir='ltr'><strong>ad</strong></span> <span class='ocrx_word' id='word_1_134' title='bbox 1704 1699 2133 1784; x_wconf 73' lang='lat' dir='ltr'><strong>dejicimdum</strong></span> <span class='ocrx_word' id='word_1_135' title='bbox 2156 1698 2456 1760; x_wconf 72' lang='lat' dir='ltr'><strong>Miserum</strong></span> <span class='ocrx_word' id='word_1_136' title='bbox 2484 1697 2533 1752; x_wconf 80' lang='lat' dir='ltr'><strong>et</strong></span> 
     </span>
     <span class='ocr_line' id='line_1_15' title="bbox 441 1797 2529 1878; baseline -0.003 -20"><span class='ocrx_word' id='word_1_137' title='bbox 441 1797 800 1877; x_wconf 69' lang='lat' dir='ltr'><strong>Pauper-m</strong></span> <span class='ocrx_word' id='word_1_138' title='bbox 823 1802 858 1832; x_wconf 84' lang='lat'>“</span> <span class='ocrx_word' id='word_1_139' title='bbox 922 1801 1157 1860; x_wconf 84' lang='lat' dir='ltr'><strong>Psalm:</strong></span> <span class='ocrx_word' id='word_1_140' title='bbox 1203 1801 1544 1861; x_wconf 88' lang='lat' dir='ltr'>XXXVII:</span> <span class='ocrx_word' id='word_1_141' title='bbox 1603 1805 1689 1860; x_wconf 87' lang='lat'><strong>14</strong></span> <span class='ocrx_word' id='word_1_142' title='bbox 1708 1822 1725 1877; x_wconf 83' lang='lat'><em>3</em></span> <span class='ocrx_word' id='word_1_143' title='bbox 1794 1801 1955 1878; x_wconf 89' lang='lat' dir='ltr'><strong>quod</strong></span> <span class='ocrx_word' id='word_1_144' title='bbox 2004 1818 2121 1878; x_wconf 89' lang='lat' dir='ltr'><strong>per</strong></span> <span class='ocrx_word' id='word_1_145' title='bbox 2168 1803 2436 1858; x_wconf 83' lang='lat' dir='ltr'><strong>miserum</strong></span> <span class='ocrx_word' id='word_1_146' title='bbox 2481 1799 2529 1852; x_wconf 84' lang='lat' dir='ltr'><strong>et</strong></span> 
     </span>
     <span class='ocr_line' id='line_1_16' title="bbox 445 1900 2529 1979; baseline -0.001 -23"><span class='ocrx_word' id='word_1_147' title='bbox 445 1915 778 1976; x_wconf 81' lang='lat' dir='ltr'><strong>pauperem</strong></span> <span class='ocrx_word' id='word_1_148' title='bbox 819 1904 996 1960; x_wconf 85' lang='lat' dir='ltr'><strong>etiam</strong></span> <span class='ocrx_word' id='word_1_149' title='bbox 1032 1901 1130 1960; x_wconf 85' lang='lat' dir='ltr'><strong>hic</strong></span> <span class='ocrx_word' id='word_1_150' title='bbox 1163 1901 1589 1979; x_wconf 76' lang='lat' dir='ltr'><strong>intelligantur,</strong></span> <span class='ocrx_word' id='word_1_151' title='bbox 1646 1904 1749 1978; x_wconf 87' lang='lat' dir='ltr'><strong>qui</strong></span> <span class='ocrx_word' id='word_1_152' title='bbox 1782 1901 2181 1978; x_wconf 82' lang='lat' dir='ltr'><strong>spiritualiter</strong></span> <span class='ocrx_word' id='word_1_153' title='bbox 2212 1900 2364 1958; x_wconf 80' lang='lat' dir='ltr'><strong>tales</strong></span> <span class='ocrx_word' id='word_1_154' title='bbox 2396 1901 2529 1968; x_wconf 83' lang='lat' dir='ltr'><strong>sunt,</strong></span> 
     </span>
     <span class='ocr_line' id='line_1_17' title="bbox 446 1996 2531 2079; baseline -0.001 -22"><span class='ocrx_word' id='word_1_155' title='bbox 446 1999 558 2058; x_wconf 78' lang='lat' dir='ltr'><strong>sed</strong></span> <span class='ocrx_word' id='word_1_156' title='bbox 583 2015 780 2076; x_wconf 80' lang='lat' dir='ltr'><strong>usque</strong></span> <span class='ocrx_word' id='word_1_157' title='bbox 809 1999 1152 2062; x_wconf 81' lang='lat' dir='ltr'><strong>desiderant</strong></span> <span class='ocrx_word' id='word_1_158' title='bbox 1185 2004 1551 2078; x_wconf 78' lang='lat' dir='ltr'><strong>cognitiones</strong></span> <span class='ocrx_word' id='word_1_159' title='bbox 1578 2004 1708 2062; x_wconf 86' lang='lat' dir='ltr'><strong>veri</strong></span> <span class='ocrx_word' id='word_1_160' title='bbox 1737 2008 1797 2062; x_wconf 85' lang='lat' dir='ltr'><strong>et</strong></span> <span class='ocrx_word' id='word_1_161' title='bbox 1820 2003 1978 2077; x_wconf 86' lang='lat' dir='ltr'><strong>boni,</strong></span> <span class='ocrx_word' id='word_1_162' title='bbox 2016 2008 2209 2079; x_wconf 83' lang='lat' dir='ltr'><strong>patet,</strong></span> <span class='ocrx_word' id='word_1_163' title='bbox 2244 2017 2377 2058; x_wconf 85' lang='lat' dir='ltr'><strong>nam</strong></span> <span class='ocrx_word' id='word_1_164' title='bbox 2406 1996 2531 2054; x_wconf 86' lang='lat' dir='ltr'><strong>dici-</strong></span> 
     </span>
     <span class='ocr_line' id='line_1_18' title="bbox 313 2096 2532 2186; baseline -0.001 -28"><span class='ocrx_word' id='word_1_165' title='bbox 313 2172 328 2186; x_wconf 49' lang='lat'><strong>·</strong></span> <span class='ocrx_word' id='word_1_166' title='bbox 443 2105 545 2158; x_wconf 90' lang='lat' dir='ltr'><strong>tur</strong></span> <span class='ocrx_word' id='word_1_167' title='bbox 569 2099 730 2175; x_wconf 87' lang='lat' dir='ltr'><strong>quod</strong></span> <span class='ocrx_word' id='word_1_168' title='bbox 751 2102 920 2179; x_wconf 88' lang='lat' dir='ltr'><strong>impii</strong></span> <span class='ocrx_word' id='word_1_169' title='bbox 969 2103 1196 2161; x_wconf 89' lang='lat' dir='ltr'><strong>nudent</strong></span> <span class='ocrx_word' id='word_1_170' title='bbox 1221 2102 1486 2178; x_wconf 86' lang='lat' dir='ltr'><strong>gladium</strong></span> <span class='ocrx_word' id='word_1_171' title='bbox 1524 2111 1584 2162; x_wconf 92' lang='lat' dir='ltr'><strong>et</strong></span> <span class='ocrx_word' id='word_1_172' title='bbox 1616 2102 1865 2162; x_wconf 87' lang='lat' dir='ltr'><strong>tendant</strong></span> <span class='ocrx_word' id='word_1_173' title='bbox 1894 2119 2123 2174; x_wconf 85' lang='lat' dir='ltr'><strong>arcum,</strong></span> <span class='ocrx_word' id='word_1_174' title='bbox 2159 2119 2271 2178; x_wconf 88' lang='lat' dir='ltr'><strong>per</strong></span> <span class='ocrx_word' id='word_1_175' title='bbox 2304 2096 2532 2176; x_wconf 84' lang='lat' dir='ltr'><strong>gladium</strong></span> 
     </span>
     <span class='ocr_line' id='line_1_19' title="bbox 447 2199 2527 2282; baseline -0.003 -22"><span class='ocrx_word' id='word_1_176' title='bbox 447 2199 606 2260; x_wconf 83' lang='lat' dir='ltr'><strong>enim</strong></span> <span class='ocrx_word' id='word_1_177' title='bbox 653 2201 1027 2278; x_wconf 79' lang='lat' dir='ltr'><strong>significatur</strong></span> <span class='ocrx_word' id='word_1_178' title='bbox 1088 2201 1306 2262; x_wconf 77' lang='lat' dir='ltr'><strong>salsum</strong></span> <span class='ocrx_word' id='word_1_179' title='bbox 1365 2219 1641 2282; x_wconf 79' lang='lat' dir='ltr'><strong>pugnans</strong></span> <span class='ocrx_word' id='word_1_180' title='bbox 1701 2210 1908 2263; x_wconf 86' lang='lat' dir='ltr'><strong>contra</strong></span> <span class='ocrx_word' id='word_1_181' title='bbox 1957 2221 2173 2264; x_wconf 86' lang='lat' dir='ltr'><strong>verum</strong></span> <span class='ocrx_word' id='word_1_182' title='bbox 2238 2207 2298 2259; x_wconf 90' lang='lat' dir='ltr'><strong>et</strong></span> <span class='ocrx_word' id='word_1_183' title='bbox 2340 2207 2527 2257; x_wconf 75' lang='lat' dir='ltr'><strong>conans</strong></span> 
     </span>
     <span class='ocr_line' id='line_1_20' title="bbox 447 2299 2527 2378; baseline -0.001 -20"><span class='ocrx_word' id='word_1_184' title='bbox 447 2299 762 2360; x_wconf 83' lang='lat' dir='ltr'><strong>destruere</strong></span> <span class='ocrx_word' id='word_1_185' title='bbox 797 2301 977 2376; x_wconf 88' lang='lat' dir='ltr'><strong>illud,</strong></span> <span class='ocrx_word' id='word_1_186' title='bbox 1038 2309 1099 2362; x_wconf 91' lang='lat' dir='ltr'><strong>et</strong></span> <span class='ocrx_word' id='word_1_187' title='bbox 1131 2321 1242 2378; x_wconf 89' lang='lat' dir='ltr'><strong>per</strong></span> <span class='ocrx_word' id='word_1_188' title='bbox 1279 2320 1485 2362; x_wconf 84' lang='lat' dir='ltr'><strong>areum</strong></span> <span class='ocrx_word' id='word_1_189' title='bbox 1520 2304 1787 2363; x_wconf 86' lang='lat' dir='ltr'><strong>doctrina</strong></span> <span class='ocrx_word' id='word_1_190' title='bbox 1820 2303 1959 2363; x_wconf 80' lang='lat' dir='ltr'><strong>falsi</strong></span> <span class='ocrx_word' id='word_1_191' title='bbox 1993 2310 2206 2363; x_wconf 83' lang='lat' dir='ltr'><strong>contra</strong></span> <span class='ocrx_word' id='word_1_192' title='bbox 2240 2299 2527 2360; x_wconf 81' lang='lat' dir='ltr'><strong>doctrinam</strong></span> 
     </span>
     <span class='ocr_line' id='line_1_21' title="bbox 445 2395 2525 2482; baseline -0.004 -24"><span class='ocrx_word' id='word_1_193' title='bbox 445 2402 608 2476; x_wconf 77' lang='lat' dir='ltr'><strong>veri,</strong></span> <span class='ocrx_word' id='word_1_194' title='bbox 664 2401 804 2462; x_wconf 86' lang='lat' dir='ltr'><strong>inde</strong></span> <span class='ocrx_word' id='word_1_195' title='bbox 841 2409 935 2462; x_wconf 80' lang='lat' dir='ltr'><strong>est</strong></span> <span class='ocrx_word' id='word_1_196' title='bbox 973 2403 1132 2479; x_wconf 89' lang='lat' dir='ltr'><strong>quod</strong></span> <span class='ocrx_word' id='word_1_197' title='bbox 1167 2402 1401 2462; x_wconf 81' lang='lat' dir='ltr'><strong>dicatur</strong></span> <span class='ocrx_word' id='word_1_198' title='bbox 1450 2405 1607 2482; x_wconf 88' lang='lat' dir='ltr'><strong>quod</strong></span> <span class='ocrx_word' id='word_1_199' title='bbox 1641 2404 1755 2462; x_wconf 87' lang='lat' dir='ltr'><strong>hoe</strong></span> <span class='ocrx_word' id='word_1_200' title='bbox 1791 2405 2015 2464; x_wconf 81' lang='lat' dir='ltr'><strong>faciant</strong></span> <span class='ocrx_word' id='word_1_201' title='bbox 2052 2405 2133 2463; x_wconf 80' lang='lat' dir='ltr'><strong>ad</strong></span> <span class='ocrx_word' id='word_1_202' title='bbox 2168 2395 2525 2478; x_wconf 83' lang='lat' dir='ltr'><strong>dejiciendum</strong></span> 
     </span>
     <span class='ocr_line' id='line_1_22' title="bbox 243 2503 2527 2582; baseline -0.003 -22"><span class='ocrx_word' id='word_1_203' title='bbox 243 2510 404 2572; x_wconf 69' lang='lat'>[252]</span> <span class='ocrx_word' id='word_1_204' title='bbox 443 2503 726 2562; x_wconf 81' lang='lat' dir='ltr'><strong>miserum</strong></span> <span class='ocrx_word' id='word_1_205' title='bbox 782 2510 844 2562; x_wconf 91' lang='lat' dir='ltr'><strong>et</strong></span> <span class='ocrx_word' id='word_1_206' title='bbox 877 2521 1230 2580; x_wconf 85' lang='lat' dir='ltr'><strong>pauperem:</strong></span> <span class='ocrx_word' id='word_1_207' title='bbox 1283 2505 1445 2579; x_wconf 88' lang='lat' dir='ltr'><strong>quod</strong></span> <span class='ocrx_word' id='word_1_208' title='bbox 1492 2523 1603 2582; x_wconf 87' lang='lat' dir='ltr'><strong>per</strong></span> <span class='ocrx_word' id='word_1_209' title='bbox 1638 2504 1901 2581; x_wconf 81' lang='lat' dir='ltr'><strong>gladium</strong></span> <span class='ocrx_word' id='word_1_210' title='bbox 1953 2503 2325 2581; x_wconf 81' lang='lat' dir='ltr'><strong>significetur</strong></span> <span class='ocrx_word' id='word_1_211' title='bbox 2352 2509 2527 2556; x_wconf 79' lang='lat' dir='ltr'><strong>verum</strong></span> 
     </span>
     <span class='ocr_line' id='line_1_23' title="bbox 441 2604 2523 2682; baseline -0.002 -20"><span class='ocrx_word' id='word_1_212' title='bbox 441 2620 716 2681; x_wconf 82' lang='lat' dir='ltr'><strong>pugnans</strong></span> <span class='ocrx_word' id='word_1_213' title='bbox 753 2611 960 2664; x_wconf 84' lang='lat' dir='ltr'><strong>contra</strong></span> <span class='ocrx_word' id='word_1_214' title='bbox 993 2604 1240 2678; x_wconf 78' lang='lat' dir='ltr'><strong>falsum,</strong></span> <span class='ocrx_word' id='word_1_215' title='bbox 1298 2611 1360 2662; x_wconf 91' lang='lat' dir='ltr'><strong>et</strong></span> <span class='ocrx_word' id='word_1_216' title='bbox 1392 2607 1454 2662; x_wconf 90' lang='lat' dir='ltr'><strong>in</strong></span> <span class='ocrx_word' id='word_1_217' title='bbox 1490 2607 1763 2682; x_wconf 85' lang='lat' dir='ltr'><strong>opposito</strong></span> <span class='ocrx_word' id='word_1_218' title='bbox 1798 2621 1981 2664; x_wconf 78' lang='lat' dir='ltr'><strong>sensu</strong></span> <span class='ocrx_word' id='word_1_219' title='bbox 2018 2605 2240 2664; x_wconf 81' lang='lat' dir='ltr'><strong>falsum</strong></span> <span class='ocrx_word' id='word_1_220' title='bbox 2286 2606 2523 2677; x_wconf 70' lang='lat' dir='ltr'><strong>pugnans</strong></span> 
     </span>
     <span class='ocr_line' id='line_1_24' title="bbox 441 2705 2525 2781; baseline -0.003 -19"><span class='ocrx_word' id='word_1_221' title='bbox 441 2710 651 2763; x_wconf 77' lang='lat' dir='ltr'><strong>eontra</strong></span> <span class='ocrx_word' id='word_1_222' title='bbox 700 2723 908 2764; x_wconf 85' lang='lat' dir='ltr'><strong>verum</strong></span> <span class='ocrx_word' id='word_1_223' title='bbox 921 2749 939 2778; x_wconf 92' lang='lat'>‚</span> <span class='ocrx_word' id='word_1_224' title='bbox 995 2705 1272 2765; x_wconf 82' lang='lat' dir='ltr'><strong>videatur</strong></span> <span class='ocrx_word' id='word_1_225' title='bbox 1319 2720 1505 2781; x_wconf 83' lang='lat' dir='ltr'><strong>supra</strong></span> <span class='ocrx_word' id='word_1_226' title='bbox 1554 2724 1625 2763; x_wconf 93' lang='lat' dir='ltr'><strong>n:</strong></span> <span class='ocrx_word' id='word_1_227' title='bbox 1672 2707 1842 2765; x_wconf 85' lang='lat'><strong>131:</strong></span> <span class='ocrx_word' id='word_1_228' title='bbox 1900 2712 1961 2765; x_wconf 90' lang='lat' dir='ltr'><strong>et</strong></span> <span class='ocrx_word' id='word_1_229' title='bbox 1997 2705 2161 2781; x_wconf 85' lang='lat' dir='ltr'><strong>quod</strong></span> <span class='ocrx_word' id='word_1_230' title='bbox 2211 2719 2318 2779; x_wconf 82' lang='lat' dir='ltr'><strong>per</strong></span> <span class='ocrx_word' id='word_1_231' title='bbox 2352 2709 2525 2756; x_wconf 84' lang='lat' dir='ltr'><strong>arcum</strong></span> 
     </span>
     <span class='ocr_line' id='line_1_25' title="bbox 441 2801 2523 2881; baseline -0.004 -19"><span class='ocrx_word' id='word_1_232' title='bbox 441 2805 807 2881; x_wconf 82' lang='lat' dir='ltr'><strong>significetur</strong></span> <span class='ocrx_word' id='word_1_233' title='bbox 843 2805 1113 2865; x_wconf 82' lang='lat' dir='ltr'><strong>doctrina</strong></span> <span class='ocrx_word' id='word_1_234' title='bbox 1147 2807 1209 2862; x_wconf 88' lang='lat' dir='ltr'><strong>in</strong></span> <span class='ocrx_word' id='word_1_235' title='bbox 1243 2810 1501 2880; x_wconf 87' lang='lat' dir='ltr'><strong>utroque</strong></span> <span class='ocrx_word' id='word_1_236' title='bbox 1538 2822 1758 2876; x_wconf 80' lang='lat' dir='ltr'><strong>sensu,</strong></span> <span class='ocrx_word' id='word_1_237' title='bbox 1810 2808 1871 2863; x_wconf 90' lang='lat' dir='ltr'><strong>in</strong></span> <span class='ocrx_word' id='word_1_238' title='bbox 1906 2806 2185 2865; x_wconf 72' lang='lat' dir='ltr'><strong>Anoms</strong></span> <span class='ocrx_word' id='word_1_239' title='bbox 2224 2801 2523 2861; x_wconf 68' lang='lat' dir='ltr'><strong>Contum-</strong></span> 
     </span>
     <span class='ocr_line' id='line_1_26' title="bbox 439 2893 2523 2982; baseline -0.001 -22"><span class='ocrx_word' id='word_1_240' title='bbox 439 2921 555 2962; x_wconf 76' lang='lat' dir='ltr'><strong>nus</strong></span> <span class='ocrx_word' id='word_1_241' title='bbox 591 2920 662 2961; x_wconf 87' lang='lat' dir='ltr'><strong>n:</strong></span> <span class='ocrx_word' id='word_1_242' title='bbox 707 2907 920 2965; x_wconf 84' lang='grc'><strong>2686.</strong></span> <span class='ocrx_word' id='word_1_243' title='bbox 968 2907 1180 2964; x_wconf 83' lang='lat'><strong>2709.</strong></span> <span class='ocrx_word' id='word_1_244' title='bbox 1237 2903 1525 2964; x_wconf 86' lang='lat' dir='ltr'><strong>Similiter</strong></span> <span class='ocrx_word' id='word_1_245' title='bbox 1559 2905 1702 2964; x_wconf 83' lang='lat' dir='ltr'><strong>alibi</strong></span> <span class='ocrx_word' id='word_1_246' title='bbox 1740 2906 1901 2982; x_wconf 86' lang='lat' dir='ltr'><strong>apud</strong></span> <span class='ocrx_word' id='word_1_247' title='bbox 1933 2906 2209 2966; x_wconf 87' lang='lat' dir='ltr'><strong>Eundem</strong></span> <span class='ocrx_word' id='word_1_248' title='bbox 2246 2893 2523 2977; x_wconf 62' lang='lat' dir='ltr'><strong>„Impius</strong></span> 
     </span>
     <span class='ocr_line' id='line_1_27' title="bbox 429 2989 2521 3088; baseline -0.001 -26"><span class='ocrx_word' id='word_1_249' title='bbox 429 3007 853 3080; x_wconf 68' lang='lat' dir='ltr'><strong>persequutus</strong></span> <span class='ocrx_word' id='word_1_250' title='bbox 895 3008 993 3063; x_wconf 72' lang='lat' dir='ltr'><strong>eet</strong></span> <span class='ocrx_word' id='word_1_251' title='bbox 1028 3002 1346 3068; x_wconf 59' lang='lat' dir='ltr'><strong>Misenum,</strong></span> <span class='ocrx_word' id='word_1_252' title='bbox 1382 3009 1441 3064; x_wconf 84' lang='lat' dir='ltr'><strong>et</strong></span> <span class='ocrx_word' id='word_1_253' title='bbox 1482 3003 1841 3086; x_wconf 69' lang='lat' dir='ltr'><strong>Pauper-em</strong></span> <span class='ocrx_word' id='word_1_254' title='bbox 1860 3049 1875 3080; x_wconf 85' lang='lat'>,</span> <span class='ocrx_word' id='word_1_255' title='bbox 1922 3023 2001 3066; x_wconf 86' lang='lat' dir='ltr'><strong>ae</strong></span> <span class='ocrx_word' id='word_1_256' title='bbox 2034 3004 2339 3088; x_wconf 80' lang='lat' dir='ltr'><strong>dejectum</strong></span> <span class='ocrx_word' id='word_1_257' title='bbox 2366 2989 2521 3056; x_wconf 60' lang='lat' dir='ltr'><strong>eorde</strong></span> 
     </span>
     <span class='ocr_line' id='line_1_28' title="bbox 440 3091 2522 3182; baseline 0 -23"><span class='ocrx_word' id='word_1_258' title='bbox 440 3099 532 3160; x_wconf 78' lang='lat' dir='ltr'><strong>ad</strong></span> <span class='ocrx_word' id='word_1_259' title='bbox 571 3100 1120 3182; x_wconf 77' lang='lat' dir='ltr'><strong>interficiendum“</strong></span> <span class='ocrx_word' id='word_1_260' title='bbox 1147 3105 1383 3164; x_wconf 80' lang='lat' dir='ltr'><strong>Psalm:</strong></span> <span class='ocrx_word' id='word_1_261' title='bbox 1424 3104 1584 3166; x_wconf 86' lang='lat' dir='ltr'>CIX:</span> <span class='ocrx_word' id='word_1_262' title='bbox 1622 3109 1651 3164; x_wconf 94' lang='lat'>1</span> <span class='ocrx_word' id='word_1_263' title='bbox 1673 3109 1731 3180; x_wconf 76' lang='lat'><strong>65</strong></span> <span class='ocrx_word' id='word_1_264' title='bbox 1768 3107 1930 3182; x_wconf 78' lang='lat' dir='ltr'><strong>apud</strong></span> <span class='ocrx_word' id='word_1_265' title='bbox 1952 3107 2200 3182; x_wconf 79' lang='lat' dir='ltr'><strong>Esajam</strong></span> <span class='ocrx_word' id='word_1_266' title='bbox 2254 3091 2522 3175; x_wconf 65' lang='lat' dir='ltr'><strong>„Stultw</strong></span> 
     </span>
     <span class='ocr_line' id='line_1_29' title="bbox 439 3193 2514 3292; baseline 0 -31"><span class='ocrx_word' id='word_1_267' title='bbox 439 3197 792 3261; x_wconf 68' lang='lat' dir='ltr'><strong>stultitiam</strong></span> <span class='ocrx_word' id='word_1_268' title='bbox 805 3199 1141 3282; x_wconf 70' lang='lat' dir='ltr'><strong>Joquicur,</strong></span> <span class='ocrx_word' id='word_1_269' title='bbox 1194 3209 1254 3263; x_wconf 90' lang='lat' dir='ltr'><strong>et</strong></span> <span class='ocrx_word' id='word_1_270' title='bbox 1303 3223 1409 3266; x_wconf 77' lang='lat' dir='ltr'><strong>eor</strong></span> <span class='ocrx_word' id='word_1_271' title='bbox 1454 3203 1592 3287; x_wconf 67' lang='lat' dir='ltr'><strong>ejus</strong></span> <span class='ocrx_word' id='word_1_272' title='bbox 1626 3206 1803 3292; x_wconf 67' lang='lat' dir='ltr'><strong>facit</strong></span> <span class='ocrx_word' id='word_1_273' title='bbox 1848 3205 2253 3286; x_wconf 76' lang='lat' dir='ltr'><strong>iniquitatem</strong></span> <span class='ocrx_word' id='word_1_274' title='bbox 2302 3195 2387 3260; x_wconf 84' lang='lat' dir='ltr'><strong>ad</strong></span> <span class='ocrx_word' id='word_1_275' title='bbox 2416 3193 2514 3275; x_wconf 75' lang='lat' dir='ltr'><strong>fa·</strong></span> 
     </span>
     <span class='ocr_line' id='line_1_30' title="bbox 441 3298 2518 3384; baseline -0.004 -22"><span class='ocrx_word' id='word_1_276' title='bbox 441 3300 732 3366; x_wconf 74' lang='lat' dir='ltr'><strong>ciendum</strong></span> <span class='ocrx_word' id='word_1_277' title='bbox 771 3301 1190 3384; x_wconf 57' lang='lat' dir='ltr'><strong>hypocrisin,</strong></span> <span class='ocrx_word' id='word_1_278' title='bbox 1275 3310 1336 3364; x_wconf 86' lang='lat' dir='ltr'><strong>et</strong></span> <span class='ocrx_word' id='word_1_279' title='bbox 1392 3304 1483 3367; x_wconf 85' lang='lat' dir='ltr'><strong>ad</strong></span> <span class='ocrx_word' id='word_1_280' title='bbox 1537 3302 1913 3384; x_wconf 74' lang='lat' dir='ltr'><strong>loquendum</strong></span> <span class='ocrx_word' id='word_1_281' title='bbox 1980 3309 2201 3366; x_wconf 79' lang='lat' dir='ltr'><strong>eontra</strong></span> <span class='ocrx_word' id='word_1_282' title='bbox 2246 3298 2518 3363; x_wconf 74' lang='lat' dir='ltr'><strong>Jehovam</strong></span> 
     </span>
     <span class='ocr_line' id='line_1_31' title="bbox 441 3400 2515 3478; baseline 0 -14"><span class='ocrx_word' id='word_1_283' title='bbox 441 3421 712 3464; x_wconf 76' lang='lat' dir='ltr'><strong>errorem</strong></span> <span class='ocrx_word' id='word_1_284' title='bbox 723 3447 740 3478; x_wconf 87' lang='lat'><strong><em>,</em></strong></span> <span class='ocrx_word' id='word_1_285' title='bbox 793 3402 884 3464; x_wconf 83' lang='lat' dir='ltr'><strong>ad</strong></span> <span class='ocrx_word' id='word_1_286' title='bbox 923 3403 1359 3466; x_wconf 61' lang='lat' dir='ltr'><strong>evacuandum</strong></span> <span class='ocrx_word' id='word_1_287' title='bbox 1404 3405 1695 3466; x_wconf 75' lang='lat' dir='ltr'><strong>animam</strong></span> <span class='ocrx_word' id='word_1_288' title='bbox 1736 3406 2111 3468; x_wconf 71' lang='lat' dir='ltr'><strong>esurientem</strong></span> <span class='ocrx_word' id='word_1_289' title='bbox 2128 3449 2146 3476; x_wconf 90' lang='lat'><strong>,</strong></span> <span class='ocrx_word' id='word_1_290' title='bbox 2210 3421 2285 3464; x_wconf 82' lang='lat' dir='ltr'><strong>ae</strong></span> <span class='ocrx_word' id='word_1_291' title='bbox 2321 3400 2515 3477; x_wconf 76' lang='lat' dir='ltr'><strong>potum</strong></span> 
     </span>
     <span class='ocr_line' id='line_1_32' title="bbox 439 3497 2513 3586; baseline -0.001 -22"><span class='ocrx_word' id='word_1_292' title='bbox 439 3504 760 3564; x_wconf 70' lang='lat' dir='ltr'><strong>sitientem</strong></span> <span class='ocrx_word' id='word_1_293' title='bbox 800 3502 1057 3585; x_wconf 76' lang='lat' dir='ltr'><strong>deficere</strong></span> <span class='ocrx_word' id='word_1_294' title='bbox 1096 3504 1355 3585; x_wconf 83' lang='lat' dir='ltr'><strong>faeiat‚·</strong></span> <span class='ocrx_word' id='word_1_295' title='bbox 1420 3506 1557 3584; x_wconf 68' lang='lat' dir='ltr'><strong>ipae</strong></span> <span class='ocrx_word' id='word_1_296' title='bbox 1592 3505 1901 3586; x_wconf 77' lang='lat' dir='ltr'><strong>facinora</strong></span> <span class='ocrx_word' id='word_1_297' title='bbox 1952 3502 2231 3566; x_wconf 64' lang='lat' dir='ltr'><strong>consulet</strong></span> <span class='ocrx_word' id='word_1_298' title='bbox 2280 3497 2367 3561; x_wconf 84' lang='lat' dir='ltr'><strong>ad</strong></span> <span class='ocrx_word' id='word_1_299' title='bbox 2387 3507 2513 3576; x_wconf 65' lang='lat' dir='ltr'><strong>Per·</strong></span> 
     </span>
     <span class='ocr_line' id='line_1_33' title="bbox 439 3585 2513 3686; baseline -0.002 -20"><span class='ocrx_word' id='word_1_300' title='bbox 439 3603 716 3666; x_wconf 73' lang='lat' dir='ltr'><strong>demdum</strong></span> <span class='ocrx_word' id='word_1_301' title='bbox 755 3602 1036 3665; x_wconf 71' lang='lat' dir='ltr'><strong>Miseros</strong></span> <span class='ocrx_word' id='word_1_302' title='bbox 1064 3624 1186 3685; x_wconf 77' lang='lat' dir='ltr'><strong>per</strong></span> <span class='ocrx_word' id='word_1_303' title='bbox 1227 3606 1413 3666; x_wconf 80' lang='lat' dir='ltr'><strong>verba</strong></span> <span class='ocrx_word' id='word_1_304' title='bbox 1450 3605 1795 3682; x_wconf 80' lang='lat' dir='ltr'><strong>mendaeii,</strong></span> <span class='ocrx_word' id='word_1_305' title='bbox 1840 3605 2092 3686; x_wconf 74' lang='lat' dir='ltr'><strong>quando</strong></span> <span class='ocrx_word' id='word_1_306' title='bbox 2129 3603 2318 3666; x_wconf 82' lang='lat' dir='ltr'><strong>etiam</strong></span> <span class='ocrx_word' id='word_1_307' title='bbox 2342 3585 2513 3673; x_wconf 61' lang='lat' dir='ltr'><strong>loquff‘</strong></span> 
     </span>
     <span class='ocr_line' id='line_1_34' title="bbox 441 3689 2512 3786; baseline -0.004 -21"><span class='ocrx_word' id='word_1_308' title='bbox 441 3710 551 3765; x_wconf 80' lang='lat' dir='ltr'><strong>tur</strong></span> <span class='ocrx_word' id='word_1_309' title='bbox 586 3702 850 3784; x_wconf 76' lang='lat' dir='ltr'><strong>Pauper</strong></span> <span class='ocrx_word' id='word_1_310' title='bbox 870 3703 1200 3786; x_wconf 79' lang='lat' dir='ltr'><strong>judicium</strong></span> <span class='ocrx_word' id='word_1_311' title='bbox 1217 3707 1254 3738; x_wconf 87' lang='lat'><em>“</em></span> <span class='ocrx_word' id='word_1_312' title='bbox 1307 3705 1590 3766; x_wconf 85' lang='lat' dir='ltr'>XXXII:</span> <span class='ocrx_word' id='word_1_313' title='bbox 1646 3709 1706 3765; x_wconf 90' lang='grc'><strong>6.</strong></span> <span class='ocrx_word' id='word_1_314' title='bbox 1764 3713 1834 3783; x_wconf 85' lang='lat'><strong>73</strong></span> <span class='ocrx_word' id='word_1_315' title='bbox 1904 3707 2002 3766; x_wconf 82' lang='lat' dir='ltr'><strong>hic</strong></span> <span class='ocrx_word' id='word_1_316' title='bbox 2048 3725 2158 3782; x_wconf 88' lang='lat' dir='ltr'><strong>per</strong></span> <span class='ocrx_word' id='word_1_317' title='bbox 2190 3706 2423 3764; x_wconf 77' lang='lat' dir='ltr'><strong>miseros</strong></span> <span class='ocrx_word' id='word_1_318' title='bbox 2464 3689 2512 3745; x_wconf 67' lang='grc' dir='ltr'><strong>θῐ</strong></span> 
     </span>
     <span class='ocr_line' id='line_1_35' title="bbox 439 3789 2505 3883; baseline -0.004 -19"><span class='ocrx_word' id='word_1_319' title='bbox 439 3821 738 3883; x_wconf 83' lang='lat' dir='ltr'><strong>pauperes</strong></span> <span class='ocrx_word' id='word_1_320' title='bbox 787 3805 1062 3865; x_wconf 82' lang='lat' dir='ltr'><strong>similiter</strong></span> <span class='ocrx_word' id='word_1_321' title='bbox 1112 3805 1527 3881; x_wconf 87' lang='lat' dir='ltr'><strong>intelliguntur</strong></span> <span class='ocrx_word' id='word_1_322' title='bbox 1576 3805 1664 3864; x_wconf 86' lang='lat' dir='ltr'><strong>illi</strong></span> <span class='ocrx_word' id='word_1_323' title='bbox 1704 3810 1808 3882; x_wconf 90' lang='lat' dir='ltr'><strong>qui</strong></span> <span class='ocrx_word' id='word_1_324' title='bbox 1855 3807 2127 3866; x_wconf 85' lang='lat' dir='ltr'><strong>destituti</strong></span> <span class='ocrx_word' id='word_1_325' title='bbox 2172 3808 2304 3864; x_wconf 84' lang='lat' dir='ltr'><strong>sunt</strong></span> <span class='ocrx_word' id='word_1_326' title='bbox 2334 3789 2505 3868; x_wconf 69' lang='lat' dir='ltr'><strong>cogni·</strong></span> 
     </span>
     <span class='ocr_line' id='line_1_36' title="bbox 439 3897 2509 3983; baseline -0.007 -19"><span class='ocrx_word' id='word_1_327' title='bbox 439 3903 701 3964; x_wconf 86' lang='lat' dir='ltr'><strong>tionibus</strong></span> <span class='ocrx_word' id='word_1_328' title='bbox 737 3907 866 3965; x_wconf 83' lang='lat' dir='ltr'><strong>veri</strong></span> <span class='ocrx_word' id='word_1_329' title='bbox 903 3911 964 3964; x_wconf 91' lang='lat' dir='ltr'><strong>et</strong></span> <span class='ocrx_word' id='word_1_330' title='bbox 997 3907 1168 3980; x_wconf 86' lang='lat' dir='ltr'><strong>boni,</strong></span> <span class='ocrx_word' id='word_1_331' title='bbox 1224 3923 1411 3983; x_wconf 88' lang='lat' dir='ltr'><strong>quare</strong></span> <span class='ocrx_word' id='word_1_332' title='bbox 1462 3905 1678 3964; x_wconf 83' lang='lat' dir='ltr'><strong>dieitur</strong></span> <span class='ocrx_word' id='word_1_333' title='bbox 1729 3907 1889 3982; x_wconf 87' lang='lat' dir='ltr'><strong>quod</strong></span> <span class='ocrx_word' id='word_1_334' title='bbox 1936 3906 2239 3983; x_wconf 86' lang='lat' dir='ltr'><strong>improbus</strong></span> <span class='ocrx_word' id='word_1_335' title='bbox 2284 3897 2509 3958; x_wconf 79' lang='lat' dir='ltr'><strong>facinora</strong></span> 
     </span>
     <span class='ocr_line' id='line_1_37' title="bbox 442 3992 2503 4082; baseline -0.001 -19"><span class='ocrx_word' id='word_1_336' title='bbox 442 4004 716 4063; x_wconf 83' lang='lat' dir='ltr'><strong>consulat</strong></span> <span class='ocrx_word' id='word_1_337' title='bbox 767 4005 846 4064; x_wconf 87' lang='lat' dir='ltr'><strong>ad</strong></span> <span class='ocrx_word' id='word_1_338' title='bbox 879 4005 1250 4082; x_wconf 87' lang='lat' dir='ltr'><strong>perdendum</strong></span> <span class='ocrx_word' id='word_1_339' title='bbox 1292 4007 1544 4072; x_wconf 83' lang='lat' dir='ltr'><strong>miseros</strong></span> <span class='ocrx_word' id='word_1_340' title='bbox 1598 4023 1707 4082; x_wconf 90' lang='lat' dir='ltr'><strong>per</strong></span> <span class='ocrx_word' id='word_1_341' title='bbox 1742 4008 1933 4066; x_wconf 82' lang='lat' dir='ltr'><strong>verba</strong></span> <span class='ocrx_word' id='word_1_342' title='bbox 1982 4004 2299 4070; x_wconf 85' lang='lat' dir='ltr'><strong>mendacii,</strong></span> <span class='ocrx_word' id='word_1_343' title='bbox 2358 3992 2503 4052; x_wconf 68' lang='lat' dir='ltr'><strong>etiam</strong></span> 
     </span>
     <span class='ocr_line' id='line_1_38' title="bbox 439 4091 2505 4182; baseline 0.003 -26"><span class='ocrx_word' id='word_1_344' title='bbox 439 4116 766 4174; x_wconf 86' lang='lat' dir='ltr'><strong>pauperem</strong></span> <span class='ocrx_word' id='word_1_345' title='bbox 803 4107 904 4176; x_wconf 89' lang='lat' dir='ltr'><strong>qui</strong></span> <span class='ocrx_word' id='word_1_346' title='bbox 936 4095 1198 4180; x_wconf 84' lang='lat' dir='ltr'><strong>loquitur</strong></span> <span class='ocrx_word' id='word_1_347' title='bbox 1223 4091 1549 4182; x_wconf 81' lang='lat' dir='ltr'><strong>judicium,</strong></span> <span class='ocrx_word' id='word_1_348' title='bbox 1604 4121 1714 4182; x_wconf 87' lang='lat' dir='ltr'><strong>per</strong></span> <span class='ocrx_word' id='word_1_349' title='bbox 1746 4107 1933 4166; x_wconf 83' lang='lat' dir='ltr'><strong>verba</strong></span> <span class='ocrx_word' id='word_1_350' title='bbox 1967 4105 2253 4166; x_wconf 82' lang='lat' dir='ltr'><strong>mendacii</strong></span> <span class='ocrx_word' id='word_1_351' title='bbox 2298 4100 2381 4158; x_wconf 72' lang='lat' dir='ltr'><strong>est</strong></span> <span class='ocrx_word' id='word_1_352' title='bbox 2418 4098 2505 4163; x_wconf 82' lang='lat' dir='ltr'><strong>per</strong></span> 
     </span>
     <span class='ocr_line' id='line_1_39' title="bbox 445 4190 2503 4284; baseline -0.001 -21"><span class='ocrx_word' id='word_1_353' title='bbox 445 4193 631 4263; x_wconf 68' lang='lat' dir='ltr'><strong>falsa»</strong></span> <span class='ocrx_word' id='word_1_354' title='bbox 669 4201 730 4252; x_wconf 75' lang='lat' dir='ltr'><strong>et</strong></span> <span class='ocrx_word' id='word_1_355' title='bbox 761 4197 924 4271; x_wconf 88' lang='lat' dir='ltr'><strong>loqui</strong></span> <span class='ocrx_word' id='word_1_356' title='bbox 952 4203 1242 4276; x_wconf 82' lang='lat' dir='ltr'><strong>judicium</strong></span> <span class='ocrx_word' id='word_1_357' title='bbox 1283 4211 1376 4264; x_wconf 84' lang='lat' dir='ltr'><strong>est</strong></span> <span class='ocrx_word' id='word_1_358' title='bbox 1410 4211 1638 4264; x_wconf 80' lang='lat' dir='ltr'><strong>rectum</strong></span> <span class='ocrx_word' id='word_1_359' title='bbox 1650 4224 1668 4280; x_wconf 83' lang='lat'><em>3</em></span> <span class='ocrx_word' id='word_1_360' title='bbox 1724 4210 1865 4283; x_wconf 87' lang='lat' dir='ltr'><strong>quia</strong></span> <span class='ocrx_word' id='word_1_361' title='bbox 1901 4207 1975 4268; x_wconf 88' lang='lat' dir='ltr'><strong>de</strong></span> <span class='ocrx_word' id='word_1_362' title='bbox 2008 4207 2103 4266; x_wconf 79' lang='lat' dir='ltr'><strong>his</strong></span> <span class='ocrx_word' id='word_1_363' title='bbox 2128 4205 2321 4284; x_wconf 86' lang='lat' dir='ltr'><strong>agitur,</strong></span> <span class='ocrx_word' id='word_1_364' title='bbox 2356 4190 2503 4252; x_wconf 73' lang='lat' dir='ltr'><strong>etiam</strong></span> 
     </span>
    </p>
   </div>
  </div>
 </body>
</html>
