2700 4792
33 473 62 502 ,ς

345 358 580 416 CAPUT
611 357 952 415 TERTIUM.
1694 359 1903 415 Vnus:
1948 371 2038 423 ιτ.
2196 375 2303 428 aas
2406 430 2411 435 ,

195 523 334 580 cens
374 515 564 594 „Qui
587 516 768 578 habet
793 534 984 578 aure-9
1023 514 1113 578 ad
1139 515 1532 578 audiendum
1556 517 1838 580 audiat“
1873 521 2087 582 Mattht
2117 523 2306 585 xm:

199 625 256 680 9.
311 619 508 678 Mare:
545 618 664 678 IV:
711 620 770 677 9.
827 618 984 676 Luc:
1023 617 1207 678 VIII:
1253 620 1312 677 8.
1370 617 1547 694 Quod
1584 616 1766 680 Caeci
1802 621 2136 698 significent
2172 624 2309 686 illos

195 723 298 796 qui
329 723 396 779 in
427 719 596 778 nullo
629 719 941 778 intellectu
974 720 1104 778 veri
1137 725 1304 792 sunt,
1345 726 1407 778 et
1442 719 1601 795 quod
1633 721 1779 781 nudi
1813 724 2146 798 significent
2173 725 2309 786 illos

195 824 292 897 qui
327 823 392 879 in
425 819 591 878 nullo
626 819 934 878 intellectu
961 818 1102 877 boni
1137 825 1301 894 sunt,
1343 821 1487 897 quia
1520 823 1580 878 in
1616 821 1781 880 nulla
1808 823 2119 884 voluntate
2154 825 2307 901 ejus,

193 928 429 980 constat
463 937 541 979 ex
576 920 852 996 pluribus
895 919 1044 978 locis
1091 921 1156 977 in
1189 919 1393 979 Verbo
1413 963 1429 992 ,
1486 937 1641 998 quae
1688 923 1747 978 in
1798 923 2055 982 medium
2092 924 2308 986 afferre

195 1021 354 1095 volo,
413 1022 596 1079 etiam
631 1021 706 1079 ob
743 1037 1020 1090 causam,
1073 1027 1138 1076 ut
1174 1021 1401 1078 sciatur
1436 1020 1595 1096 quod
1630 1021 1897 1080 Verbum
1932 1025 1993 1080 in
2026 1041 2135 1082 suo
2172 1027 2308 1084 sinu

193 1124 266 1180 sit
301 1120 652 1198 spirituale,
703 1127 766 1178 at
813 1124 874 1180 in
907 1120 1084 1178 litera
1118 1119 1425 1190 naturale,
1477 1120 1725 1197 proinde
1774 1122 1933 1197 quod
1978 1139 2193 1182 sensus
2228 1124 2304 1183 li-

195 1229 356 1281 terae
394 1220 612 1293 Verbi,
668 1223 770 1297 qui
806 1226 900 1280 est
931 1219 1252 1290 naturalis,
1305 1221 1591 1280 recondat
1636 1223 1699 1280 in
1733 1238 1798 1280 se
1835 1238 2081 1282 sensum
2116 1226 2299 1300 spiri·
2342 1235 2503 1297 [255]

191 1321 435 1380 tualem.
520 1319 694 1396 Quod
731 1320 910 1380 Caeci
964 1313 1297 1396 significent
1358 1320 1493 1380 illos
1554 1324 1657 1400 qui
1702 1323 1763 1379 in
1798 1322 1961 1381 nullo
1997 1323 2307 1384 intellectu

192 1425 315 1482 veri
351 1429 521 1496 sunt,
560 1427 728 1497 patet
763 1441 800 1479 a
835 1420 1223 1498 sequentibus
1259 1421 1351 1480 his
1386 1421 1565 1498 locis3
1604 1421 1767 1498 apud
1793 1422 2036 1499 Esajam
2072 1421 2306 1497 „Tum

189 1522 457 1584 audient
493 1521 564 1582 in
599 1520 704 1582 die
741 1519 858 1582 illo
893 1520 1084 1581 sardi
1121 1521 1304 1582 verba
1343 1521 1510 1597 libri,
1556 1527 1617 1582 et
1650 1540 1683 1580 e
1720 1518 1999 1601 oaliqine
2038 1541 2185 1603 eque
2208 1530 2303 1585 te-

189 1624 394 1685 nelm'a
429 1619 601 1684 oculi
641 1641 964 1684 caecorum
1015 1619 1310 1682 videbunt
1319 1625 1358 1656 ‘⁶‘
1416 1622 1657 1684 XXIX:
1707 1626 1733 1680 l
1754 1625 1821 1699 83
1878 1624 2075 1701 agitur
2109 1625 2192 1684 ibi
2228 1625 2305 1686 de

191 1725 624 1784 restauratione
659 1723 1004 1798 Ecclesiae;
1045 1728 1104 1782 et
1138 1739 1250 1799 per
1275 1722 1489 1782 surdos
1530 1725 1632 1799 qui
1668 1723 1911 1784 audient
1936 1725 2123 1786 verba
2148 1725 2312 1798 libri,

189 1824 599 1900 intelliguntur
635 1827 736 1902 qui
761 1822 968 1882 volunt
1003 1822 1246 1882 obedire
1271 1827 1433 1882 veris
1471 1831 1531 1882 et
1556 1824 1695 1884 inde
1724 1828 1909 1885 vitam
1933 1827 2075 1886 boni
2100 1845 2301 1905 agere,

189 1926 296 1984 sed
345 1942 466 1984 non
508 1931 762 2001 possunt
815 1925 956 2001 quia
1015 1941 1132 1981 non
1181 1924 1405 1982 habent
1440 1925 1739 2001 Verbum3
1809 1933 1869 1986 et
1919 1945 2034 2004 per
2082 1944 2299 1988 caecos

193 2043 442 2102 quorum
479 2025 633 2084 oculi
669 2027 728 2083 in
757 2025 1011 2102 caligine
1049 2031 1110 2083 et
1143 2027 1204 2083 in
1239 2026 1501 2084 tenebris
1538 2025 1852 2096 videbunt,
1886 2027 2300 2104 intelliguntur

193 2129 291 2202 qui
323 2113 462 2184 non*
499 2131 638 2184 sunt
669 2128 730 2184 in
766 2125 1075 2185 intellectu
1109 2128 1240 2184 veri
1275 2129 1417 2202 quia
1448 2129 1509 2184 in
1543 2129 1906 2202 ignorantia,
1965 2128 2125 2204 quod
2161 2136 2301 2188 tunc

191 2227 578 2299 intellecturi3
643 2226 800 2302 quod
859 2244 978 2286 non
1037 2226 1204 2284 surdi
1280 2236 1340 2286 et
1398 2229 1565 2285 caeci
1616 2226 2054 2304 intelligantur,
2110 2235 2299 2305 patet.

191 2327 369 2403 Apud
429 2327 695 2386 Eundem
779 2373 814 2402 „
837 2327 1004 2388 Ecce
1053 2325 1246 2388 Deus
1295 2331 1495 2386 vester
1552 2324 1621 2387 in
1672 2324 2025 2390 vindictam
2082 2327 2300 2406 veniet,

188 2427 260 2487 in
303 2425 774 2496 ‘retributionem
825 2427 964 2488 Dei
1010 2425 1138 2487 Ille
1187 2427 1414 2494 veniet,
1474 2431 1535 2484 et
1587 2424 1867 2487 salvabit
1923 2446 2074 2499 vos‚·
2152 2433 2303 2490 tuno

193 2525 551 2605 aperientur
603 2525 772 2588 oculi
815 2547 1136 2590 caecorum
1179 2534 1238 2588 et
1287 2546 1475 2587 aures
1528 2525 1871 2588 surdorum
1908 2526 2292 2605 aperientur,

189 2632 511 2706 erumpent
551 2627 622 2688 in
659 2627 902 2690 deserto
949 2647 1180 2708 aquae,
1246 2633 1306 2688 et
1339 2627 1540 2706 fluvii
1590 2628 1659 2689 in
1685 2624 1965 2707 planitie
2003 2625 2238 2688 deserte·
2257 2631 2297 2661 ‘⁶‘

189 2727 456 2787 XXXV:
508 2731 570 2786 4.
619 2730 676 2788 5.
723 2735 796 2805 63
850 2729 1002 2790 haec
1057 2730 1335 2789 dicuntur
1389 2728 1463 2788 de
1507 2729 1765 2788 adventu
1812 2727 2082 2804 Domini;
2137 2727 2299 2803 quod

187 2833 326 2888 tunc
361 2828 639 2887 salvandi
675 2833 775 2907 qui
809 2830 1090 2891 credituri
1123 2833 1184 2888 in
1209 2829 1447 2906 Ipsum3
1504 2829 1661 2906 quod
1694 2828 1782 2888 illi
1818 2831 1919 2905 qui
1953 2845 2071 2886 non
2104 2829 2164 2886 in
2198 2830 2306 2886 in*

189 2928 432 2989 tellectu
467 2930 597 2988 veri
633 2937 770 2988 sunt
803 2939 945 2990 tunc
979 2931 1367 3005 intellecturi,
1407 2931 1775 3006 significatur
1807 2947 1918 3006 per
1954 2931 2298 3006 aperientur

187 3028 344 3089 oculi
381 3045 727 3106 caecorum3
769 3031 928 3108 quod
964 3031 1049 3090 illi
1079 3033 1180 3107 qui
1215 3048 1332 3088 non
1368 3033 1428 3087 in
1462 3031 1850 3107 perceptione
1892 3037 1951 3090 et
1985 3030 2297 3090 voluntate

184 3127 322 3190 boui
359 3137 530 3205 sunt,
585 3136 725 3190 tunc
762 3132 1056 3192 obedituri
1093 3138 1154 3190 et
1187 3133 1248 3191 in
1281 3130 1439 3189 bono
1473 3133 1687 3191 victuri
1722 3134 1875 3201 sint,
1932 3131 2298 3208 significatur

184 3247 292 3306 per
331 3229 494 3306 quod
530 3248 706 3292 aures
750 3233 1066 3292 surdorum
1101 3234 1475 3308 aperientur3
1528 3231 1663 3292 ide-o
1702 3231 1944 3307 dieitur,
1985 3235 2299 3309 erumpent

185 3332 242 3389 in
275 3331 522 3392 deserto
559 3349 752 3408 aquae
789 3339 850 3392 et
883 3334 1043 3391 fluvii
1079 3335 1140 3391 in
1174 3332 1421 3408 planitie
1458 3332 1713 3406 deserti,
1770 3333 2071 3391 desertum
2107 3334 2297 3408 signi-

185 3430 322 3492 ficat
353 3432 462 3492 ubi
489 3449 608 3491 non
632 3434 852 3493 bonum
881 3434 1026 3510 quia
1050 3450 1168 3492 non
1195 3450 1421 3506 verum,
1462 3440 1522 3492 et
1549 3450 1743 3510 aquae
1770 3431 2105 3508 significant
2130 3447 2294 3505 vera,

188 3549 254 3592 ae
285 3533 458 3592 fluvii
492 3533 946 3610 intelligentiam
985 3550 1143 3609 quae
1181 3551 1256 3592 ex
1291 3534 1470 3591 veris,
1527 3531 1710 3610 Apud
1745 3531 2013 3589 Eundem
2053 3527 2295 3603 „Dabo

189 3628 274 3690 Te
319 3632 395 3692 in
433 3629 674 3712 foedus
709 3629 950 3714 populo
963 3679 978 3709 ,
1050 3633 1121 3694 in
1170 3630 1370 3693 lucem
1409 3631 1695 3712 flentium
1745 3627 1836 3689 ad
1882 3625 2295 3708 aperiendum

183 3728 395 3792 oculos
446 3749 658 3794 caecos
669 3777 688 3807 ,
742 3739 802 3794 et
847 3733 938 3794 ad
979 3732 1369 3794 educendum
1420 3749 1453 3789 e
1492 3747 1733 3791 carcere
1780 3727 2087 3788 vinctum:
2142 3727 2295 3809 Eyo

183 3826 500 3903 Jehovah,
552 3832 664 3892 hoo
701 3832 948 3896 Nomen
983 3852 1216 3909 meum,
1269 3837 1329 3891 et
1375 3828 1655 3911 yloriam
1692 3847 1897 3889 meam
1930 3824 2123 3889 alter-z·
2166 3845 2303 3889 nonr

184 3929 391 3992 (1αόιῦί
443 3932 623 3992 XLII
637 3955 652 3992 z
698 3938 757 3994 6.
805 3940 863 3994 7.
910 3938 982 4012 8;
1037 3935 1190 3994 haec
1225 3948 1463 4011 quoque
1508 3930 1581 3989 de
1616 3929 1903 4004 Domino,
1959 3935 2021 3988 et
2066 3927 2141 3988 de
2191 3929 2288 3986 in·-

179 4034 546 4092 stauratione
582 4034 894 4096 Ecclesiae
956 4035 1032 4094 ab
1067 4035 1209 4111 Ipso
1271 4032 1435 4109 apud
1494 4036 1703 4108 gentes
1719 4051 1736 4107 3
1792 4027 1951 4106 quod
1994 4036 2135 4090 tunc
2180 4029 2287 4105 illi,

182 4136 276 4206 qui
311 4135 486 4209 prius
523 4136 582 4192 in
616 4137 980 4212 ignorantia,
1031 4135 1391 4195 intellecturi
1426 4134 1543 4191 sint
1567 4147 1740 4206 vera,
1781 4132 2147 4208 significatur
2180 4147 2292 4210 per

182 4233 382 4292 oculos
423 4251 636 4295 caecos
675 4253 826 4313 quos
863 4237 1096 4314 aperiet
1109 4257 1124 4312 3
1165 4242 1225 4295 et
1253 4234 1412 4311 quod
1440 4251 1513 4293 ex
1541 4235 1877 4309 ignorantia
1914 4239 1975 4292 et
2010 4251 2083 4292 ex
2122 4233 2289 4292 falsis

278 4349 710 4405 Swedcnborg,
755 4353 945 4404 Apocul.
975 4352 1087 4402 oapi.
1123 4353 1154 4389 Ι.
1886 4336 1971 4392 ’25
