2700 4792
35 9 61 435 ι
326 347 562 405 CAPUT
599 347 938 404 TERTIUM.
1676 351 1859 408 VERS
1884 371 1899 405 ε
1946 363 2035 414 16.
2193 363 2302 418 367

175 612 422 669 ctrinam
457 615 630 683 sunt3
669 625 782 684 per
813 609 978 668 illam
1009 611 1431 684 cogitationem
1462 619 1742 689 spectant
1778 614 1855 672 ad
1885 613 2151 690 Coelum,
2188 615 2301 676 sed

177 727 283 787 per
313 713 500 768 vitam
537 709 910 786 conjungunt
943 725 1008 768 se
1045 711 1311 783 inferne,
1356 720 1722 789 quapropter
1760 717 1915 774 inter
1952 714 2198 774 Coelum
2236 721 2299 776 et

36 819 39 882 ξ
175 809 475 870 Infernum
503 814 677 884 sunt;
721 815 781 868 et
808 811 910 886 qui
943 812 1100 869 inter
1131 817 1453 887 utrumque
1490 820 1648 888 sunt,
1688 815 1873 891 tepidi
1912 822 2067 874 sunt.
2122 815 2295 876 Haec

36 891 38 912 ³
179 913 332 984 dicta
366 918 512 969 sunt
551 910 625 969 de
665 916 826 968 statu
881 910 1020 968 fidei
1071 917 1131 967 et
1165 910 1303 970 inde
1340 914 1503 972 vitae
1538 913 1842 973 homiuum
1887 918 2045 974 intra
2075 915 2295 975 Eccle-

36 535 53 816 [
179 514 330 583 tent,
369 509 695 584 loquantur
729 513 792 568 et
825 507 1190 584 praedicent,
1229 515 1292 568 at
1323 525 1574 587 prorsus
1608 511 1756 572 nihil
1792 513 1931 572 dum
1968 519 2139 574 extra
2162 513 2297 575 Do·
2330 549 2338 556 -

177 1015 324 1072 siam
361 1027 438 1070 ex
477 1011 778 1080 doctrina,
839 1027 998 1069 nunc
1037 1011 1268 1070 dicetur
1327 1011 1402 1071 de
1440 1019 1601 1072 statu
1634 1014 1776 1074 fidei
1836 1023 1897 1074 et
1948 1015 2084 1074 inde
2134 1018 2297 1075 vitae

174 1113 480 1171 hominum
530 1112 838 1171 Ecclesiae
881 1128 956 1169 ex
995 1111 1228 1170 Verbox
1283 1112 1371 1170 illi
1409 1117 1511 1190 qui
1542 1117 1669 1173 nati
1717 1123 1855 1174 sunt
1888 1118 2045 1174 intra
2076 1115 2295 1176 Eccle-

176 1217 330 1284 sias,
383 1211 490 1270 ubi
526 1211 791 1271 doctrina
841 1210 914 1269 de
968 1211 1100 1270 sola
1134 1211 1248 1270 fide
1300 1220 1360 1270 et
1396 1213 1469 1274 de
1499 1214 1927 1291 justificatione
1974 1233 2083 1291 per
2129 1214 2294 1274 illam

173 1321 422 1389 recepta
449 1318 562 1383 est,
599 1311 798 1387 quoad
833 1310 1151 1388 plurimam
1178 1319 1411 1388 partem
1441 1332 1559 1373 non
1586 1317 1783 1398 sci-unt
1810 1316 1951 1391 quid
1984 1315 2117 1374 sola
2138 1315 2293 1376 fides

173 1431 280 1473 nec
321 1413 466 1490 quid
501 1412 850 1488 intelligitur
908 1429 1019 1488 per
1059 1412 1589 1490 justificationem,
1642 1433 1829 1492 quare
1866 1434 2004 1474 eum
2040 1416 2299 1475 audiunt

171 1514 274 1573 illa
305 1532 380 1573 ex
407 1513 872 1590 praedicatione,
909 1515 1172 1589 cogitant
1207 1514 1369 1589 quod
1402 1515 1770 1593 intelligatur
1802 1519 1927 1576 vita
1962 1516 2291 1576 secundum

171 1617 508 1690 praecepta
541 1612 660 1672 Dei
693 1614 755 1670 in
781 1611 1007 1684 Verb0,
1045 1613 1160 1672 hoc
1191 1615 1344 1672 enim
1386 1615 1635 1674 credunt
1672 1633 1806 1677 esse
1834 1616 2012 1676 fidem
2048 1623 2109 1676 et
2134 1634 2289 1693 quo-

174 1733 290 1792 que
328 1712 856 1792 justificationem,
917 1713 1096 1772 altius
1143 1730 1262 1771 non
1303 1715 1527 1773 intrant
1572 1719 1634 1775 in
1680 1734 1902 1775 areana
1946 1718 2283 1794 doctrinae3

171 1817 234 1876 hi
269 1829 514 1891 quoque
564 1829 698 1872 cum
743 1815 1118 1872 instruuntur
1149 1813 1245 1898 *de
1281 1814 1415 1873 sola
1448 1815 1563 1875 fide
1614 1824 1675 1877 et
1723 1817 1797 1877 de
1838 1817 2289 1895 justificatione,

171 1935 286 1976 non
321 1915 500 1973 aliter
531 1913 809 1986 credunt,
866 1931 1045 1990 quam
1081 1914 1241 1990 quod
1275 1915 1408 1974 sola
1438 1915 1589 1976 fides
1628 1919 1707 1976 sit
1742 1921 2006 1994 cogitare
2045 1919 2119 1977 de
2156 1917 2289 1976 Deo

173 2024 231 2076 et
265 2016 340 2074 de
377 2015 607 2088 salute,
666 2021 726 2072 et
767 2013 1060 2088 quomodo
1103 2012 1422 2074 vivendum
1436 2037 1451 2091 3
1502 2025 1563 2076 et
1634 2017 1793 2095 quod
1831 2019 2179 2095 justificatio
2214 2020 2293 2076 sit

171 2121 376 2176 vivere
415 2131 619 2173 coram
653 2114 786 2173 Deo
799 2133 814 2188 3
870 2116 928 2171 in
963 2114 1076 2173 hoc
1115 2121 1277 2173 statu
1326 2119 1700 2192 cogitationis
1740 2125 1799 2177 et
1834 2117 1975 2177 fidei
2012 2126 2293 2178 tenentur

176 2235 210 2276 a
231 2217 492 2276 Domino
523 2231 726 2273 omnes
757 2217 913 2272 intra
936 2214 1268 2274 Ecclesiam
1299 2219 1402 2292 qui
1428 2217 1753 2291 salvantur,
1798 2227 1859 2276 et
1886 2235 2126 2294 quoque
2152 2225 2295 2294 post

173 2333 488 2376 excessum
515 2331 546 2374 e
577 2315 794 2374 mando
833 2315 1206 2374 illustrantur
1231 2318 1291 2374 in
1317 2319 1493 2390 veris,
1534 2335 1672 2374 nam
1710 2320 1979 2393 recipere
2016 2319 2288 2378 illustra-

171 2419 396 2476 tionem
428 2423 708 2491 possunt3
762 2415 850 2474 illi
897 2423 1096 2475 autem
1132 2419 1235 2492 qui
1267 2419 1547 2476 vixerunt
1592 2435 1667 2476 ex
1701 2417 1989 2476 Doctrina
2044 2419 2120 2477 de
2156 2419 2290 2478 sola

173 2517 298 2574 fide
350 2522 410 2572 et
457 2515 524 2574 de
562 2515 987 2592 justificatione
1034 2533 1142 2592 per
1175 2516 1371 2588 illam,
1428 2517 1503 2576 de
1541 2517 1756 2594 quibus
1804 2534 2016 2594 supra,
2070 2535 2289 2578 occae-

173 2623 412 2686 cantur,
449 2632 518 2674 ex
551 2632 736 2674 causa
775 2619 915 2691 quia
951 2616 1081 2676 sola
1117 2616 1269 2676 fides
1307 2625 1401 2678 est
1426 2619 1595 2677 nulla
1628 2618 1797 2690 fideS,
1838 2623 1901 2676 et
1931 2617 2069 2676 inde
2097 2619 2286 2695 justi·-

171 2717 372 2778 ficatio
406 2733 520 2792 per
547 2716 736 2775 solam
760 2715 938 2775 fidem
969 2725 1066 2776 est
1090 2735 1190 2776 res
1219 2718 1417 2794 nihili3
1464 2719 1623 2794 quod
1658 2717 1789 2778 sola
1820 2717 1971 2777 fides
2008 2718 2088 2776 sit
2120 2717 2291 2776 nulla

169 2817 350 2890 fides,
389 2815 670 2874 videatur
705 2817 765 2874 in
801 2814 1110 2893 Opusculo
1150 2817 1224 2878 de
1251 2817 1497 2878 Ummo
1533 2818 1781 2879 JUmclo
1817 2835 1885 2878 n:
1930 2821 2015 2878 33
2058 2818 2135 2876 ad
2174 2819 2288 2877 39.

173 2919 261 2976 Ex
290 2919 390 2976 his
423 2923 697 2976 constare
730 2924 948 2992 potest,
989 2920 1227 2992 quinam
1255 2935 1366 2993 per
1392 2919 1627 2996 tepidos
1654 2917 2084 2995 intelliguntur,
2126 2919 2288 2996 quod

170 3036 388 3094 nempe
441 3020 546 3093 qui
587 3016 684 3074 illi·
713 3015 914 3076 dicunt
949 3018 1159 3091 corde,
1213 3019 1357 3094 quid
1402 3020 1586 3078 refert
1632 3021 1686 3077 si
1735 3019 1957 3078 bonum
2006 3022 2281 3096 cogitem,

169 3118 350 3178 velim
401 3125 464 3176 et
519 3118 758 3190 faciam,
826 3120 966 3194 quia
1010 3136 1121 3194 per
1165 3119 1227 3177 id
1279 3119 1445 3177 nulla
1494 3119 1694 3188 salue,
1760 3123 1907 3178 satis
1974 3128 2067 3180 est
2128 3121 2287 3199 quod

169 3217 424 3276 habeam
479 3215 682 3293 fidem3
739 3225 800 3277 et
849 3235 1086 3293 quoque
1143 3220 1284 3295 quid
1331 3220 1515 3278 refert
1569 3221 1621 3278 si
1658 3220 1878 3279 malum
1932 3224 2187 3299 cogitem
2226 3227 2287 3281 et

171 3318 384 3391 velim,
457 3319 599 3392 quia
657 3335 767 3394 per
823 3317 885 3376 id
927 3318 1094 3376 nulla
1163 3319 1495 3390 damnatio,
1558 3320 1901 3380 relaxantes
1952 3324 2038 3381 sic
2091 3325 2290 3380 omnia

171 3417 378 3476 fraena
425 3419 552 3492 suis
605 3419 1060 3494 cogitationibus
1115 3427 1176 3478 et
1227 3421 1685 3493 intentionibus,
1748 3423 1836 3479 ita
1883 3437 1993 3480 suo
2029 3421 2283 3496 spiritui,

123 3597 128 3602 “
170 3535 306 3576 nam
341 3520 592 3594 spiritus
631 3524 724 3576 est
760 3521 862 3594 qui
897 3521 1120 3594 cogitat
1156 3525 1214 3579 et
1251 3521 1538 3596 intendit,
1580 3526 1641 3580 et
1674 3519 1739 3578 fit
1773 3536 2021 3595 prorsus
2058 3535 2283 3578 secun-

170 3616 310 3676 dum
345 3617 428 3676 id.
480 3618 563 3676 At
597 3617 905 3676 sciendum
943 3627 1054 3688 est,
1096 3621 1254 3696 quod
1289 3622 1581 3698 perpauci
1614 3621 1732 3677 sint
1769 3621 1869 3694 qui
1907 3636 1981 3677 ex
2018 3619 2288 3678 doctrina

166 3720 250 3776 ita
299 3720 544 3791 vivunt,
601 3720 840 3776 tametsi
885 3737 921 3776 a
967 3720 1483 3795 praedicatoribus
1520 3717 1813 3792 creditur,
1869 3718 2029 3794 quod
2080 3735 2285 3778 omnes

169 3821 268 3893 qui
319 3816 804 3894 praedicationes
851 3837 1056 3878 corum
1108 3822 1391 3894 audiunt3
1450 3835 1523 3877 ex
1562 3818 1801 3876 Divina*-
1831 3819 1987 3876 enim
2040 3818 2285 3876 Domini

168 3917 560 3979 Providentia
598 3925 692 3978 est
727 3919 885 3994 quod
927 3924 1220 3996 perpauci
1253 3924 1407 3994 sint3
1462 3937 1539 3976 ex
1578 3934 1765 3976 causa
1805 3919 1945 3995 quia
1980 3933 2111 3977 sors
2159 3917 2285 3976 Te-

167 4019 446 4093 pidorum
492 4037 611 4078 non
641 4019 942 4084 ,absimilis
981 4029 1074 4080 est
1109 4024 1254 4080 sorti
1278 4019 1820 4097 prophanatorum,
1880 4025 1941 4078 et
1974 4035 2107 4080 sors
2141 4035 2288 4097 pro-

165 4119 568 4194 phanatorum
607 4126 735 4189 est,
779 4119 938 4197 quod
965 4121 1116 4196 illie,
1171 4128 1308 4198 post
1341 4122 1527 4178 vitam
1561 4121 1620 4176 in
1658 4118 1895 4195 mundo,
1943 4122 2293 4182 auferantur

165 4221 368 4278 omnia
432 4237 586 4296 quae
632 4221 940 4280 sciverunt
993 4239 1070 4280 ex
1115 4213 1348 4295 Vei-bo,
1419 4237 1490 4280 ac
1550 4220 1688 4279 dein
1724 4219 2141 4298 relinquantur
2194 4223 2292 4280 sui
2331 4237 2492 4300 [244]
