2700 4792
331 347 576 404 CAPUT
613 345 916 404 PRIMUM.
960 384 967 391 -·
1287 343 1294 350 ’
1410 388 1419 398 .
1686 345 1897 404 VERS:
1941 357 2055 446 153
2224 360 2293 411 77

119 515 206 572 In
255 509 522 583 tellure,
577 507 774 581 altera
823 525 899 566 ex
949 504 1091 566 Sole
1142 507 1326 581 coeli,
1386 508 1488 583 qui
1524 514 1619 566 est
1652 508 1975 584 Dominae,
2032 526 2101 572 ex
2158 509 2293 586 Quo

125 627 348 674 omne
390 611 551 668 vitae
595 607 826 684 angelis
881 616 942 667 et
985 606 1359 676 hominibus,
1412 625 1481 666 n:
1535 608 1747 666 3338.
1805 609 2015 668 5215.
2076 611 2288 669 7324.

129 711 358 788 Quod
391 710 584 772 Amor
619 711 700 768 sit
732 710 890 784 ignis
924 709 1086 766 vitae
1105 752 1124 782 ,
1185 713 1246 766 et
1273 705 1433 783 quod
1468 709 1607 782 ipsa
1638 707 1763 766 vita
1797 709 2289 770 actualiter-inde

129 816 258 888 sit,
315 830 392 870 n:
447 811 661 868 4906.
711 811 922 868 5071.
959 809 1170 866 6032.
1217 809 1427 866 6314.
1486 805 1661 882 Quod
1694 809 1933 868 flamma
1972 811 2053 868 sit
2078 827 2290 870 verum

131 931 236 972 ex
278 912 444 972 bono
487 911 677 968 intimi
715 908 910 982 Coeli,
961 914 1022 966 et
1055 907 1156 964 lux
1193 923 1404 966 verum
1438 923 1514 966 ex
1548 907 1705 966 bono
1742 908 1923 967 medii
1960 906 2159 979 Coeli,
2210 926 2285 970 n:

141 1015 397 1072 3222.
443 1012 670 1070 6832:
725 1026 802 1068 ex
835 1025 1050 1083 eausa,
1110 1010 1252 1084 qula
1283 1007 1421 1064 Lux
1454 1007 1517 1064 in
1557 1009 1761 1067 intimo
1804 1008 1991 1067 Coelo
2033 1017 2287 1085 apparet

131 1114 482 1185 flammea,
555 1116 616 1168 et
661 1111 726 1168 in
771 1108 968 1168 medio
1020 1107 1299 1181 candida,
1354 1125 1420 1166 n:
1486 1108 1707 1166 957οε
1770 1114 1829 1166 et
1871 1115 2191 1183 praeterea
2222 1112 2285 1168 in

144 1211 380 1288 Opere
409 1211 485 1270 de
517 1209 722 1269 Ceno
756 1227 836 1270 m·
870 1209 1179 1282 Inrenxo,
1232 1225 1301 1266 n:
1350 1210 1379 1264 1
1401 1209 1485 1266 16
1518 1207 1596 1264 ad
1638 1210 1797 1266 140.
1878 1207 2053 1283 Quod
2090 1207 2283 1285 Oculi,

145 1330 312 1372 cum
351 1311 426 1368 de
462 1309 752 1383 Domin0,
791 1308 1128 1385 significent
1160 1307 1442 1365 Divinam
1476 1307 1950 1382 Providentiam,
2008 1317 2103 1368 est
2146 1313 2287 1385 quia

153 1430 320 1473 cum
357 1411 428 1469 de
463 1410 716 1484 homine,
756 1409 1094 1487 significant
1125 1407 1523 1481 intellectum,
1565 1414 1626 1465 et
1648 1407 1905 1468 Divinus
1934 1408 2284 1470 Intellectus

169 1512 334 1587 quia
368 1509 619 1568 infinitus
671 1517 766 1568 est
807 1511 1032 1570 Divina
1077 1507 1495 1581 Providentia;
1548 1525 1667 1566 non
1714 1507 1875 1568 aliud
1922 1527 2033 1586 per
2076 1510 2283 1569 oculos

161 1610 222 1670 J
225 1610 457 1686 ehovee
495 1610 864 1686 signifieat-ur
895 1608 1056 1686 apud
1113 1608 1357 1685 Esajam
1400 1604 1704 1681 „Inclina
1732 1608 2017 1670 Jehovah,
2064 1628 2285 1670 aurem

152 1717 358 1774 tuam
409 1715 470 1769 et
523 1709 716 1785 audi,
789 1715 850 1770 et
903 1708 1086 1788 aperi
1134 1705 1419 1768 Jehovah
1482 1704 1697 1770 oeulos
1767 1714 1911 1770 tuos
1968 1715 2027 1770 et
2088 1708 2282 1770 vide“

151 1811 517 1872 XXXVII:
577 1815 606 1870 1
629 1815 686 1869 7.
788 1810 972 1888 Apud
1025 1807 1355 1869 Jeremiam
1415 1805 1711 1881 „Ponam
1760 1808 2030 1871 Oculum
2078 1829 2285 1872 meum

154 1931 364 1992 super
395 1907 550 1972 illos
583 1907 656 1970 in
698 1911 924 1974 bonum
939 1954 954 1981 ,
1007 1915 1067 1970 et
1095 1907 1403 1982 reducam
1434 1927 1538 1966 eos
1575 1927 1763 1988 super
1802 1915 2040 1971 terram
2074 1930 2277 1986 suam,

151 2019 226 2074 et
264 2009 613 2092 aedifioabo
653 2013 804 2070 θοαί(
841 2010 1090 2072 XXIV:
1137 2013 1196 2070 6.
1251 2008 1436 2086 Apud
1457 2009 1755 2068 Davidem
1790 2009 2005 2084 „Ecce
2042 2008 2283 2073 Oculus

151 2111 448 2176 Jehovae
509 2129 700 2190 super
749 2110 1118 2172 timentibus
1168 2108 1443 2190 Ipsum“
1487 2108 1716 2169 Psalm:
1788 2111 2101 2172 XXXIII:
2167 2116 2196 2170 1
2216 2115 2277 2171 8.

151 2215 246 2275 Et
299 2211 466 2290 apud
523 2211 798 2272 Eundem
863 2209 1194 2288 „Jehovah
1252 2209 1323 2269 in
1382 2207 1613 2288 templo
1651 2198 2043 2272 'sanctitatis
2106 2231 2276 2287 suae,

161 2311 364 2378 Oculi
398 2311 624 2390 Ipsius
657 2311 890 2384 vident,
925 2317 986 2371 et
1008 2308 1353 2392 palpebrae
1397 2308 1620 2390 Ipsius
1647 2311 1921 2390 probant
1946 2310 2131 2393 filios
2164 2311 2277 2374 ho-

154 2412 419 2475 mini3“
488 2411 720 2470 Psalm:
769 2411 894 2472 XI:
945 2415 1020 2470 4:
1077 2419 1137 2470 et
1183 2411 1341 2470 alibi.
1416 2410 1573 2487 Quid
1620 2412 1841 2470 Divina
1875 2413 2279 2483 Providentia,

157 2504 458 2572 videatur
523 2513 586 2568 in
643 2511 970 2570 Doc‘mmA
1013 2511 1226 2575 Novus
1283 2511 1796 2587 Hmnosonwum,
1878 2530 1947 2570 n:
2006 2514 2139 2572 267
2202 2512 2281 2570 ad

167 2617 209 2674 2
231 2619 265 2672 7
283 2614 344 2670 9.

285 2776 299 2790 ,
337 2715 448 2772 69.
531 2709 612 2772 Et
653 2712 854 2772 Pedes
898 2709 1101 2788 Ipsius
1153 2713 1381 2772 similes
1428 2709 1839 2772 chalcolibano
1889 2718 2171 2786 tanquam
2217 2713 2281 2770 in

159 2815 400 2876 camino
447 2815 646 2892 igniti,
711 2813 873 2890 quod
916 2813 1210 2890 significet
1259 2812 1535 2872 ultimum
1595 2812 1818 2871 ordinis
1866 2810 2069 2870 Divini
2119 2812 2278 2888 quod

157 2915 473 2988 naturale,
542 2914 790 2992 plenum
849 2913 1070 2974 Divino
1123 2914 1375 2988 Amore,
1432 2919 1666 2972 constat
1720 2931 1792 2972 ex
1849 2912 2278 2988 significatione

159 3015 416 3088 Pedum,
455 3014 616 3090 quod
652 3015 772 3074 sint
803 3015 1116 3089 naturale,
1169 3014 1242 3074 de
1283 3031 1403 3092 qua
1436 3032 1504 3071 n:
1550 3016 1760 3072 2162.
1807 3015 1993 3072 3147
2062 3016 2273 3074 3761.

171 3117 394 3174 8986.
419 3116 504 3172 42
521 3117 629 3173 80.
655 3116 844 3174 4938
865 3113 1190 3190 3649525
1226 3115 1386 3184 inde,
1408 3131 1542 3172 cum
1572 3114 1647 3172 de
1672 3114 1949 3182 Domino,
1974 3115 2133 3190 quod
2160 3116 2278 3174 sint

166 3213 452 3272 ultimum
485 3211 718 3272 Ordinis
746 3215 969 3289 Divini,
1008 3217 1153 3292 quia
1186 3213 1245 3272 id
1277 3221 1369 3272 est
1396 3214 1700 3288 naturale3
1742 3231 1816 3272 ex
1842 3214 2277 3290 significatione

162 3313 600 3388 chalcolibani,
647 3329 756 3376 seu
803 3316 963 3374 aeris
1009 3315 1324 3390 laevigati,
1384 3313 1544 3389 quod
1588 3317 1667 3373 sit
1714 3314 1934 3372 bonum
1982 3315 2275 3383 naturale,

165 3415 246 3473 de
289 3431 410 3491 qua
443 3416 742 3490 sequitu1’3
799 3422 860 3474 et
897 3431 973 3472 ex
1008 3415 1441 3491 significatione
1480 3415 1679 3489 igniti,
1728 3431 1861 3473 eum
1888 3414 1962 3473 de
1996 3415 2271 3486 Domino,

167 3514 327 3591 quod
350 3517 431 3573 sit
466 3514 625 3590 quod
661 3532 736 3573 ex
770 3515 992 3574 Divino
1031 3515 1282 3583 Amore,
1331 3513 1405 3572 de
1449 3531 1569 3592 qua
1620 3533 1688 3573 n:
1736 3515 2008 3575 100552
2060 3513 2275 3572 dicitur
2315 3521 2447 3584 [50]-

169 3621 454 3691 tanquam
506 3617 568 3671 in
603 3617 841 3674 camino
886 3615 1088 3691 igniti,
1153 3620 1222 3672 ut
1263 3617 1633 3690 exprimatur
1674 3615 1933 3682 Divinus
1982 3611 2171 3670 Amor
2214 3613 2277 3670 in

167 3718 426 3775 maximo
479 3715 696 3790 gradu,
765 3721 826 3772 et
869 3717 933 3772 in
979 3731 1092 3773 suo
1140 3715 1348 3791 pleno,
1404 3731 1544 3773 nam
1594 3715 1881 3773 Divinum
1931 3719 2026 3770 est
2066 3714 2129 3770 in
2164 3728 2276 3771 suo

165 3813 348 3890 pleno
382 3828 522 3874 cum
556 3816 618 3873 in
653 3831 764 3874 suo
802 3815 1039 3892 ultime,
1107 3822 1166 3874 et
1199 3813 1475 3874 ultimum
1512 3823 1605 3873 eet
1638 3813 1949 3887 naturale,
1998 3812 2279 3872 videatur

168 3931 352 3992 supra
397 3933 469 3972 n:
524 3917 648 3974 66:
713 3915 853 3973 inde
903 3921 1100 3990 patet,
1163 3914 1324 3992 quod
1368 3930 1480 3991 per
1535 3915 1731 3973 Pedes
1785 3913 1989 3990 Ipsius
2048 3915 2277 3974 similes

167 4015 578 4076 chalcolibano
613 4021 898 4091 tanquam
931 4016 994 4073 in
1029 4018 1260 4074 camino
1296 4017 1544 4090 ignitos,
1603 4013 1969 4089 significetur
2002 4014 2277 4074 ultimum

165 4115 384 4174 ordinis
411 4113 618 4174 Divini
654 4115 815 4191 quod
849 4115 1162 4185 naturale,
1198 4114 1449 4191 plenum
1483 4113 1705 4172 Divino
1742 4112 1986 4172 Amore.
2042 4114 2275 4174 Dicun-

165 4220 258 4274 tur
301 4215 486 4290 haee,
541 4222 609 4273 ut
663 4231 904 4292 quoque
954 4215 1417 4292 praecedentia,
1486 4214 1927 4288 comparative,
1990 4219 2057 4270 ut
2118 4212 2279 4286 quod
