2700 4792
439 403 550 458 180
804 389 1290 448 APOCALYPSIS
1333 389 1770 449 EXPLICATA.
1852 391 1899 460 §-
1946 401 2077 453 136.
2120 399 2250 453 137.

442 567 616 612 omne
671 567 882 610 verum
937 555 1032 609 est
1085 567 1159 609 ex
1212 548 1400 624 bone,
1464 558 1557 608 est
1610 552 1765 608 onim
1816 549 2007 608 forma
2056 552 2221 627 ejuS,
2272 556 2335 610 et
2370 568 2527 610 omne

441 652 664 711 bonum
715 656 810 710 est
859 651 1009 710 Esse
1059 639 1187 710 ueri
1201 670 1216 726 3
1270 650 1494 710 bonum
1544 653 1699 710 enim
1756 669 1891 710 cum
1938 651 2262 721 formatur,
2318 656 2385 710 ut
2429 669 2527 728 ap-

441 757 658 830 pareat
691 753 874 810 menti
910 757 969 808 et
995 769 1106 828 per
1131 757 1391 810 montem
1426 751 1486 808 in
1523 750 1798 826 loquela,
1836 758 2090 809 vocatur
2126 769 2372 826 verum3
2406 751 2527 811 inde

443 852 660 912 dictum
708 858 802 910 est
842 851 1002 927 quod
1035 851 1256 910 bonum
1293 853 1372 910 sit
1411 851 1565 911 Esse
1602 854 1761 910 veri:
1817 849 1927 910 sed
1960 851 2037 909 de
2082 851 2177 910 his
2224 851 2404 928 plura
2446 854 2527 909 vi-

444 953 696 1011 deantur
747 954 814 1010 in
859 951 1183 1032 Docrnnqn
1238 951 1453 1010 Novae
1516 952 2000 1010 ernosomme
2048 970 2117 1010 n:
2176 955 2252 1010 11
2308 953 2388 1010 ad
2434 955 2542 1010 2²2

443 1061 564 1111 tum
609 1054 696 1110 28
729 1051 806 1110 ad
838 1053 948 1110 35.
997 1053 1080 1110 54
1116 1051 1192 1109 ad
1227 1054 1509 1110 64.108
1544 1051 1621 1110 ad
1658 1054 1814 1110 122.

605 1154 763 1211 137.
817 1153 894 1211 Et
935 1153 994 1209 in
1035 1147 1245 1209 diebus
1283 1153 1342 1209 in
1372 1152 1589 1228 quibus
1629 1152 1883 1228 Antipas
1920 1158 2149 1229 martyr
2182 1170 2360 1212 mous
2394 1151 2523 1212 fide-

442 1254 516 1314 lis
569 1254 671 1330 qui
707 1255 942 1310 occisus
984 1251 1144 1327 apud
1191 1269 1330 1326 vos,
1388 1253 1546 1328 quod
1593 1252 1885 1328 significet
1932 1255 1991 1310 in
2036 1271 2107 1311 eo
2156 1259 2430 1330 tempore
2478 1259 2528 1312 et

445 1362 609 1413 statu
653 1361 768 1428 quo
806 1352 941 1411 odio
985 1352 1282 1409 habentur
1323 1369 1529 1411 omnes
1570 1356 1673 1429 qui
1708 1353 1991 1412 Dix·inum
2030 1353 2382 1412 Humanum
2414 1355 2524 1414 Do-

355 1473 366 1480 ’
445 1457 586 1513 mini
625 1454 1010 1530 profitentur,
1065 1460 1299 1511 constat
1335 1471 1413 1512 ex
1448 1453 1875 1529 significatione
1916 1454 2037 1512 diei
2072 1455 2231 1530 quod
2268 1458 2355 1514 sit
2394 1461 2527 1514 tem-

319 4233 382 4276 ‘b—

442 1572 560 1633 pus
592 1562 649 1614 et
676 1559 892 1627 status,
937 1553 1010 1612 de
1047 1571 1169 1634 qua
1205 1571 1272 1611 n:
1317 1555 1429 1612 23.
1467 1556 1629 1612 488.
1674 1555 1835 1613 493.
1880 1555 2041 1614 893.
2082 1557 2300 1614 2788.
2336 1557 2523 1616 3462.

447 1655 660 1714 3785.
703 1655 916 1714 4850.
968 1655 1238 1726 10656‚
1295 1655 1434 1712 inde
1470 1657 1531 1714 in
1578 1655 1790 1712 diebus
1830 1655 1890 1712 in
1938 1655 2183 1730 quibus,
2249 1656 2525 1733 significat

444 1759 502 1814 in
541 1766 611 1813 eo
647 1761 916 1830 tempore
967 1761 1025 1812 et
1079 1761 1238 1812 statu
1251 1775 1266 1830 3
1323 1771 1399 1813 ex
1444 1755 1872 1831 significatione
1919 1755 2221 1831 Antipatis
2259 1757 2521 1834 Martyris

442 1856 562 1913 mei
610 1853 834 1923 fidelia,
898 1854 1057 1932 quod
1111 1857 1228 1913 sint
1283 1857 1385 1930 qni
1433 1855 1785 1932 profitentur
1849 1855 2134 1914 Divinum
2194 1857 2522 1916 Humanum

442 1955 708 2029 Domini,
773 1954 847 2014 de
887 1973 1007 2031 qua
1047 1958 1351 2031 sequitur3
1410 1963 1468 2015 et
1506 1974 1581 2015 ex
1619 1955 2047 2033 significatione
2100 1957 2323 2034 occidi,
2387 1954 2522 2034 quod

443 2056 522 2113 sit
569 2054 703 2113 odio
750 2054 985 2130 haberi3
1043 2056 1202 2132 quod
1255 2057 1444 2116 occidi
1490 2059 1567 2114 sit
1622 2057 1769 2115 odio-
1818 2056 2055 2131 haberi,
2114 2063 2207 2115 est
2246 2061 2398 2134 quia
2434 2057 2520 2134 qui

443 2155 578 2214 odio
622 2155 803 2214 habet
839 2156 890 2214 is
930 2164 1224 2232 perpetuo
1253 2157 1499 2232 occidit,
1540 2175 1658 2216 non
1692 2157 1856 2218 aliud
1891 2160 2045 2234 gerit
2080 2160 2277 2216 animo
2311 2176 2388 2218 ae
2413 2157 2519 2216 vult

443 2273 622 2332 quam
658 2256 946 2329 occidere,
989 2263 1048 2314 et
1077 2273 1311 2334 quoque
1341 2257 1641 2317 occideret
1668 2260 1783 2316 nisi
1817 2258 2154 2316 inhiberent
2188 2259 2359 2336 leges
2371 2280 2389 2334 3
2424 2259 2517 2318 hoc

440 2356 590 2416 latet
628 2359 688 2414 in
725 2356 889 2431 odio,
948 2365 1314 2434 quapropter
1341 2359 1443 2434 qui
1473 2358 1606 2417 odio
1633 2358 1817 2417 habet
1842 2361 2205 2435 proximum,
2244 2362 2307 2418 in
2342 2359 2517 2418 altera

439 2459 596 2532 vita,
655 2457 890 2534 quando
937 2459 994 2516 ei
1031 2456 1274 2517 vincula
1310 2466 1560 2518 externa
1598 2458 1979 2528 auferuntur,
2024 2462 2303 2519 continue
2344 2461 2515 2538 spirat

437 2575 648 2618 necem
695 2559 973 2634 alteriue,
1027 2558 1141 2617 hoc
1185 2559 1327 2616 mihi
1376 2565 1658 2618 testatum
1704 2559 1928 2618 factum
1966 2566 2059 2618 est
2102 2560 2296 2619 multa
2340 2577 2512 2638 expe-

438 2661 668 2718 rientia.
733 2658 909 2736 Quod
945 2659 1200 2735 Antipas
1237 2668 1463 2737 martyr
1509 2659 1703 2719 fidelis
1752 2659 2045 2736 significet
2080 2660 2216 2720 illos
2256 2663 2357 2736 qui
2398 2660 2513 2720 odio

435 2759 731 2820 habentur
757 2765 1006 2838 propter
1032 2761 1392 2836 agnitionem
1426 2761 1630 2819 Divini
1665 2761 1923 2818 Humani
1960 2761 2227 2832 Domini,
2272 2768 2367 2820 est
2395 2761 2513 2837 quia

437 2861 692 2937 Antipas
731 2861 970 2936 quidam
1009 2877 1081 2920 eo
1125 2867 1393 2937 tempore
1422 2861 1557 2920 ideo
1596 2863 1829 2920 occisus
1862 2869 1982 2932 est,
2028 2869 2397 2938 quapropter
2420 2876 2512 2938 per

433 2959 603 3017 illum
649 2960 1059 3036 intelliguntur
1109 2978 1314 3019 omnes
1354 2963 1455 3038 qui
1503 2961 1639 3021 ideo
1676 2962 1811 3021 odio
1850 2963 2175 3022 habentur:
2224 2953 2391 3022 'sicut
2420 2977 2512 3039 per

435 3059 760 3134 Lazarum,
829 3063 929 3135 qui
963 3063 1270 3139 projectus
1307 3061 1386 3119 ad
1436 3062 1799 3120 vestibulum
1838 3063 2035 3123 divitis
2074 3071 2135 3124 et
2170 3061 2511 3123 desideravit

435 3161 690 3217 saturari
725 3162 894 3219 micis
927 3177 1002 3218 ex
1036 3179 1245 3220 mensa
1280 3163 1413 3239 ejus
1454 3145 1837 3238 cadentibuS,
1878 3165 2289 3241 intelliguntur
2324 3176 2507 3223 omnes

439 3275 588 3334 quos
629 3259 924 3318 Dominus
967 3267 1128 3318 amat
1167 3265 1306 3338 quia
1364 3261 1708 3322 desiderant
1748 3282 1897 3323 vera
1938 3283 2014 3324 ex
2050 3266 2361 3324 affectione
2396 3265 2504 3341 spi-

431 3360 662 3436 rituali,
725 3363 1000 3418 videatnr
1050 3377 1232 3437 supra
1292 3381 1363 3422 n:
1440 3364 1468 3420 l
1492 3365 1610 3438 183
1683 3364 1844 3440 quod
1890 3364 2183 3424 Dominus
2240 3365 2507 3426 amaverit

434 3462 730 3538 quendam
769 3460 986 3518 dictum
1025 3461 1350 3540 Lazarum,
1406 3481 1585 3540 quem
1636 3467 1814 3523 etiam
1852 3468 2244 3524 exsuscitavit
2290 3484 2329 3525 a
2363 3481 2501 3524 mor·-

429 3565 578 3632 tuiS,
621 3567 794 3638 patet
842 3561 1005 3636 apud
1044 3562 1382 3622 ,Iohannem
1434 3563 1592 3640 Cap:
1642 3563 1771 3624 XI:
1830 3567 1890 3625 3.
1948 3567 2006 3626 5.
2064 3567 2189 3640 36,
2260 3573 2321 3626 et
2366 3560 2502 3644 quod

429 3661 780 3721 accubuerit
819 3677 952 3720 eum
1005 3662 1261 3721 Domino
1315 3664 1391 3722 ad
1436 3681 1736 3740 mensam,
1788 3665 1948 3743 Cap:
1994 3665 2137 3741 XII,
2200 3674 2499 3744 propterea

425 3761 696 3820 Lazarus
749 3760 940 3823 dietus
993 3771 1086 3822 est
1121 3781 1157 3822 a
1191 3765 1477 3841 Domin0,
1538 3768 1641 3841 qui
1680 3765 1869 3824 voluit
1916 3768 2175 3825 saturari
2209 3770 2375 3826 micis
2410 3782 2496 3824 ca-

424 3861 704 3922 dentibus
757 3880 790 3922 e
839 3881 1050 3924 mensa
1085 3864 1317 3936 divitie,
1371 3883 1482 3942 per
1533 3865 1692 3944 quod
1739 3867 2109 3944 significatur
2162 3867 2496 3927 desiderium

425 3961 503 4020 ad
540 3978 686 4022 vera
730 3981 804 4023 ex
839 3965 1148 4024 affectione
1187 3966 1503 4042 spirituali,
1546 3973 1615 4024 ut
1662 3983 1850 4043 supra
1898 3987 1968 4026 n:
2024 3971 2163 4028 118
2216 3975 2495 4028 ostensum

425 4069 546 4122 est:
585 4066 738 4124 sicut
763 4069 1098 4124 nominatus
1139 4073 1230 4125 est
1271 4065 1539 4125 Lazarus
1575 4072 1931 4143 propterea,
1970 4070 2057 4126 ita
2095 4069 2349 4145 Antipas
2376 4065 2494 4143 quia

419 4171 645 4240 martyr
693 4165 885 4224 sactus
930 4167 1004 4225 ob
1056 4165 1288 4226 Nomen
1337 4167 1609 4241 Domini,
1674 4167 1789 4226 hoc
1849 4175 1971 4242 est,
2030 4168 2107 4226 ob
2160 4171 2493 4245 agnitionem

419 4261 623 4322 Divini
657 4265 920 4324 Humani
953 4266 1172 4342 Ipsius.
1260 4265 1435 4340 Quod
1471 4266 1559 4324 illi
1595 4267 1731 4324 odio
1770 4267 2105 4327 habeantur
2134 4269 2209 4340 ab
2245 4266 2489 4328 omnibus

2638 450 2665 554 ἐ

2645 3491 2654 3536 Ι,

2652 3537 2654 3554 i
