2700 4792
181 363 452 422 CAPUT
503 361 896 431 QUARTUM.
1644 365 1857 422 VERS=
1901 379 1953 430 3.
2134 379 2245 434 44⁷

86 525 400 601 pellucens
465 543 562 584 ex
600 525 820 584 Divino
853 523 1024 584 Bono
1057 523 1262 584 Divinl
1295 525 1552 586 Amoris.
1618 525 1799 603 Quod
1825 527 2025 606 jaspis
2057 531 2249 608 signi-

87 625 204 685 ficet
249 627 588 686 Divinum
625 625 906 684 Amorem
943 624 1091 684 Veri
1135 641 1248 686 seu
1291 625 1577 686 Divinum
1614 625 1841 688 Verum
1890 630 2247 710 procedens,

91 734 314 786 constat
356 743 448 786 ex
495 725 654 784 locis
689 727 752 784 in
786 725 990 784 Verbo
1030 724 1130 784 ubi
1163 728 1533 802 nommetur,
1588 733 1655 786 ut
1690 728 1895 789 Exod:
1932 729 2248 794 xxvme

91 829 188 902 203
245 835 318 886 et
359 825 634 890 Ezech:
671 825 984 886 XXVIII:
1027 828 1146 895 13,
1181 833 1304 884 tum
1339 829 1402 886 in
1436 827 1809 906 Apocalypsi
1848 826 2253 904 „Luminaro

91 923 367 988 Sanctae
409 922 930 1006 H'ieroeolymae
989 922 1204 986 ,simile
1249 922 1465 1004 lapidi
1494 927 1997 1006 pretiosissime,
2052 930 2251 994 sicuti
2364 921 2379 930 ’

93 1023 328 1106 lapidi,
356 1024 690 1106 Jaspidi,
759 1025 974 1086 instar
1033 1023 1333 1105 crystalli
1394 1024 1751 1106 splendeat·
1772 1032 1811 1064 ‘⁴‘
1886 1028 2071 1092 XXI:
2120 1035 2245 1110 113
2289 1045 2449 1106 [295]

99 1144 192 1202 per
215 1129 555 1190 luminare
585 1134 828 1188 sanctae
846 1125 1304 1202 Hierosolymae
1329 1127 1701 1204 significatur
1717 1129 1998 1192 Divinum
2018 1131 2249 1194 verum

97 1226 424 1288 Ecclesiae
467 1229 708 1302 lucens,
762 1227 1054 1287 luminare
1090 1229 1288 1302 ipsum
1325 1245 1533 1286 verum
1568 1228 1805 1304 lucens,
1862 1239 1923 1291 et
1954 1232 2248 1294 Hieroso-

103 1326 252 1404 lyma
281 1329 596 1390 Ecclesia
631 1326 828 1404 quoad
853 1327 1182 1387 doctrinam
1198 1346 1216 1402 3
1253 1327 1369 1387 hoc
1398 1329 1765 1390 assimilatur
1789 1330 1975 1408 lapidi
1992 1333 2244 1410 jaspidi,

105 1431 238 1502 quia
256 1431 488 1507 jaspis
517 1429 710 1488 simile
737 1427 1058 1504 significat:
1089 1434 1150 1486 et
1176 1425 1320 1486 alibi
1347 1425 1739 1502 „Structura
1762 1427 1949 1492 Muri
1972 1429 2249 1493 Sanctae

111 1525 622 1611 Hierosolymae
677 1533 815 1590 erat
851 1526 1110 1607 Jaspis,
1165 1533 1226 1587 et
1265 1528 1417 1588 urba
1470 1547 1703 1591 auram
1738 1549 1981 1610 pura-m
2032 1529 2246 1592 simile

113 1627 270 1690 via-o
300 1647 492 1709 puro
503 1631 540 1662 “
579 1619 773 1690 XXI!
821 1631 942 1704 183
997 1645 1206 1687 murus
1242 1627 1501 1690 Sanctae
1535 1630 1999 1710 Hierosolymae·
2026 1632 2245 1693 dicitur

121 1745 187 1787 ex
237 1731 546 1808 Jaspide,
623 1732 765 1807 quia
824 1747 936 1807 per
983 1747 1216 1788 murum
1274 1730 1643 1807 significatur
1684 1731 1969 1792 Divinum
2020 1734 2247 1794 Verum

40 1887 42 1892 .
121 1836 350 1890 tutans:
415 1838 476 1890 et
513 1834 654 1909 quia
686 1847 798 1907 per
833 1849 1063 1889 murum
1097 1829 1162 1888 id
1195 1830 1591 1907 significatur,
1639 1832 1775 1894 ideo
1821 1836 2051 1912 primus
2084 1835 2243 1912 lapis

128 1928 642 1991 fundamentorum
681 1932 812 2009 ejus
847 1930 1064 1991 dicitur
1097 1929 1338 2007 Jaspis‚
1395 1932 1585 1993 Vers:
1634 1937 1741 2010 19,
1796 1935 2245 1996 fundamentum

40 2093 42 2102 ¹
131 2031 422 2106 significat
455 2051 662 2092 verum
699 2049 884 2108 super
933 2049 1050 2108 quo
1087 2031 1371 2091 fundatur
1403 2033 1696 2093 Ecclesia.
1774 2035 2011 2096 Dicitur
2064 2040 2245 2097 etiam

139 2125 412 2207 Sal-dius,
469 2135 746 2210 quoniam
781 2150 892 2208 per
925 2131 1093 2190 illum
1136 2131 1401 2208 lapidem
1438 2134 1807 2208 significatur
1840 2135 2091 2212 bonum,
2146 2136 2245 2196 hie

40 2275 42 2280 .
135 2225 410 2290 Divinum
446 2235 674 2293 Bonum
725 2235 868 2309 quia
913 2231 986 2290 de
1021 2232 1308 2306 Domin03
1365 2237 1459 2290 est
1502 2231 1599 2291 hic
1646 2233 1801 2309 lapis
1856 2238 1959 2312 qui
1992 2243 2245 2297 vocatur

141 2345 426 2407 pyropus,
481 2336 584 2411 qui
621 2335 762 2408 quia
795 2335 952 2392 sicut
997 2350 1070 2390 ex
1119 2333 1254 2408 igne
1302 2330 1497 2402 lucet,
1550 2349 1661 2408 per
1698 2340 2013 2412 utrumque
2051 2339 2241 2414 signi-

40 2455 43 2496 ,
147 2424 354 2486 fleatur
382 2435 808 2494 translucentia
843 2435 968 2492 veri
1005 2450 1080 2492 ex
1115 2433 1303 2491 bono:
1360 2429 1521 2508 quod
1554 2447 1761 2492 omnes
1792 2433 2055 2511 Lapides
2090 2454 2243 2513 pre-

148 2527 288 2585 tiosi
339 2533 652 2607 significent
712 2551 856 2593 vera
910 2532 1077 2593 Coeli
1131 2538 1192 2591 et
1225 2533 1535 2592 Ecclesiae
1594 2549 1670 2592 ex
1728 2533 1903 2608 bono,
1964 2535 2243 2594 videatur

145 2645 212 2684 n:
258 2632 412 2690 114.
461 2635 658 2694 9863.
709 2635 920 2693 9865.
967 2635 1178 2693 9868.
1225 2635 1452 2710 9873;
1506 2633 1643 2694 inde
1679 2639 1789 2708 est,
1828 2630 1987 2711 quod
2021 2636 2081 2692 in
2114 2635 2241 2694 Pe-

149 2731 342 2792 ctorali
367 2734 682 2808 Abarnias,
721 2733 880 2811 quod
916 2739 1165 2793 vocatur
1191 2733 1361 2795 Urim
1390 2741 1451 2793 et
1478 2734 1845 2809 Thummim‚
1884 2735 2067 2812 positi
2099 2735 2238 2794 fue-

42 2855 44 2884 ÷
148 2830 250 2889 rint
283 2833 590 2896 duodecim
619 2834 882 2913 Lapides
917 2834 1192 2910 pretiosi,
1248 2840 1309 2894 et
1342 2852 1455 2912 per
1486 2833 1623 2894 illos
1658 2834 1801 2894 data
1832 2849 2147 2912 responsa,
2180 2839 2245 2894 et

149 2926 246 2990 hoc
279 2953 388 3012 per
425 2935 1064 3012 exsplendescentiam,
1105 2941 1168 2992 et
1200 2935 1379 2994 simul
1412 2941 1553 2995 tunc
1579 2953 1691 3012 per
1716 2935 1805 2995 rei
1836 2938 2242 3013 interrogatae

150 3040 576 3113 perceptionem
590 3081 606 3110 ,
662 3043 766 3118 aut
799 3053 910 3112 per
945 3036 1142 3093 vivam
1178 3052 1423 3109 vocem,
1480 3035 1757 3097 videatur
1791 3055 1861 3097 nt
1906 3039 2118 3099 9905.

279 3140 446 3198 269.
513 3138 589 3196 Et
621 3138 724 3196 iris
761 3136 1044 3196 circuitus
1081 3135 1306 3194 Throni
1354 3134 1566 3195 similis
1616 3144 1870 3215 aspectu
1904 3137 2241 3216 smaragde,

154 3238 286 3308 quod
323 3237 619 3315 significet
653 3238 1068 3314 apparentiam
1103 3237 1304 3295 Divini
1337 3237 1486 3296 Veri
1520 3239 1581 3295 in
1618 3236 1819 3299 Coelis
1856 3241 2076 3300 circum
2110 3239 2244 3300 Do-

153 3337 378 3411 minum,
437 3345 672 3397 constat
717 3355 790 3396 ex
827 3336 1256 3414 significatione
1311 3337 1477 3398 iridis
1524 3339 1735 3398 similis
1788 3347 2043 3416 aspectu
2076 3357 2243 3401 sma-

42 3437 44 3532 j
154 3439 343 3514 ragdo,
383 3438 544 3514 quod
579 3440 658 3496 sit
692 3439 1044 3514 apparentia
1078 3438 1283 3496 Divini
1309 3437 1457 3497 Veri
1501 3439 1563 3497 in
1599 3453 1713 3498 sua
1748 3440 2245 3509 circumferentia,

42 3585 44 3588 ,
152 3534 230 3597 iris
283 3541 440 3598 enim
476 3541 760 3598 circuitus
799 3538 1023 3597 Throni
1069 3538 1361 3614 significat
1407 3537 1687 3598 Divinum
1724 3537 1951 3596 Verum
1986 3539 2245 3610 circum-

42 3615 45 3688 !
154 3639 311 3712 eirca,
351 3639 560 3698 similis
597 3649 848 3716 aspectu
875 3638 1168 3714 significat
1194 3638 1607 3712 apparentiam
1624 3657 1643 3711 3
1697 3635 1855 3712 quod
1890 3637 2249 3713 apparentia

152 3735 306 3800 suerit
337 3742 528 3798 instar
563 3740 893 3816 smaragdi,
929 3744 1060 3798 erat
1095 3739 1236 3813 quia
1269 3735 1570 3793 indicabat
1614 3736 1881 3794 ultimum
1918 3735 2245 3807 audinum,

154 3841 290 3900 color
325 3842 486 3900 euim
518 3841 698 3918 hujus
736 3839 954 3918 lapidis
995 3844 1087 3898 est
1123 3836 1344 3909 viridis,
1388 3841 1447 3894 et
1474 3835 1663 3894 viride
1701 3836 1999 3912 significat
2034 3852 2245 3896 verum

153 3939 538 4018 obscuratum3
593 3941 878 4002 Divlnum
925 3940 1150 3999 Verum
1201 3939 1260 3995 in
1311 3953 1421 3994 suo
1470 3934 1789 4012 splendore
1843 3941 2097 4014 apparet
2145 3933 2247 3995 vel

156 4043 326 4102 colore
363 4041 642 4116 coelesti,
699 4042 798 4100 vel
833 4040 1032 4100 colore
1071 4041 1238 4097 vario
1285 4041 1344 4096 in
1380 4035 1629 4114 pulchro
1664 4035 1871 4098 ordine
1908 4039 2065 4098 sicut
2096 4036 2245 4114 Iris3

155 4148 204 4198 at
233 4161 356 4202 cum
395 4143 766 4208 obscuratur,
806 4147 1061 4220 apparet
1099 4139 1298 4200 colore
1336 4137 1749 4216 smaragdino3
1806 4146 1939 4200 erat
1976 4139 2251 4210 Ocelum,

157 4243 290 4318 quod
333 4249 584 4304 vocatur
630 4245 799 4320 prius
852 4240 1132 4315 Coelum,
1189 4257 1377 4317 super
1429 4258 1547 4318 quo
1582 4237 1923 4318 Judicium,
1980 4247 2041 4302 et
2088 4238 2252 4318 quod
