2700 4792
311 401 540 458 CAPUT
595 401 934 481 TERTIUM.
1725 403 1934 459 vnns=
1978 415 2034 468 ι.
2192 417 2299 470 289

195 582 308 642 que
341 563 679 623 Ecclesiam
716 561 1056 621 Goelestem
1070 605 1093 640 ,
1133 567 1195 620 et
1227 560 1647 638 Hierosolyma
1681 562 1953 640 Regnum
1990 567 2301 643 spitituale

194 673 253 726 et
283 664 622 725 Ecclesiam
659 645 1061 739 spiritualem,
1119 663 1262 738 quid
1305 662 1579 738 Regnum
1618 659 1895 722 Coeleste
1934 671 1995 724 et
2028 665 2304 744 Regnum

191 764 532 843 spirituale,
585 763 863 822 videatur
910 763 970 820 in
1023 761 1222 840 Opere
1273 762 1346 820 de
1400 761 1612 822 Coeno
1646 781 1724 822 m·
1760 764 2035 824 IureaNo
2097 787 2163 827 n:
2208 772 2298 828 20

190 867 265 926 ad
301 867 428 940 283
487 861 708 924 Vestes
745 863 1010 934 decoris,
1061 880 1212 939 quas
1259 862 1465 922 induet
1510 863 1961 940 Hierosolyma,
2017 874 2155 926 sunt
2188 869 2303 928 Di·-

190 971 326 1042 vina
385 966 585 1040 Vera,
670 965 1086 1041 praeputiatus
1135 971 1196 1022 et
1252 959 1587 1022 immundus
1608 1009 1622 1037 ,
1689 968 1792 1041 qui
1850 967 1929 1023 ad
1986 966 2122 1025 illas
2186 985 2304 1028 non

190 1071 461 1136 venient,
518 1070 664 1124 sunt
711 1067 814 1140 qui
859 1065 920 1121 in
949 1063 1121 1122 malis
1175 1070 1235 1121 et
1268 1063 1436 1122 falsis
1473 1073 1629 1123 sunt.
1710 1066 1893 1142 Apud
1926 1066 2305 1128 Ezechielem

194 1162 704 1247 „Hierosolyma
721 1209 736 1238 ,
791 1163 1020 1224 vestivi
1055 1168 1116 1224 te
1152 1163 1441 1243 acupicto
1450 1184 1479 1236 ,·
1532 1161 1811 1226 calceavi
1843 1171 1903 1225 te
1942 1171 2097 1226 tamo
2116 1213 2131 1242 ,
2192 1187 2301 1228 ao-

189 1266 369 1329 cinxi
413 1273 478 1327 te
499 1266 686 1347 bysso
704 1311 720 1338 ,
759 1270 820 1324 et
845 1264 1070 1325 ornavi
1111 1267 1172 1323 te
1197 1269 1463 1335 omatu,
1502 1271 1561 1325 et
1600 1264 1753 1326 dedi
1776 1263 2077 1327 armillas
2116 1287 2307 1348 euper-

189 1387 424 1430 mamte
480 1371 656 1441 tuae,
721 1370 783 1425 ec
827 1371 1106 1444 torquem
1161 1384 1354 1444 &uper
1402 1371 1631 1445 quitur
1680 1371 1862 1427 tuum
1875 1413 1895 1446 ,
1962 1372 2021 1426 et
2075 1365 2307 1429 monile

189 1489 386 1551 anper
442 1485 676 1528 nasum
735 1473 942 1538 tuum,
1004 1471 1064 1525 et
1114 1465 1375 1526 inaurea
1434 1485 1625 1546 super
1674 1487 1863 1528 aures
1924 1473 2073 1528 tuae
2086 1514 2107 1548 ,
2177 1468 2305 1528 imo

189 1587 492 1631 eoronam
534 1572 798 1629 ornatus
849 1586 1040 1646 cuper
1074 1571 1266 1646 caput
1318 1571 1501 1628 tuum
1509 1587 1536 1638 ;
1602 1568 1698 1628 sic
1748 1569 1985 1629 amiota
2030 1587 2098 1628 ee
2146 1588 2307 1630 auro

188 1676 246 1730 et
283 1673 586 1748 att-yeme,
637 1674 697 1729 et
733 1673 930 1728 vestes
967 1672 1116 1728 tuae
1150 1666 1382 1748 byssus
1395 1713 1411 1742 ,
1470 1668 1767 1744 sev-imm,
1823 1674 1883 1728 et
1924 1669 2304 1750 acupintnm,

189 1769 360 1833 unde
392 1765 672 1850 pulchra
705 1766 896 1850 facta
955 1787 1022 1828 es
1073 1763 1260 1828 valde
1273 1814 1287 1843 ,
1358 1774 1418 1828 et
1456 1776 1839 1849 prosperata
1886 1789 1953 1830 ee
1988 1789 2184 1850 usque
2216 1769 2308 1830 ad

190 1889 479 1951 reqnum.
560 1867 688 1932 Sed
741 1869 1042 1930 sumsisti
1093 1867 1172 1928 de
1225 1868 1502 1930 vestibus
1554 1870 1715 1946 tuis,
1784 1877 1843 1930 et
1906 1870 2135 1952 fecisti
2190 1870 2311 1931 tibi

187 1968 448 2033 excelsa
504 1971 871 2050 varieyata,
944 1975 1018 2030 ut
1089 1971 1463 2032 scortarem
1490 1989 1715 2050 ,super
1762 1969 1903 2032 illis
1916 1993 1945 2043 ,·
2006 1971 2307 2033 sumsisti

190 2073 394 2133 etiam
461 2076 660 2132 vestes
719 2070 999 2150 acupioti
1063 2069 1206 2141 tui,
1269 2075 1329 2129 et
1392 2071 1621 2132 temisti
1694 2071 2013 2150 imayines
2080 2073 2305 2147 marie,

192 2193 335 2234 cam
380 2171 608 2251 quibua
646 2169 1088 2234 scortabam‘e“
1161 2170 1344 2231 XVI:
1405 2174 1490 2231 10
1546 2171 1621 2230 ad
1678 2175 1785 2230 14.
1846 2175 1953 2230 16.
2010 2175 2117 2231 17.
2178 2176 2305 2250 183

189 2275 288 2333 hic
341 2272 698 2332 describitur
743 2271 1042 2346 Ecclesia,
1095 2273 1289 2349 qualis
1337 2289 1471 2332 cur-n
1518 2274 1774 2350 primum
1828 2288 1865 2330 a
1910 2272 2163 2332 Domino
2209 2275 2304 2332 in·

193 2379 472 2434 staurata
519 2381 648 2448 est3
705 2373 926 2432 Vestes
977 2389 1132 2449 quae
1180 2375 1583 2447 nominantur,
1636 2379 1775 2430 sunt
1816 2390 1961 2430 vera
2009 2390 2086 2432 ex
2116 2374 2305 2450 bono;
2346 2381 2519 2446 [1941

192 2476 538 2549 acupietum
588 2480 680 2532 est
728 2489 938 2532 verum
985 2473 1409 2546 scientificum,
1474 2473 1693 2548 byssus
1744 2478 1805 2530 et
1852 2475 2107 2532 sericum
2170 2480 2310 2532 sunt

197 2589 356 2632 vera
389 2589 463 2630 ex
495 2575 716 2650 origine
755 2573 1001 2632 coelesti
1013 2593 1030 2649 3
1088 2573 1391 2644 armillae,
1442 2579 1713 2649 torques,
1754 2571 2001 2647 monile,
2041 2573 2304 2645 inaurea,

193 2689 426 2733 corona
473 2681 608 2731 sunt
652 2675 908 2750 insignia
954 2691 1066 2750 per
1113 2691 1265 2748 quae
1310 2673 1718 2749 significantur
1774 2670 2109 2748 spiritualia
2155 2673 2309 2730 varii

192 2775 435 2852 generis
450 2793 467 2848 3
515 2793 726 2832 aurum
756 2781 816 2834 et
843 2782 1153 2854 argentum
1183 2773 1399 2849 quibus
1430 2777 1663 2842 amicta,
1706 2780 1845 2832 sunt
1876 2771 2098 2832 bonum
2136 2789 2305 2831 amo·

195 2875 274 2934 ris
313 2880 376 2934 et
412 2891 622 2934 verum
659 2875 817 2951 ejus:
872 2873 1010 2933 dein
1049 2873 1407 2934 describitur
1442 2874 1651 2934 eadem
1688 2873 1961 2934 Ecclesia
1996 2890 2131 2933 cum
2166 2890 2309 2951 per-

169 2986 406 3050 ·versa,
461 2988 576 3050 per
609 2973 769 3050 quod
803 2977 1084 3040 sumserit
1129 2975 1204 3033 de
1241 2975 1509 3034 vestibus
1562 2981 1621 3034 et
1664 2976 1875 3034 fecerit*
1918 2974 2033 3034 sibi
2068 2972 2315 3034 excelsa

192 3076 524 3152 variegata,
562 3091 673 3150 per
709 3091 864 3151 quae
900 3075 1308 3153 significantur
1340 3093 1487 3135 vera
1522 3074 1867 3152 falsificata3
1908 3082 1969 3134 et
2002 3091 2113 3153 per
2148 3075 2311 3153 quod

191 3176 480 3246 sumserit
505 3181 708 3234 vestes
745 3177 1006 3252 acupieti
1026 3178 1100 3236 ‘et
1135 3175 1349 3234 texerit
1382 3177 1671 3252 imagines
1707 3178 1907 3252 maris,
1946 3175 2312 3254 significatur

189 3274 357 3353 quod
419 3274 820 3352 applicuerint
880 3278 1166 3336 veritates
1223 3291 1440 3335 sensus
1490 3277 1715 3336 literae
1757 3276 1946 3337 Verbi
2018 3276 2095 3336 ad
2159 3295 2307 3336 con-

195 3375 548 3433 firmandum
585 3375 745 3434 falsa
779 3393 972 3454 usque
1009 3376 1088 3436 ad
1122 3379 1565 3454 apparentiam,
1620 3381 1875 3438 scortari
1920 3395 2058 3438 eum
2091 3377 2211 3436 illis
2248 3382 2310 3434 et

191 3473 314 3534 sub
365 3473 516 3550 illis,
573 3475 868 3552 significat
929 3494 1008 3536 ex
1054 3477 1224 3536 falsis
1285 3477 1614 3537 doctrinam
1677 3484 1737 3538 et
1798 3477 2025 3536 cultum
2086 3475 2317 3544 facere,

189 3573 357 3652 quod
402 3575 519 3634 hoc
555 3579 632 3635 sit
667 3579 948 3648 scortari,
1007 3577 1283 3637 videatur
1330 3593 1517 3654 supra
1566 3580 1844 3636 12:141.
1892 3578 2051 3635 161.
2132 3571 2311 3650 Quod

190 3674 620 3752 Hierosolyma
655 3678 734 3737 sit
766 3677 1041 3738 Ecclesia
1074 3677 1178 3736 ubi
1210 3694 1359 3738 vera
1394 3678 1677 3751 doctrina,
1716 3674 1992 3735 videatur
2026 3692 2117 3734 n:-
2138 3675 2302 3732 402.

195 3777 418 3835 3654.
479 3778 690 3837 9166.
771 3777 948 3854 Quod
983 3781 1324 3855 acupictum
1376 3779 1455 3837 sit
1504 3775 1911 3849 scientificum,
1972 3791 2047 3831 n:
2092 3773 2303 3831 9688.

191 3875 374 3952 Quod
409 3875 632 3953 byssus
659 3880 736 3937 sit
771 3895 980 3938 verum
1029 3895 1106 3938 ex
1141 3881 1367 3956 orIgine
1404 3877 1671 3951 coelesti,
1721 3893 1791 3932 n:
1838 3875 2047 3934 5319.
2089 3873 2303 3933 9469.

187 3975 374 4052 Quod
410 3977 678 4038 armillae
713 3981 834 4038 sint
865 3996 1016 4040 vera
1058 3985 1119 4038 et
1151 3979 1312 4039 bona
1335 3977 1670 4052 Ecclesiae,
1718 3992 1785 4034 ιιι
1830 3975 2042 4035 3103.
2096 3973 2308 4034 3105.

190 4075 372 4152 Quod
421 4083 667 4154 torques
732 4081 810 4138 sit
853 4081 1433 4156 repraesentativum
1482 4077 1913 4157 conjunctionis
1961 4077 2309 4136 interiorum

188 4183 248 4236 et
283 4179 676 4250 exteriorum,
725 4198 796 4239 n:
843 4181 1053 4242 5320.
1125 4179 1298 4257 Quod
1344 4177 1587 4238 monilia
1641 4183 1701 4238 et
1748 4179 1991 4238 inaures
2055 4177 2173 4237 sint
2205 4193 2309 4236 re·⁴

185 4281 648 4353 praesentativa
706 4283 1110 4358 perceptionis
1149 4287 1210 4340 et
1243 4279 1654 4355 obedientiae,
1708 4297 1779 4339 n:
1824 4279 2040 4338 4551.
2131 4271 2309 4351 Quod

296 4391 731 4450 Swedcnborg,
771 4396 964 4450 Apocal.
997 4395 1109 4450 expl-
1143 4396 1178 4435 i.
1900 4380 1986 4434 19
