2700 4792
351 363 588 420 CAPUT
647 362 947 422 PRIMUM.
1756 363 1965 418 VERS:
2010 374 2063 426 2.
2232 376 2301 428 11

194 531 308 600 est,
349 529 442 584 est
477 541 586 582 cur
619 498 916 583 Dominus
949 523 1158 588 dilexit
1190 523 1529 583 Johannem
1564 541 1714 600 prae
1748 524 1997 602 reliquis
2035 525 2301 602 discipu-

189 629 303 696 liS,
365 631 426 684 ct
473 641 578 684 cur
629 625 768 684 ideo
819 623 1133 683 Johannes
1183 624 1463 684 accubuit
1510 625 1586 683 ad
1634 632 1849 702 pectus
1901 643 2013 685 seu
2058 629 2120 684 in
2168 629 2303 684 sinu

188 728 465 800 Domini,
521 725 743 784 Johan:
779 724 956 783 XIII:
989 727 1101 784 23.
1159 724 1308 800 Cap:
1345 723 1522 784 XXI:
1566 728 1677 784 20.
1718 727 1877 804 quod
1912 743 2127 802 nempe
2163 729 2299 786 iue-
2342 734 2465 795 [10]

191 830 306 897 rit,
343 829 484 902 quia
517 825 740 884 bonum
771 827 989 884 amoris
1027 831 1158 884 erat
1185 827 1248 883 in
1273 832 1603 900 conspectu
1632 827 1872 885 Domini
1900 845 2035 886 cum
2061 827 2305 886 videbat

193 927 567 1000 Johannem,
625 927 728 1002 qui
761 926 826 984 id
857 925 1078 984 bonum
1115 909 1697 1001 repraesentavit'et
1730 927 2111 1003 significavit,
2162 931 2305 1003 quia

192 1027 258 1086 id
299 1027 518 1086 bonum
569 1033 664 1085 est
712 1026 873 1101 quod
917 1026 1060 1084 facit
1111 1025 1361 1084 Coclum
1407 1032 1469 1084 et
1513 1025 1878 1102 Ecclesiam3
1932 1027 2207 1085 videatur
2242 1022 2323 1085 in'

197 1127 402 1204 Opere
439 1128 512 1186 de
551 1125 756 1185 Coum
791 1126 1201 1200 anNFERNo,
1239 1145 1309 1184 n:
1358 1127 1442 1184 13
1476 1126 1554 1184 ad
1588 1129 1697 1184 19.
1780 1126 2067 1202 Quintum
2105 1129 2301 1186 Arca-

195 1234 500 1300 numest,
549 1227 708 1302 quod
741 1233 942 1302 patet,
995 1243 1127 1286 cum
1165 1229 1353 1286 scitur
1388 1227 1551 1303 quod
1584 1227 1895 1286 Johannes
1939 1244 2300 1303 repraesen-

195 1330 422 1389 taverit.
453 1327 686 1386 Bonum
731 1329 949 1385 amoris
962 1372 979 1402 ‚
1043 1344 1259 1402 nempe
1311 1328 1454 1403 quid
1502 1327 1872 1403 significatur
1916 1345 2028 1403 pcr
2062 1311 2303 1386 Domini

197 1427 394 1487 verba
431 1445 463 1484 e
504 1445 678 1486 cruce
725 1427 802 1486 ad
835 1428 1086 1486 Mariam
1135 1433 1389 1485 mat-rem
1440 1435 1500 1486 et
1544 1428 1621 1486 ad
1667 1427 2007 1487 Johanncm
2062 1426 2305 1503 „Jeme

198 1526 376 1587 videt
410 1532 673 1586 matrem
699 1533 758 1586 et
791 1525 1184 1607 discipulum
1217 1533 1563 1603 astantem,
1600 1546 1781 1606 quem
1816 1525 2156 1607 diliyebat,
2197 1527 2303 1588 di·-

193 1628 288 1689 cit
321 1627 521 1688 matri
553 1647 734 1703 suae,
773 1627 1032 1703 mulier,
1081 1647 1210 1688 ecce
1233 1626 1426 1710 filius·
1453 1636 1604 1689 tuus
1620 1673 1636 1698 ,
1684 1634 1744 1686 ct
1778 1627 1938 1688 dicit
1986 1625 2303 1708 discipulo

195 1725 338 1802 illi,
399 1747 526 1788 ecce
560 1735 763 1789 mater
799 1734 954 1800 tua5
1004 1734 1064 1787 et
1098 1747 1178 1790 ew
1213 1725 1336 1788 illa
1358 1729 1528 1789 hora
1570 1729 1807 1808 accepit
1840 1748 1979 1790 eam
2014 1729 2303 1809 discipu-

195 1828 304 1890 lus
338 1825 450 1889 ille
482 1818 552 1889 in.
595 1829 854 1890 domum
903 1849 1091 1890 suam
1132 1829 1515 1909 propriam“
1585 1830 1737 1889 Joh:
1776 1829 1950 1888 XIX:
2008 1833 2119 1889 26.
2149 1835 2262 1911 ,27
2283 1851 2299 1904 ;

160 1947 310 2008 ·per
343 1937 594 1988 matrem
632 1937 693 1988 et
725 1947 838 2006 per
871 1931 1185 1990 mulierem
1223 1931 1307 1988 ibi
1339 1931 1693 2006 intelligitur
1738 1930 2041 2004 Ecclesia,
2099 1938 2159 1988 et
2191 1947 2303 2007 per

191 2031 534 2091 Johannem
569 2031 791 2090 bonum
829 2031 1167 2106 charitatis;
1235 2037 1296 2090 et
1339 2049 1451 2107 per
1500 2031 1637 2102 illa,
1694 2031 1853 2107 quod
1885 2031 2161 2090 Ecclesia
2198 2034 2311 2090 erit

189 2129 300 2190 ubi
333 2131 555 2190 bonum
593 2133 934 2208 charitatis;
991 2132 1150 2207 q'uod
1197 2149 1308 2208 per
1354 2130 1669 2190 Mulierem
1716 2135 1778 2190 in
1828 2131 2033 2191 Verbo
2078 2131 2304 2192 intelli-

189 2237 375 2309 gatur
408 2232 710 2302 Ecclesia,
770 2233 1049 2292 videatur
1093 2250 1151 2291 n:
1207 2234 1370 2291 252.
1428 2235 1589 2292 253.
1644 2235 1802 2291 749.
1863 2235 2021 2291 770.
2084 2235 2303 2292 3160.

200 2334 418 2392 6014.
475 2335 687 2393 7337.
745 2335 966 2408 89945
1033 2334 1195 2410 quod
1229 2333 1501 2392 similiter
1535 2349 1652 2409 per
1681 2333 1969 2407 Matrem,
2026 2351 2099 2391 n:
2145 2335 2305 2392 289.

194 2434 414 2491 2691.
467 2437 679 2491 2717.
740 2436 947 2492 3703.
998 2435 1211 2494 4257.
1275 2426 1485 2493 5581.
1544 2436 2087 2508 8897.,10490;
2144 2433 2305 2509 quod

187 2533 488 2606 accipere·
529 2534 590 2590 in
643 2533 882 2591 domum
917 2539 1216 2610 propriam
1263 2537 1342 2594 sit
1392 2535 1764 2609 cohabitare,
1816 2540 2001 2610 patet.
2081 2535 2172 2592 Ex
2208 2533 2303 2591 his

185 2649 356 2692 nunc
392 2639 670 2690 constare
705 2638 938 2710 potest,
1011 2641 1230 2709 quanta
1275 2651 1497 2694 arcana
1529 2635 1719 2692 lat-ent
1754 2635 1815 2691 in
1848 2633 2082 2702 Verbo,
2147 2649 2305 2707 quae

188 2732 390 2792 solum
424 2739 636 2809 patent
660 2735 812 2808 illis,
858 2737 958 2808 qui
993 2737 1190 2794 sciunt
1223 2736 1355 2812 ejus
1396 2734 1653 2794 Sensum
1688 2736 1987 2792 internum
2022 2749 2133 2792 seu
2174 2737 2305 2808 spi-

191 2833 506 2892 ritualem:
545 2833 776 2912 absque
813 2834 915 2894 illo
951 2852 1135 2894 sensu
1173 2853 1283 2895 nec
1321 2837 1462 2895 sciri
1494 2841 1727 2912 potest,
1772 2833 1912 2910 quid
1938 2833 2305 2910 significatur

188 2951 305 3011 per
338 2934 505 3013 quod
537 2932 842 3014 Apostoli
875 2935 1122 2996 sessuri
1151 2935 1284 2995 sint
1319 2955 1509 3015 super
1542 2933 1877 2996 duodecim
1911 2933 2157 2996 thronis
2171 2979 2186 3008 ,
2244 2939 2306 2994 et

168 3033 546 3116 judicaturi
597 3035 928 3096 duodecim
994 3035 1230 3096 Tribus
1275 3033 1581 3106 Israelis,
1650 3036 1871 3096 Matth:
1924 3035 2116 3095 XIX:
2187 3040 2221 3094 2
2239 3039 2301 3095 8.

186 3135 357 3193 Luc:
404 3135 625 3194 XXII:
676 3140 798 3213 303
851 3154 963 3213 per
1010 3137 1336 3212 Apostolos
1388 3138 1472 3195 ibi
1519 3155 1636 3195 non
1670 3137 2082 3214 intelliguntur
2130 3138 2301 3212 Apo·-

193 3233 374 3308 stoli,
415 3235 524 3294 sed
559 3241 756 3296 omnia
788 3255 936 3296 vera
971 3255 1046 3296 ex
1081 3237 1237 3296 bono
1279 3255 1433 3314 quae
1470 3255 1507 3294 a
1541 3237 1824 3312 Domin03
1880 3241 1964 3296 ita
1999 3237 2301 3314 significa-

188 3341 293 3392 tur
328 3351 444 3410 per
473 3353 545 3395 ea
580 3338 793 3411 verba,
847 3337 1006 3414 quod
1041 3337 1334 3396 Dominus
1372 3337 1536 3396 solus
1574 3355 1779 3397 omncs
1807 3339 2185 3416 judicaturus
2224 3341 2305 3396 sit

195 3451 277 3494 ex
313 3437 480 3494 veris
519 3455 673 3512 quae
712 3456 787 3497 ex
822 3437 1009 3512 bono,
1047 3441 1134 3496 ita
1170 3440 1630 3515 unumquemvis
1668 3439 1993 3498 secundum
2028 3438 2150 3496 illa.

354 3538 466 3594 10.
543 3536 664 3612 Qui
701 3545 956 3597 testatus
997 3545 1090 3596 est
1131 3539 1385 3598 verbum
1432 3539 1551 3598 Dei
1602 3547 1663 3598 et
1708 3541 2111 3598 testimonium
2146 3538 2303 3596 Jesu

191 3633 446 3712 Christi,
508 3638 669 3713 quod
703 3638 998 3715 significet
1035 3639 1195 3714 quod
1229 3640 1347 3698 illis
1388 3642 1490 3715 qui
1528 3640 1705 3698 corde
1758 3643 2090 3714 agnoscunt
2122 3636 2299 3694 Divi-

188 3753 337 3792 num
377 3755 617 3812 verum,
677 3756 748 3798 ac
783 3740 1069 3798 Divinum
1104 3741 1346 3798 Domini
1381 3744 1441 3799 in
1477 3740 1755 3798 Humano
1792 3738 1993 3812 Ipsius
2012 3781 2027 3810 ,
2068 3742 2304 3795 constat

191 3851 269 3894 ex
304 3837 738 3912 significat-ione
791 3842 1033 3914 testari,
1093 3841 1252 3916 quod
1299 3843 1379 3898 sit
1432 3840 1609 3898 corde
1645 3853 2009 3914 agnoscere,
2070 3837 2145 3897 dc
2184 3855 2303 3914 qua
2354 3888 2359 3893 .

191 3938 501 4013 sequitui-3
557 3957 632 3997 ex
667 3941 1098 4021 significatione
1134 3940 1306 4000 verbi
1340 3957 1449 3999 seu
1492 3940 1780 3999 sermonis
1815 3938 1963 4012 Dei,
2030 3939 2189 4016 quod
2223 3941 2302 3998 sit

189 4033 478 4095 Divinum
503 4056 730 4114 verum,
772 4041 846 4100 de
881 4058 999 4116 qua
1024 4059 1082 4100 n:
1115 4043 1332 4099 4692.
1382 4041 1591 4099 5075.
1638 4040 1859 4114 99873
1902 4046 2071 4100 etex
2109 4043 2295 4118 signi-

193 4139 430 4197 catione
479 4138 636 4198 Jesu
677 4139 926 4215 Christi,
986 4142 1148 4217 quod
1183 4142 1260 4199 sit
1297 4141 1519 4216 agnitio
1556 4141 1760 4198 Divini
1796 4139 2038 4200 Domini
2072 4144 2131 4198 in
2165 4142 2301 4199 Hu-

196 4253 370 4297 mano
407 4238 646 4317 Ipsiu53
693 4241 852 4317 quod
887 4241 946 4299 id
981 4259 1092 4318 per
1128 4241 1531 4300 testimonium
1568 4239 1719 4298 Jcsu
1750 4239 1969 4300 Christi
1998 4241 2296 4318 significe-
