2700 4792
384 327 612 384 CAPUT·
653 325 996 396 TERTIUM,
1757 327 1971 390 VEB-‘32
2015 339 2068 389 7.
2228 341 2333 396 311

233 491 380 549 citur
423 487 678 550 Sanctus
727 489 858 566 Ego
906 487 1186 548 Jehovah
1235 473 1457 575 [Deus]
1504 486 1765 547 Israelis⁴
1835 487 2017 566 Apud
2068 489 2336 552 Eundem

230 586 771 670 „Sanotzficabitis
799 606 927 663 voe,
965 592 1026 648 et
1059 587 1243 650 eritis
1270 585 1511 662 Sancti,
1549 593 1611 648 et
1645 587 2055 650 observabitis
2088 595 2339 653 statuta

225 707 388 763 mea,
423 695 497 750 ut
519 689 804 771 faciatis
841 691 964 748 ea“
1009 687 1212 748 Levitz
1253 687 1401 748 XX:
1454 693 1514 747 7.
1564 689 1633 763 8;
1688 691 1865 748 etiam
1906 689 1991 748 ibi
2024 693 2221 768 agitur
2262 693 2335 753 de

229 793 456 850 statutis
477 835 494 866 ,
535 789 784 868 judiciis
829 796 893 850 et
930 791 1304 866 praeceptis,
1356 805 1511 864 quae
1540 788 1911 850 observaturi
1936 797 2089 850 sunt.
2155 791 2338 869 Apud

223 889 484 950 Eundem
521 888 651 967 „Si
661 890 935 969 fecerint
961 894 1212 950 statuta
1236 894 1297 948 et
1303 886 1585 970 judicia,
1624 888 1745 949 em't
1762 886 2047 969 populus
2074 897 2336 954 sanctus

224 989 534 1052 Jehovae“
571 991 764 1052 Dent:
793 987 1023 1052 XXVI:
1061 993 1088 1048 1
1111 993 1170 1050 5.
1198 993 1226 1047 1
1247 993 1305 1048 6.
1332 992 1361 1048 1
1382 991 1441 1048 9.
1478 990 1661 1066 Apud
1686 989 1981 1048 Davidem
2010 987 2336 1065 „Satura-

223 1089 423 1153 bimur
455 1093 610 1152 bono
638 1090 900 1152 Domus
932 1095 1098 1165 tuae,
1137 1087 1369 1151 Sancto
1404 1087 1653 1168 Templi
1686 1089 1787 1149 tui
1795 1093 1831 1124 “
1869 1090 2102 1151 Psalm:
2140 1091 2331 1151 LXV:

228 1193 290 1266 53
343 1192 562 1252 dicitur
621 1194 881 1250 saturari
925 1190 1082 1250 bono
1127 1191 1340 1250 domus
1394 1189 1669 1250 Jehovae
1738 1197 1799 1248 et
1846 1199 2059 1249 sancto
2097 1191 2332 1268 Templi

216 1291 439 1370 Ipsius,
479 1295 624 1371 quia
647 1293 882 1364 Domus
905 1290 1024 1351 Dei
1057 1295 1122 1350 in
1155 1307 1441 1368 supremo
1472 1307 1656 1349 sensu
1693 1290 1985 1367 signifieat
2011 1291 2331 1350 Dominum

217 1393 412 1467 quoad
447 1395 734 1452 Divinum
767 1392 1027 1467 Bonum,
1063 1409 1136 1451 ac
1174 1391 1491 1467 Templum
1528 1392 1725 1468 quoad
1764 1391 2040 1450 Divinum
2082 1391 2327 1467 Verum,

217 1493 492 1554 videatur
525 1512 600 1552 n:
645 1495 727 1552 37
745 1495 857 1552 20.
921 1492 1107 1569 Apud
1143 1491 1490 1552 Sachariam
1530 1490 1659 1567 „In
1693 1490 1798 1550 die
1836 1489 1949 1552 illo
1986 1492 2108 1553 en‘t
2142 1511 2333 1572 super

213 1591 672 1654 tintinnabulis
705 1611 1004 1672 equomve.
1047 1591 1363 1654 sanctitas
1400 1590 1721 1654 Jelzovae“
1765 1591 1935 1652 XIV:
1973 1596 2061 1650 20
2078 1613 2094 1670 3
2134 1595 2329 1670 agitur

209 1695 390 1754 ibide
416 1697 850 1754 instauratione
878 1711 1072 1753 novae
1094 1691 1427 1766 Ecclesiae,
1472 1697 1532 1752 et
1566 1710 1677 1770 per
1705 1693 2106 1752 tintinnabula
2136 1695 2325 1772 signi-

211 1796 462 1854 ficantur
511 1794 842 1871 scientifica
891 1811 1038 1853 vera·
1103 1811 1179 1852 ex
1231 1788 1656 1869 intellectuali3
1722 1794 1882 1870 quod
1932 1794 2330 1854 tintinnabula

211 1894 550 1972 significent
577 1895 682 1954 ina
709 1910 876 1969 vera,
904 1893 1184 1954 videatur
1218 1910 1284 1951 n:
1323 1895 1535 1952 9921.
1574 1896 1797 1969 9926;
1840 1901 1899 1952 et
1928 1895 2088 1972 quod
2116 1895 2327 1972 Equus

211 1995 514 2073 significet
545 1994 985 2069 intellectuale,
1023 1995 1082 2052 in
1119 1991 1429 2070 Opusculo
1467 1993 1541 2054 de
1591 1994 1759 2061 Eouo
1798 1998 1969 2054 Anno
2046 2013 2113 2054 n:
2162 1999 2219 2054 1.
2264 2000 2324 2054 2.

217 2096 274 2154 3.
315 2098 376 2155 4.
464 2095 560 2154 Ex
593 2095 686 2154 his
723 2102 1000 2155 constare
1035 2101 1266 2172 potest,
1319 2093 1465 2170 quid
1500 2096 1995 2171 repraesentabat
2042 2103 2103 2154 et
2136 2098 2326 2173 signi-

209 2195 426 2255 ficabat
475 2239 513 2270 „
535 2194 703 2275 quod
743 2195 816 2256 in
848 2194 1089 2266 cidari,
1134 2213 1294 2274 quae
1327 2213 1519 2273 super
1564 2194 1769 2274 capite
1799 2193 2159 2270 Altaronis,
2202 2215 2326 2276 po·-

201 2279 464 2358 'veretur
498 2295 780 2370 bractea,
831 2296 937 2357 cui
971 2291 1363 2374 insculptum
1396 2293 1726 2355 Sanctitas
1761 2294 2082 2356 Jelzovae“
2128 2297 2325 2357 Exod:
2366 2293 2527 2356 [208]

211 2395 520 2457 XXVIII:
563 2398 672 2457 36.
715 2397 828 2456 37.
873 2397 982 2456 38.
1050 2395 1212 2472 Cap:
1244 2395 1547 2456 XXXIX:
1593 2397 1705 2454 30.
1752 2395 1875 2470 313
1914 2396 2129 2456 cidaris
2168 2399 2326 2458 enim

217 2497 583 2572 significabat
607 2499 963 2574 sapientiam
991 2514 1148 2574 quae
1179 2502 1272 2556 est
1288 2495 1495 2554 Divini
1513 2496 1679 2566 Veri,
1710 2495 1989 2555 videatur
2013 2514 2071 2554 n:
2108 2498 2243 2555 982
2261 2503 2321 2556 7.

227 2599 432 2656 9949.
487 2597 638 2656 Tum
675 2615 916 2674 quoque
953 2597 1096 2674 qnid
1129 2595 1627 2673 repraesentabat
1664 2602 1723 2653 et
1756 2593 2129 2671 significabat
2164 2597 2325 2671 quod

210 2705 573 2774 ungerentur
621 2699 752 2758 oleo
792 2699 1066 2770 Ahar-on,
1124 2697 1263 2770 filii,
1313 2705 1519 2756 vestes
1559 2713 1795 2768 eorum,
1844 2696 2063 2770 altare,
2112 2694 2319 2754 taber·-

205 2798 521 2867 naeulum,
565 2815 699 2857 eum
731 2798 998 2874 singulis
1049 2798 1162 2871 ibi,
1224 2804 1283 2856 et
1327 2799 1415 2855 sic
1470 2796 2050 2876 sanctificarentur,
2116 2796 2285 2855 Exod
2303 2819 2316 2855 ε

202 2896 448 2958 XXIX:
497 2902 526 2956 l
571 2900 646 2957 ad
688 2900 800 2958 36.
853 2898 1016 2975 Cap:
1055 2898 1264 2958 XXX:
1307 2901 1419 2956 22.
1478 2901 1589 2958 24.
1666 2898 1878 2957 Levit=
1914 2895 2097 2958 VIII:
2157 2902 2185 2958 1
2244 2898 2321 2958 ad

200 2998 304 3057 fint
361 2998 566 3058 oleum
621 3002 774 3058 enim
825 2999 1198 3076 significabat
1231 2999 1518 3058 Divinum
1550 2998 1781 3058 Bonum
1817 2998 2023 3058 Divini
2058 2999 2316 3073 AmoriS,

201 3105 262 3157 et
291 3099 689 3158 sanctificatio
725 3101 1006 3158 Divinum
1043 3099 1403 3176 procedens,
1454 3117 1591 3156 nam
1624 3101 1909 3160 Divinum
1942 3097 2178 3159 Bonum
2222 3109 2317 3160 est

203 3200 360 3275 quod
427 3201 788 3273 sanctificat,
857 3218 928 3260 ac
988 3201 1274 3258 Divinum
1325 3200 1553 3259 Verum
1632 3208 1724 3260 est
1784 3201 1941 3276 quod
2014 3201 2151 3260 inde
2226 3210 2319 3260 est

204 3309 494 3360 sanctum.
553 3300 729 3378 Quod
758 3301 1040 3360 Sanctum
1071 3300 1305 3360 dicatur
1334 3299 1407 3358 de
1438 3298 1777 3370 Charitate‚
1814 3312 2087 3362 constare
2115 3309 2317 3378 potest

209 3415 282 3457 ex
312 3400 432 3460 illis
469 3418 624 3478 quae
659 3418 846 3478 supra
881 3402 954 3460 de
989 3401 1238 3478 Angelis
1277 3400 1445 3460 Coeli
1481 3401 1639 3460 dicta
1674 3407 1845 3474 sunt,
1904 3403 2064 3478 quod
2098 3418 2313 3474 nempe

201 3501 318 3558 sint
353 3503 460 3576 qui
492 3502 632 3578 plus
657 3494 955 3579 recipiunt
977 3501 1260 3560 Divinum
1285 3501 1518 3560 Bonum
1548 3520 1727 3578 quam
1754 3501 2037 3558 Divinum
2063 3500 2309 3572 Verum,

197 3607 255 3658 et
291 3601 458 3678 quod
485 3605 609 3680 sint
630 3605 731 3679 qui
755 3602 894 3679 plus
920 3604 1218 3678 recipiunt
1245 3603 1529 3660 Divinum
1555 3602 1782 3661 Verum
1812 3617 1989 3676 quam
2017 3598 2309 3658 Divinum

195 3699 460 3778 Bonum3
517 3705 640 3779 qui·
665 3703 806 3779 plus
849 3704 1151 3778 recipiunt
1199 3703 1483 3772 Divinum
1532 3701 1765 3760 Bonum
1816 3717 1995 3775 quam
2026 3697 2311 3774 Divinum

198 3799 458 3876 Verum,
529 3803 617 3861 illi
669 3805 1036 3863 constituunt
1069 3803 1346 3880 Regnum
1398 3802 1661 3860 coeleste
1696 3800 1955 3867 Domini,
2016 3799 2119 3874 qui
2166 3805 2309 3855 sunt
2362 3818 2413 3876 '.

197 3904 298 3977 qui
342 3905 410 3960 in
457 3920 660 3963 amore
707 3906 770 3962 in
803 3903 1155 3978 Dominum,
1213 3910 1274 3963 et
1321 3903 1463 3979 quia
1508 3902 1569 3959 in
1623 3915 1825 3959 amore
1872 3900 1935 3957 in
1981 3898 2305 3958 Dominum

195 4009 336 4060 sunt
383 4012 676 4063 vocantur
719 4005 912 4081 Justi3
968 4011 1032 4064 at
1079 4007 1181 4082 qui
1225 4002 1365 4080 plus
1412 4003 1709 4080 recipiunt
1755 4000 2041 4062 Divinum
2076 3997 2307 4058 Verum
2374 3999 2382 4006 ⁴

195 4120 376 4178 quam
413 4103 696 4163 Divinum
721 4103 972 4176 Bonum,
1006 4105 1092 4164 illi
1127 4107 1495 4164 constituunt
1516 4102 1789 4179 Regnum
1826 4101 2137 4179 spirituale
2174 4099 2307 4159 Do-

193 4205 354 4280 minI,
397 4206 498 4280 qui
534 4212 672 4264 sunt
710 4208 812 4282 qui
845 4208 906 4264 in
935 4205 1222 4265 charitate
1250 4221 1397 4280 erga
1418 4206 1771 4279 proximum,
1810 4199 1872 4262 hi
1900 4207 2043 4280 quia
2068 4205 2127 4260 in
2156 4201 2303 4260 cha·
