2700 4792
311 370 320 377 .
441 346 552 400 172
765 331 1258 390 APOCALYPSIS
1299 330 1733 388 EXPLIOATA.
1814 332 1863 400 §.
1909 339 2038 395 130.
2082 339 2211 394 131.

439 495 528 552 ita
567 494 646 552 sit
688 509 806 552 non
843 491 1018 551 modo
1057 493 1256 552 sciunt
1301 490 1413 550 sed
1462 491 1645 550 etiam
1680 491 2023 567 percipiunt
2062 489 2311 566 Angeli3
2365 490 2532 552 homo
2576 567 2581 572 .

437 595 542 671 qui
577 591 768 652 credit
801 592 960 668 quod
991 592 1140 652 nihil
1165 591 1305 652 fidei
1339 593 1419 649 sit
1447 607 1483 648 a
1518 607 1587 650 se
1626 591 1737 650 sed
1772 607 1811 648 a
1834 591 2003 666 Deo,
2042 591 2105 649 id
2142 607 2385 667 quoque
2409 594 2531 668 scit,

429 693 550 752 -sed
585 709 704 752 non
737 695 1029 770 percipit:
1083 691 1242 766 quod
1276 691 1425 750 nihil
1458 690 1599 750 fidei
1644 693 1723 749 sit
1764 691 1839 748 ab
1874 689 2113 750 homine
2146 691 2260 750 sed
2296 708 2471 750 omne
2502 709 2535 750 a

437 793 605 868 Deo,
663 798 758 852 est
793 792 954 868 quod
997 792 1146 851 nihil
1179 793 1339 866 veri,
1398 790 1559 867 quod
1606 793 1792 851 vitam
1827 790 2037 865 habet,
2076 793 2155 852 sit
2190 791 2269 850 ab
2306 791 2535 850 homine
2656 801 2658 882 j

437 893 548 954 sed
583 909 620 951 a
644 893 812 962 Deo,
865 909 1004 951 nam
1036 909 1246 950 verum
1283 895 1379 950 est
1408 889 1579 960 fidei,
1622 896 1687 950 et
1706 889 1857 950 fides
1884 898 1979 950 est
2005 893 2151 950 veri.

598 994 758 1052 131.
817 992 988 1052 Haec
1023 991 1168 1052 dicit
1203 991 1434 1052 habens
1482 990 1868 1067 romphaeam
1922 993 2243 1067 ancipitem
2288 998 2535 1064 acutam,
2601 982 2612 996 '
2656 971 2658 994 ἰ

437 1092 602 1170 quod
653 1093 946 1170 significet
987 1092 1308 1152 Dominum
1343 1091 1445 1166 qui
1498 1089 1661 1148 solus
1700 1093 1761 1150 in
1812 1091 2237 1150 tentationibus
2294 1099 2532 1168 pugnat,

437 1197 680 1254 constat
713 1209 790 1252 ex
825 1191 1259 1269 significatione
1300 1189 1665 1267 romphaeae
1700 1207 1811 1250 seu
1844 1191 2060 1266 gladii,
2114 1192 2276 1268 quod
2323 1195 2405 1250 sit
2436 1209 2530 1251 ve·-

436 1311 568 1354 rum
638 1308 915 1370 pugnans
969 1298 1178 1351 contra
1234 1291 1479 1366 falsum,
1546 1296 1607 1348 et
1650 1293 1713 1350 in
1763 1294 2044 1368 opposito
2092 1307 2281 1350 sensu
2330 1292 2534 1352 salsum
2656 1281 2658 1356 ζ

438 1409 714 1471 pugnans
763 1397 970 1452 contra
1015 1409 1260 1468 verum3
1315 1407 1541 1468 anceps
1587 1396 1765 1450 acuta
1810 1392 2023 1451 dicitur
2070 1393 2213 1467 quia
2264 1399 2535 1469 penetrat

441 1496 751 1570 utrinque:
817 1492 931 1550 hoc
993 1493 1135 1567 quia
1186 1509 1298 1568 per
1343 1490 1733 1568 romphaeam
1792 1491 2157 1568 significatur
2172 1536 2187 1566 ,
2244 1493 2391 1552 ideo
2438 1511 2533 1568 per
2657 1483 2658 1512 ³

439 1593 607 1652 illam
641 1595 824 1652 etiam
861 1591 1230 1667 significatur
1265 1593 1559 1669 dispersio
1594 1591 1913 1666 salsorum,
1966 1599 2027 1652 et
2066 1609 2308 1668 quoque
2338 1599 2529 1653 ten-ta-

437 1695 522 1752 tio
537 1713 556 1766 3
609 1691 772 1769 quod
809 1691 1106 1767 dispersio
1141 1692 1460 1766 falsorum,
1518 1691 1795 1752 videatur
1842 1708 2029 1770 supra
2064 1685 2149 1751 ἠε
2198 1694 2319 1768 733
2377 1692 2531 1769 quod

435 1793 685 1852 tentatio
701 1835 720 1866 ,
787 1796 884 1852 est
931 1793 1074 1867 quia
1123 1794 1184 1850 in
1235 1793 1475 1869 scriptis
1520 1793 1601 1852 ad
1646 1792 1945 1870 Angelum
1995 1792 2173 1870 hujus
2224 1793 2531 1852 Ecclesiae

439 1892 635 1969 agitur
670 1891 744 1951 de
781 1893 1236 1968 tentationibus3
1299 1892 1462 1970 quod
1508 1895 1685 1952 etiam
1732 1893 2095 1970 significetur
2132 1889 2385 1952 tentatio
2432 1910 2529 1970 per

435 1991 850 2068 romphaeam,
909 1997 1000 2050 est
1038 1994 1178 2069 quia
1221 1995 1473 2052 tentatio
1526 1999 1620 2053 est
1656 2012 1859 2070 pugna
1900 1996 2032 2052 veri
2076 2000 2285 2052 contra
2318 1993 2525 2052 falsum

361 2131 366 2136 -
437 2097 501 2152 et
535 2090 676 2152 falsi
703 2099 910 2152 contra
935 2109 1173 2168 verum3
1213 2093 1375 2170 quod
1402 2095 1648 2153 tentatio
1676 2094 2005 2170 spiritualis
2032 2096 2112 2152 sit
2142 2093 2281 2152 talis
2312 2111 2521 2171 pugna,

431 2192 715 2252 videatur
776 2195 838 2251 in
897 2193 1222 2252 Doc'rnma
1280 2193 1497 2254 Novas
1548 2195 2061 2269 Hmnosomnmur,
2136 2213 2207 2252 n:
2244 2198 2294 2254 «1
2314 2197 2401 2253 87
2458 2193 2525 2254 ad

441 2292 614 2368 2013
673 2293 832 2370 quod
878 2309 990 2368 per
1039 2291 1190 2354 haec
1241 2292 1403 2353 dicit
1454 2293 1684 2355 habene
1734 2294 2143 2374 romphaeam
2193 2293 2524 2378 ancipitem

425 2397 686 2455 acutam
719 2393 1088 2469 intelligatur
1122 2395 1413 2452 Dominus
1446 2395 1605 2470 quod
1640 2394 1805 2454 solus
1840 2397 1903 2454 in
1940 2395 2367 2456 tentationibus
2406 2413 2519 2471 pu-

425 2498 599 2570 gnet,
657 2501 752 2552 est
797 2495 940 2570 quia
986 2495 1046 2551 in
1099 2492 1311 2570 Capite
1346 2495 1749 2569 praecedente
1788 2496 1977 2556 Vers:
2029 2498 2112 2554 16
2155 2494 2379 2554 dictum
2418 2501 2517 2568 est,

427 2593 592 2670 quod
631 2592 892 2668 „visum
926 2592 1094 2672 quod
1133 2611 1213 2654 θα)
1260 2613 1365 2654 ore
1396 2592 1571 2654 Filia·
1610 2593 1889 2655 hominis
1932 2591 2325 2654 ambulantis
2371 2593 2523 2654 inter

427 2698 665 2772 neptem
692 2689 1078 2757 ‚candelabra
1115 2693 1457 2775 romphaea
1492 2713 1720 2775 anceps
1756 2701 1949 2756 amota
1982 2692 2185 2755 exiret
2195 2697 2274 2765 ;“
2332 2701 2395 2755 et
2424 2711 2521 2772 per

365 2873 372 2881 ἱ
427 2793 646 2852 Filium
679 2794 934 2856 hominis
969 2795 1320 2873 intelligitur
1365 2796 1661 2855 Dominus
1708 2795 1909 2872 quoad
1946 2796 2233 2856 Divinum
2280 2795 2519 2868 Verum,

429 2892 705 2955 videatur
753 2911 942 2973 supra
989 2913 1057 2954 nt
1103 2897 1190 2955 63
1208 2915 1224 2970 3
1277 2895 1438 2972 quod
1472 2895 1765 2956 Dominus
1802 2896 1969 2957 solus
2004 2897 2067 2952 in
2100 2895 2517 2954 tentationibus

430 2999 688 3068 pugnet,
747 3000 806 3052 et
837 2995 984 3054 nihil
1019 2996 1228 3070 homo,
1281 2994 1559 3055 videatur
1592 2997 1655 3055 in
1686 2996 2015 3058 DocrmNA
2046 2995 2260 3058 Noun
2295 2996 2516 3055 Humo-

431 3109 712 3150 suanm
766 3111 834 3152 n:
895 3097 1030 3154 195
1075 3095 1152 3154 ad
1195 3097 1357 3155 200.
1449 3094 1625 3174 Quod
1671 3114 1781 3173 per
1818 3096 2205 3174 romphaeam
2239 3113 2353 3155 seu
2396 3095 2515 3172 gla-

431 3189 596 3248 dium
647 3191 1017 3270 significetur
1048 3213 1252 3270 pugna
1301 3197 1433 3254 veri
1484 3203 1692 3256 contra
1720 3197 1975 3271 salsum,
2040 3203 2101 3255 et
2148 3196 2287 3255 salsi
2324 3203 2517 3256 eontra

430 3305 671 3370 verum,
729 3299 823 3352 est
859 3296 1000 3370 quia
1032 3310 1144 3370 per
1175 3294 1350 3354 Bella
1393 3297 1453 3356 in
1501 3296 1705 3356 Verbo
1742 3297 2153 3372 significantur
2185 3296 2368 3357 Bella
2400 3297 2513 3373 spi-

429 3393 690 3470 ritualia,
729 3411 801 3452 ac
837 3393 1002 3452 bella
1037 3395 1373 3471 spiritualia
1399 3407 1538 3456 sunt
1562 3413 1837 3455 verorum
1873 3402 2084 3456 contra
2116 3396 2272 3460 falsa
2298 3413 2375 3458 ac
2410 3395 2515 3456 fal-

429 3507 632 3552 sorum
675 3500 883 3554 contra
916 3511 1092 3572 vera3
1147 3501 1206 3554 et
1247 3498 1389 3572 quia
1421 3496 1584 3558 bella
1626 3499 1687 3556 in
1735 3496 1938 3556 Verbo
1988 3497 2135 3560 talia
2170 3497 2518 3574 significant,

425 3592 564 3652 ideo
619 3595 796 3652 etiam
843 3597 1040 3656 omnia
1075 3612 1241 3662 arma
1273 3595 1449 3672 belli,
1520 3597 1675 3656 sicut
1722 3596 1989 3676 gladius,
2056 3596 2263 3670 hasta,
2326 3611 2514 3668 arene,

424 3691 580 3768 tela,
627 3692 878 3770 clypeus
890 3739 908 3770 ,
959 3702 1028 3754 et⁴
1061 3695 1262 3772 plura,
1321 3696 1659 3772 significant
1710 3696 1913 3774 aliqua
1958 3696 2249 3774 specialia
2282 3711 2517 3774 pugnae

427 3793 785 3868 spiritualis,
819 3795 1054 3871 gladius
1087 3797 1378 3873 imprimis
1392 3840 1410 3872 ,
1456 3799 1599 3874 quia
1632 3800 1695 3856 in
1729 3797 1904 3858 bellis
1942 3803 2243 3874 pugnatur
2276 3798 2515 3874 gladiis:

427 3891 586 3967 quod
612 3893 790 3953 Bella
825 3897 1160 3972 significent
1193 3913 1431 3973 pugnas
1468 3897 1845 3974 spirituales,
1886 3897 2163 3966 videatur
2196 3917 2267 3957 n:
2314 3902 2343 3956 1
2364 3899 2514 3956 659.

431 3994 464 4052 1
484 3992 640 4052 664.
689 3996 900 4056 8295.
947 3996 1184 4057 10455
1202 4015 1219 4072 3
1260 4003 1321 4056 et
1358 3997 1519 4073 quod
1542 3997 1679 4056 inde
1708 3999 1947 4076 singula
1972 4015 2140 4060 arma
2164 3999 2310 4061 belli
2334 3997 2513 4075 signi-

423 4091 604 4153 ficent
653 4095 880 4174 aliquid
938 4113 1178 4174 pugnae
1225 4096 1591 4174 spiritualis,
1658 4117 1725 4157 n:
1788 4101 1998 4158 1788.
2043 4101 2257 4160 2686.
2352 4093 2515 4174 Quod

429 4192 664 4270 gladius
702 4198 764 4255 in
805 4196 1010 4258 Verbo
1049 4197 1337 4273 significet
1366 4214 1575 4256 verum
1609 4216 1885 4276 pugnans
1924 4204 2131 4260 contra
2156 4199 2414 4270 salsum,
2450 4211 2517 4260 ac

2642 459 2659 514 ‚1
