2700 4792
415 371 527 424 138
721 357 1212 422 APOCALYPSIS
1265 357 1699 416 EXPLICATA.
1778 353 1824 424 §.
1872 365 2002 419 uo.
2046 365 2177 417 111.

417 516 580 594 quod
631 531 806 574 nemo
856 517 1048 590 possit
1083 516 1367 593 conjungi
1398 513 1533 575 Deo
1568 517 1685 574 nisi
1722 532 1760 573 a
1792 515 2049 573 Domino
2092 521 2155 574 et
2198 515 2263 572 in
2312 514 2515 573 Domi-

417 634 528 688 no,
581 615 858 674 videatur
909 617 970 674 in
1016 613 1344 675 Duc-ramim
1388 614 1602 675 Novae
1654 615 2175 686 Hlnaosomrmn,
2230 633 2307 673 n:
2364 616 2514 675 283.

425 717 601 790 2963
653 714 792 774 inde
845 721 1122 774 constare
1173 721 1413 792 potest,
1485 714 1647 790 quod
1704 717 1905 774 omnia
1956 731 2111 790 quae
2174 713 2359 774 docet
2404 715 2515 772 Ec-

421 815 610 877 clesia
653 833 726 873 ex
779 814 1013 889 Verbo,
1079 821 1357 890 spectent
1398 814 1723 874 Dominum
1764 821 1825 874 et
1878 831 2139 874 amorem
2188 815 2248 874 in
2294 814 2515 892 Ipsum,

417 922 487 974 ut
519 915 698 976 finem
736 914 814 973 ad
850 931 1058 991 quem:
1115 914 1277 990 quod
1325 931 1533 974 omnes
1568 917 1939 992 cognitiones
1974 914 2115 972 boni
2152 921 2212 973 et
2248 917 2386 974 veri
2419 931 2515 972 seu

417 1013 773 1075 doctrinalia
809 1032 882 1074 ex
930 1014 1134 1075 Verbo
1183 1015 1515 1092 procedant
1554 1033 1591 1073 a
1628 1015 1911 1090 Domino,
1964 1017 2145 1074 etiam
2184 1020 2401 1074 notum
2436 1021 2515 1074 est

415 1119 482 1176 in
516 1115 818 1189 Ecclesia,
883 1115 1134 1174 docetur
1167 1117 1324 1175 enim
1374 1115 1487 1190 ibi,
1556 1115 1717 1191 quod
1770 1131 1941 1174 omne
1988 1117 2207 1173 amoris
2248 1121 2311 1173 et
2350 1131 2513 1174 omne

417 1216 558 1278 fidei
591 1217 673 1274 sit
715 1231 749 1272 e
797 1215 996 1289 coelo,
1057 1222 1118 1276 et
1163 1215 1306 1274 nihil
1343 1215 1421 1274 ab
1457 1215 1733 1291 homine,
1788 1221 1850 1276 et
1902 1215 2064 1292 quod
2116 1231 2294 1274 nemo
2330 1216 2515 1290 possit

420 1331 622 1376 amare
659 1314 858 1373 Deum
897 1321 956 1374 et
993 1315 1242 1376 credere
1269 1317 1331 1374 in
1366 1315 1576 1392 Ipsum
1614 1333 1651 1374 a
1684 1332 1781 1392 se3
1821 1332 2023 1374 amare
2059 1316 2258 1376 Deum
2300 1321 2365 1373 et
2392 1331 2512 1374 cre-

423 1417 566 1476 dere
611 1417 674 1473 in
711 1413 924 1492 Ipsum
971 1415 1282 1475 involvunt
1332 1417 1531 1474 omnia
1578 1433 1733 1494 quae
1776 1415 2053 1476 Ecclesia
2100 1415 2312 1490 docet,
2374 1431 2514 1492 quae

421 1521 716 1576 vocantur
765 1514 1122 1574 doctrinalia
1157 1522 1218 1576 et
1253 1518 1650 1592 cognitiones,
1696 1519 1976 1592 quoniam
2024 1534 2098 1576 ex
2147 1515 2241 1574 his
2292 1521 2514 1573 amatur

423 1623 486 1676 et
527 1615 788 1676 creditur
799 1634 815 1691 3
873 1632 1040 1674 amor
1075 1622 1134 1674 et
1171 1615 1322 1676 fides
1360 1615 1589 1692 absque
1636 1618 1901 1693 praeviis
1938 1616 2379 1692 cognitionibus
2414 1631 2513 1672 non

419 1717 628 1789 datur,
683 1731 822 1773 narn
855 1715 1088 1791 absque
1123 1716 1240 1776 illis
1279 1716 1434 1774 soret
1466 1716 1643 1775 homo
1678 1732 1935 1792 vacuus,
1991 1734 2065 1776 ex
2101 1716 2195 1774 his
2230 1717 2509 1791 sequitur,

421 1814 582 1892 quod
619 1817 780 1874 sicut
819 1832 992 1874 omne
1019 1818 1237 1876 amoris
1271 1822 1334 1875 et
1368 1815 1507 1875 fidei
1539 1817 1813 1893 procedit
1848 1834 1884 1875 a
1918 1817 2205 1885 Domin0,
2240 1819 2331 1874 ita
2374 1831 2509 1891 quo-

421 1931 538 1992 quc
590 1931 796 1974 omnes
839 1917 1205 1991 cognitiones
1250 1915 1391 1976 boni
1440 1923 1501 1974 et
1544 1920 1675 1975 veri
1710 1933 1865 1993 quae
1900 1917 2123 1976 faciunt
2159 1921 2223 1975 et
2272 1917 2513 1975 formant

421 2030 685 2076 amorem
729 2022 790 2074 et
825 2013 1020 2076 fidem.
1093 2015 1250 2091 Quia
1287 2032 1493 2075 omnes
1534 2019 1903 2094 cognitiones
1939 2015 2081 2076 boni
2116 2021 2176 2075 et
2220 2018 2349 2074 veri
2379 2031 2508 2090 spe-

257 2129 383 2192 {98J
429 2120 592 2176 etant
633 2114 956 2174 Dominum
1015 2123 1076 2174 et
1127 2117 1467 2192 procedunt
1522 2116 1599 2174 ab
1642 2116 1817 2193 IpSO,
1884 2122 1946 2175 et
1990 2116 2105 2174 hoc
2154 2115 2513 2192 significatur

419 2232 532 2294 per
563 2213 859 2274 Arbon-em
901 2216 1062 2274 vitae
1100 2217 1160 2274 in
1194 2216 1392 2276 medio
1431 2215 1704 2275 Paradisi
1732 2216 1879 2291 Dei,
1932 2215 2067 2276 ideo
2098 2233 2307 2276 omnes
2344 2214 2508 2273 arbo-

419 2331 518 2376 res
553 2316 616 2372 in
658 2314 949 2374 Paradiso
987 2322 1276 2375 vocantur
1315 2315 1561 2375 arbores
1599 2318 1793 2390 vitae,
1842 2321 1903 2376 et
1936 2316 2183 2375 arbores
2218 2315 2260 2376 J
2264 2313 2507 2375 ehovae:

421 2415 666 2476 arbores
701 2417 864 2474 vitae
899 2417 960 2474 in
995 2415 1373 2492 Apocalypsi
1410 2414 1539 2491 „In
1577 2414 1782 2476 medio
1811 2412 2069 2496 plateae
2100 2421 2159 2474 et
2179 2413 2381 2494 fluvii
2410 2430 2511 2472 ea:-

418 2515 630 2578 euntis
673 2537 708 2575 e
759 2513 1010 2578 Throno
1052 2514 1195 2576 Dez·
1225 2520 1286 2576 et
1333 2514 1521 2596 Ayni
1532 2561 1547 2590 ,
1602 2515 1749 2576 hinc
1790 2521 1854 2576 et
1888 2513 2036 2577 hinc
2078 2515 2293 2576 Arbor
2343 2513 2510 2577 Vitae

403 2617 664 2698 faciens
697 2615 966 2696 fructu-9
1003 2613 1382 2676 duodecim“
1434 2616 1653 2676 XXII:
1712 2621 1783 2676 2:
1838 2623 1899 2677 et
1946 2616 2215 2677 Arbores
2250 2615 2509 2675 Jehovae

419 2718 582 2796 apud
613 2716 912 2776 Davidem
964 2713 1410 2791 „Saturantur
1442 2715 1719 2778 Arbores
1746 2716 2048 2787 Jehovae,
2086 2722 2146 2776 et
2182 2713 2377 2776 Codri
2399 2711 2507 2774 Li-

419 2816 571 2878 bani
615 2833 777 2894 quas
801 2813 1182 2894 planta-‘ciffi‘
1220 2817 1458 2876 Psalm:
1502 2813 1674 2876 CIV:
1721 2820 1841 2877 16:
1884 2817 2022 2877 inde
2060 2833 2301 2894 quoque·
2339 2820 2505 2892 patet,

421 2916 584 2993 quod
609 2933 720 2991 per
747 2915 1020 2976 arborem
1059 2920 1220 2978 vitae
1255 2921 1316 2977 in
1341 2917 1545 2977 medio
1570 2916 1843 2978 Paradisi
1856 2963 1873 2992 ,
1926 2917 2296 2994 intelligatur
2340 2915 2506 2974 omnis

423 3014 602 3074 arbor
640 3014 752 3089 ibi,
795 3014 910 3076 hoc
947 3025 1058 3092 est,
1098 3020 1288 3077 omnis
1333 3016 1547 3089 homo,
1592 3019 1654 3076 in
1690 3018 1863 3094 cujus
1896 3017 2125 3092 medic,
2161 3016 2277 3076 hoc
2324 3022 2429 3090 est,
2459 3016 2508 3072 in

365 3155 370 3162 -
423 3133 542 3192 quo
596 3122 689 3175 est
730 3116 1043 3176 Dominus.
1125 3118 1217 3176 Ex
1266 3118 1361 3176 his
1418 3125 1479 3176 et
1524 3135 1599 3176 ex
1645 3117 1765 3176 illis
1806 3136 1961 3194 quae
2013 3120 2074 3176 in
2122 3115 2505 3195 praecedente

417 3216 688 3276 Articulo
725 3223 970 3276 ostensa
1003 3223 1175 3291 sunt,
1215 3219 1355 3276 sciri
1388 3223 1611 3294 potest,
1652 3217 1794 3293 quid
1828 3217 2197 3295 significatur
2231 3235 2345 3294 per
2370 3211 2507 3292 quod

413 3317 720 3376 Dominus
759 3317 1010 3374 daturus
1049 3317 1128 3375 sit
1167 3319 1425 3377 vincenti
1464 3317 1645 3378 edere
1674 3317 1750 3377 de
1786 3317 2019 3378 Arbore
2056 3318 2239 3377 Vitae
2277 3331 2431 3394 quae
2458 3315 2508 3372 in

412 3436 471 3477 m
485 3417 618 3478 edio
653 3416 930 3477 Paradisi
962 3416 1098 3474 Dei.

576 3520 655 3577 11
680 3520 737 3574 1.
819 3515 1006 3574 Vers:
1071 3519 1132 3576 8.
1209 3520 1269 3575 9.
1344 3521 1448 3578 10.
1512 3523 1621 3578 11.
1723 3517 1821 3576 Et
1884 3515 2131 3599 Anqelo
2195 3513 2508 3578 Ecclesiae

417 3615 915 3698 Smyrnaeorum
959 3613 1187 3676 soribe:
1240 3616 1391 3678 hacc
1426 3617 1589 3679 dicit
1627 3617 1901 3680 Primus
1933 3622 1994 3676 et
2036 3614 2352 3688 Ultimus,
2394 3609 2511 3690 Qui

403 3717 550 3799 fuit
593 3719 883 3777 mortuus
918 3719 978 3773 et
1011 3716 1186 3776 vivit.
1273 3717 1449 3778 Novi
1490 3724 1605 3780 tua
1642 3737 1860 3799 opera,
1915 3723 1975 3777 et
2018 3715 2429 3798 afflictionem
2460 3714 2511 3770 et

405 3818 886 3896 paupertatem,
926 3814 1105 3876 dives
1141 3816 1256 3877 aed
1289 3837 1405 3889 ee,
1424 3824 1483 3878 et
1523 3817 1983 3900 blasphemiam
2018 3815 2363 3878 dicentium
2398 3811 2507 3874 Ju-

417 3915 615 3974 daeoa
665 3932 798 3974 ecce
845 3935 939 3992 ce,
981 3922 1042 3978 et
1073 3936 1200 3978 non
1232 3923 1387 3980 sunt
1401 3963 1417 3993 ,
1478 3919 1593 3980 sed
1636 3937 1975 4000 synayoya
2024 3916 2328 3978 Satanae.
2398 3910 2509 3974 Ni-

417 4010 516 4076 hil
551 4012 779 4076 timeas
809 4035 968 4097 quae
987 4018 1267 4098 futurus
1299 4038 1368 4078 es
1398 4020 1548 4099 pati
1558 4039 1586 4092 ;
1633 4038 1763 4080 ecce
1784 4019 2093 4099 futurum
2124 4023 2199 4078 ut
2234 4011 2510 4102 conjiciat

416 4133 498 4176 ca·
533 4115 704 4176 vobis
737 4115 1034 4179 diabolus
1069 4117 1139 4178 in
1173 4118 1564 4196 custodiam,
1613 4124 1685 4180 ut
1720 4118 2075 4193 tentemini,
2130 4123 2191 4177 ct
2226 4109 2509 4178 habebitis

417 4215 832 4294 afflictionem
873 4216 1094 4278 diebus
1135 4216 1341 4277 dece-m
1358 4239 1379 4277 .·
1436 4224 1565 4279 esto
1604 4216 1831 4300 fidelis
1872 4237 2069 4299 usquc
2110 4217 2201 4278 ad
2250 4220 2507 4284 mortem,
