2700 4792
347 369 460 424 454
690 356 1178 413 APOCALYPSIS
1221 355 1657 414 EXPLICATA.
1722 357 1771 425 ὗ.
1814 365 1945 418 2⁶12.
2000 367 2129 419 273-

342 515 913 596 repraesentabatur
945 533 1060 593 per
1092 516 1399 576 bracteam
1434 517 1565 574 auri
1592 532 1629 573 a
1658 515 1812 576 facie
1840 515 2053 575 cidaris
2090 533 2249 592 quae
2278 531 2473 592 super

343 620 718 690 Aharonem,
759 632 914 693 quae
947 614 1202 676 bractea
1237 617 1421 675 etiam
1452 615 1785 675 vocabatur
1820 614 2056 676 Corona
2092 623 2151 676 et
2188 615 2465 677 Corona-

342 725 636 792 mentum,
693 717 768 776 de
817 733 938 792 qua
983 717 1070 775 ita
1115 718 1176 774 in
1220 716 1430 775 Exodo
1494 758 1531 790 „
1554 714 1786 776 Facies
1832 716 2147 778 bracteam
2178 717 2350 786 αανί,
2400 723 2468 778 et

338 815 589 898 sculpes
621 835 814 897 super
849 812 973 877 illa
1009 812 1345 896 sculptura
1384 812 1603 896 sigilli
1616 861 1633 890 ‚
1688 813 2021 878 Sanctitas
2054 815 2349 888 Ιεῆουαε,
2398 824 2466 878 et

331 936 532 1002 pones
569 914 758 978 illam
800 935 990 997 super·
1024 913 1145 998 filo
1179 914 1613 998 hyacinthini,
1666 922 1728 977 et
1774 916 1899 979 erit
1931 935 2125 996 super
2176 915 2390 978 cidari
2426 935 2465 976 e

339 1018 594 1098 reqione
619 1017 874 1099 faeiei“
911 1017 1219 1078 XXVIII:
1265 1019 1376 1076 36.
1418 1019 1543 1091 373
1596 1016 1759 1094 quod
1803 1017 1910 1077 illa
1943 1018 2191 1077 bractea
2226 1017 2465 1076 dicatur

340 1135 560 1180 corona
595 1120 926 1178 sanctitatis
955 1124 1016 1177 et
1043 1123 1547 1190 coronamentum,
1584 1117 1861 1176 videatur
1885 1115 2085 1176 Exod:
2114 1117 2355 1177 XXIX:
2394 1122 2463 1177 6.

343 1219 504 1296 Cap:
542 1219 846 1279 XXXIX:
882 1220 992 1277 30.
1030 1218 1224 1276 Levit:
1251 1217 1425 1276 VIII:
1461 1221 1523 1292 93
1558 1217 1669 1276 sed
1696 1218 1837 1294 quid
1872 1235 1983 1293 per
2016 1216 2123 1275 illa
2156 1219 2218 1276 in
2244 1221 2459 1294 specie

338 1319 730 1397 significatur,
783 1317 1058 1378 videatur
1107 1319 1170 1377 in
1217 1318 1495 1376 AncAms
1533 1316 1950 1379 contusi-mus
2018 1335 2085 1376 n:
2133 1320 2322 1377 9930
2376 1319 2463 1378 ad

345 1421 556 1496 9936,
611 1419 716 1480 ubi
749 1418 984 1496 singula
1017 1418 1320 1496 explicata
1354 1424 1507 1476 sunt.

496 1523 657 1582 273.
711 1519 788 1579 Et
816 1538 848 1579 e
875 1518 1118 1580 Throno
1151 1517 1473 1594 prodibant
1504 1519 1747 1596 fulgura
1780 1524 1841 1578 et
1870 1520 2133 1578 tonitrua
2160 1525 2220 1576 et
2247 1535 2461 1594 vocae,

340 1622 500 1698 quod
534 1619 828 1697 significet
859 1619 1333 1693 illustrationem,
1374 1618 1741 1679 intellectum
1778 1625 1837 1680 et
1860 1621 2312 1696 perceptionem
2338 1619 2461 1678 Di-

337 1723 460 1779 vini
497 1720 647 1779 Veri
678 1723 740 1778 in
769 1720 968 1779 Coelis
1005 1737 1042 1778 a
1076 1720 1353 1793 Domine,
1392 1727 1629 1778 constat
1664 1736 1739 1777 ex
1774 1718 2207 1797 significatione
2244 1719 2463 1795 fulgu-

336 1838 500 1894 rum,
538 1822 868 1880 tonitruum
903 1826 964 1878 et
990 1837 1222 1892 vocum,
1263 1819 1425 1894 quod
1448 1819 1875 1896 praedicentur
1909 1819 1983 1878 de
2020 1820 2241 1881 Divino
2269 1820 2458 1894 Vero,

335 1919 573 1996 fulgura
623 1919 696 1978 de
743 1920 874 1996 ejus
909 1918 1336 1993 illustratione,
1392 1923 1655 1978 tonitrua
1701 1920 1775 1980 de
1825 1920 1959 1997 ejus
1992 1920 2301 1980 intellectu
2322 1965 2339 1990 ‚
2396 1927 2461 1979 et

335 2035 520 2080 voces
557 2019 630 2078 de
668 2020 800 2096 ejus
849 2021 1272 2108 perceptione3
1329 2020 1489 2096 quod
1532 2021 1685 2081 haec
1726 2020 2135 2097 significentur
2184 2039 2294 2096 per
2328 2020 2457 2094 illa,

335 2119 633 2180 constabit
667 2137 743 2178 ex
770 2119 920 2179 locis
953 2121 1016 2178 in
1050 2119 1254 2179 Verbo
1289 2120 1398 2178 ubi
1432 2123 1838 2180 nominantur:
1894 2122 2004 2180 scd
2036 2124 2297 2199 primum
2330 2121 2455 2180 ali-

338 2219 481 2298 quid
517 2219 776 2290 dicetur‚
825 2221 983 2280 unde
1020 2219 1485 2297 significationes
1519 2222 1692 2297 illae3
1746 2225 1945 2282 omnia
1980 2240 2136 2300 quae
2168 2225 2231 2280 in
2266 2219 2459 2280 Coelo

333 2318 689 2396 aspectabili
726 2337 926 2380 coram
963 2321 1154 2380 oculis
1186 2321 1489 2380 hominum
1520 2328 1830 2400 apparent,
1872 2322 2459 2400 correspondentiae

333 2428 504 2495 sunt,
559 2423 718 2480 sicut
747 2422 870 2497 sol,
911 2421 1071 2497 luna,
1109 2421 1341 2495 stellae,
1397 2424 1520 2499 ae'r,
1576 2422 1802 2496 aether,
1839 2423 1961 2497 lux,
2018 2424 2199 2497 calor,
2236 2421 2455 2496 nubes,

333 2521 545 2596 nimbi,
599 2522 853 2592 imbrem
893 2529 952 2582 et
986 2521 1164 2599 plura
1175 2541 1192 2597 3
1249 2523 1813 2598 correspondentiae
1850 2530 2023 2598 sunt,
2077 2527 2219 2602 quia
2252 2525 2460 2584 omnia

335 2640 490 2698 quae
525 2625 587 2682 in
622 2623 879 2684 naturali
913 2621 1131 2681 mundo
1169 2627 1338 2695 sunt,
1378 2621 1847 2700 correspondent
1880 2624 1999 2683 illis
2038 2642 2191 2702 quae
2226 2628 2288 2684 in
2312 2627 2480 2701 spi-

332 2723 533 2782 rituali
583 2725 835 2799 mund03
894 2729 1032 2782 sunt
1084 2739 1322 2799 quoque
1371 2723 1477 2782 illa
1530 2724 2096 2800 correspondentiae
2144 2728 2204 2784 in
2242 2724 2455 2797 Coelo,

332 2822 434 2880 ubi
474 2823 720 2900 Angeli,
779 2825 1055 2901 quoniam
1121 2829 1415 2900 apparent
1470 2825 1591 2884 illis
1640 2824 1886 2896 similia,
1940 2844 2149 2884 verum
2196 2827 2279 2884 ibi
2328 2842 2453 2883 nou

339 2929 480 2979 sunt
525 2925 856 2998 naturalia,
912 2925 1022 2988 sed
1071 2931 1211 2984 sunt
1269 2925 1637 3001 spiritualia,
1692 2931 1761 2983 ut
1796 2933 2070 2986 constare
2115 2933 2319 3003 potest
2372 2943 2453 2985 ex

327 3021 448 3080 illis
485 3039 640 3096 quae
674 3025 734 3081 in
772 3024 972 3100 Opere
1010 3025 1083 3084 de
1122 3025 1328 3086 Corano
1364 3045 1441 3084 nr
1477 3026 1761 3086 Iun-nuno
1798 3033 2040 3086 ostensa
2075 3033 2231 3102 sunt,
2268 3034 2337 3086 ut
2373 3028 2451 3087 de

333 3119 474 3179 Sole
512 3127 572 3205 et
605 3122 778 3182 Luna
812 3127 872 3182 in
911 3124 1124 3200 Coelo,
1163 3143 1232 3185 n:
1280 3127 1415 3184 116
1459 3127 1537 3184 ad
1579 3127 1752 3186 125‘:
1806 3127 1881 3186 de
1918 3127 2083 3186 Luce
2134 3134 2193 3187 et
2230 3127 2449 3188 Calore

328 3222 390 3277 in
427 3219 640 3294 Coelo,
678 3239 750 3280 n:
796 3227 931 3284 126
972 3225 1048 3282 ad
1095 3228 1265 3284 140:
1321 3232 1382 3284 et
1416 3229 1475 3285 in
1511 3244 1731 3303 genere
1786 3227 1861 3288 de
1899 3227 2451 3304 correspondentia

332 3319 500 3380 Coeli
537 3337 668 3380 cum
707 3323 978 3382 omnibus
1018 3324 1312 3399 Telluris,
1351 3344 1423 3414 πμ
1470 3329 1605 3387 103
1648 3327 1725 3386 ad
1770 3332 1799 3387 1
1822 3331 1849 3386 1
1872 3330 1946 3386 5:
2003 3346 2073 3389 ac
2110 3329 2185 3388 de
2218 3329 2441 3405 Appa-

326 3417 630 3481 rentiis‘in
669 3421 883 3498 Coelo,
939 3442 1006 3483 n:
1055 3427 1190 3483 170
1231 3426 1308 3484 ad
1351 3430 1378 3483 1
1404 3429 1525 3485 76:
1574 3427 1713 3486 inde
1760 3430 1943 3488 etiam
1978 3428 2215 3506 fulgura
2250 3436 2312 3488 et
2344 3437 2445 3488 to-

325 3524 526 3582 nitrua
560 3531 702 3583 sunt
735 3525 1298 3602 correspondentiae
1317 3545 1337 3602 3
1394 3534 1455 3586 et
1490 3530 1631 3604 quia
1666 3529 2235 3604 correspondentiae
2284 3535 2435 3598 sunt,

325 3624 462 3684 ideo
498 3625 835 3702 significant
869 3626 1086 3686 similia
1121 3625 1338 3703 quibus
1370 3628 1870 3704 correspondent3
1906 3632 1969 3687 in
1994 3647 2217 3706 genere
2252 3613 2439 3705 signi-

326 3724 508 3783 ficant
540 3725 826 3789 Divinum
862 3727 1089 3787 Verum
1142 3727 1218 3786 ab
1270 3729 1499 3804 angelis
1551 3729 1959 3805 superioribus
2006 3737 2313 3807 receptum
2379 3735 2445 3790 et

325 3827 694 3884 enuntiatum
713 3873 728 3899 ‚
767 3827 928 3903 quod
961 3845 1092 3888 cum
1131 3827 1443 3887 descendit
1471 3828 1547 3887 ad
1576 3828 1840 3906 Angelos
1876 3829 2210 3900 inferioreS,
2246 3849 2442 3908 quan-

324 3924 522 3999 doque
558 3934 816 4002 apparet
848 3929 1004 3987 sicut
1037 3928 1255 4004 fulgur,
1297 3934 1358 3987 et
1392 3925 1629 3987 auditur
1664 3932 1822 3990 sicut
1856 3932 2073 3991 tonitru
2106 3949 2242 3990 cum
2269 3934 2441 3992 voci-

321 4021 468 4092 bus,
525 4025 660 4081 inde
699 4033 822 4096 est,
877 4027 1037 4110 quod
1083 4028 1282 4105 fulgur
1331 4029 1625 4106 significet
1656 4027 1943 4090 Divinum
1978 4032 2205 4091 Verum
2244 4031 2445 4109 quoad

125 4123 282 4186 [300]
325 4116 814 4198 illustrationem,
853 4127 1073 4188 tonitru
1107 4129 1391 4188 Divinum
1429 4129 1657 4189 Verum
1694 4131 1892 4209 quoad
1925 4133 2329 4206 intellectum,
2382 4139 2449 4192 et
2510 4161 2518 4166 ·

323 4227 507 4269 voces
534 4211 818 4278 Divinum
843 4221 1070 4284 Verum
1099 4229 1296 4303 quoad
1321 4233 1803 4307 perceptionem:
1842 4231 2043 4309 quoad
2066 4232 2449 4294 intellectum
