2700 4792
441 365 552 418 272
719 351 1212 410 APOCALYPSIS
1255 351 1689 411 EXPLICATA.
1772 352 1821 420 ὅ.
1864 361 2001 414 186.
2048 359 2177 414 187.

445 530 618 573 omne
670 514 830 572 vltae
883 529 957 572 ex
1004 513 1180 570 unico
1221 512 1386 570 fonte
1426 517 1551 582 est,
1610 517 1671 570 et
1708 513 1921 569 unicus
1962 509 2069 570 ille
2102 513 2261 568 vitae
2294 509 2411 568 fons
2450 517 2533 569 est

445 615 761 683 Dominus,
802 628 873 670 ac
899 611 1118 688 Angeli
1155 619 1216 671 et
1247 612 1520 671 homines
1558 617 1699 670 sunt
1724 611 1899 669 modo
1928 611 2163 671 formae
2206 611 2535 685 recipientes

447 715 630 772 vitam
665 712 742 770 ab
781 711 954 790 Ipso3
1009 714 1146 788 ipsa
1192 714 1320 770 vita
1362 729 1519 788 quae
1558 729 1595 770 a
1630 711 1889 771 Domino
1926 711 2240 788 procedit,
2307 716 2367 768 et
2403 727 2538 784 quae

249 813 412 876 [183]
453 813 665 890 implet
695 812 927 872 coelum
963 818 1024 871 et
1059 811 1373 887 mundum,
1418 818 1513 872 est
1550 814 1675 872 vita
1708 812 1949 871 Amoris
1986 811 2223 888 Ipsius,
2279 815 2337 867 et
2368 825 2537 885 appa-

448 920 542 974 ret
579 915 640 971 in
689 911 872 974 Coelo
923 915 1079 971 sicut
1125 912 1290 988 Lux3
1345 929 1503 990 quae
1544 915 1685 989 quia
1720 911 1863 971 Vita
1902 918 2035 990 est,
2098 911 2389 970 illuminat
2430 908 2537 968 An-

413 1029 416 1034 ·
449 1014 719 1092 gelorum
753 1019 1016 1086 mentes,
1068 1019 1138 1082 ‚ct
1167 1012 1270 1070 dat
1295 1013 1433 1072 illos
1476 1000 1809 1088 intelligere
1858 1018 1919 1072 et
1960 1029 2220 1089 sapere3
2281 1008 2412 1068 inde
2446 1015 2537 1082 est,

449 1113 611 1192 quod
644 1113 936 1171 Dominus
965 1129 1044 1194 *se
1087 1129 1209 1173 non
1241 1112 1417 1172 modo
1454 1113 1616 1172 dicat
1651 1111 1884 1184 Vitam,
1930 1113 2049 1172 sed
2092 1114 2273 1171 etiam
2312 1109 2535 1182 Lucem;

449 1222 516 1274 ut
553 1213 718 1290 apud
743 1212 1081 1273 ,Iohannem
1125 1211 1256 1287 „In
1277 1212 1602 1293 jor-incipio
1637 1218 1775 1274 erat
1810 1212 2120 1287 Verbum,
2188 1215 2251 1270 et
2306 1207 2539 1272 Verbum

449 1319 588 1375 erat
623 1311 800 1392 apud
826 1311 1064 1388 Deum,
1101 1319 1163 1372 et
1187 1311 1380 1373 Deus
1407 1319 1547 1374 erat
1571 1312 1858 1374 Verbum.
1909 1311 1996 1374 In
2029 1311 2191 1392 Ipso
2234 1309 2380 1374 Vita
2408 1311 2537 1379 erat,

449 1419 509 1474 et
541 1411 696 1476 Vita
721 1418 859 1474 erat
883 1409 1040 1474 Luoe
1067 1411 1395 1474 hominum
1413 1435 1433 1474 :
1468 1419 1607 1474 erat
1633 1411 1791 1474 Luoe
1833 1411 2017 1489 Vera,
2058 1429 2223 1493 quae
2246 1407 2541 1472 illuminat
2631 1429 2632 1432 ¹

449 1533 690 1576 omnem
739 1511 1051 1574 homine-m
1103 1512 1443 1576 venientem
1486 1515 1557 1576 in
1604 1512 1961 1576 mundum“
2012 1514 2080 1574 1:
2136 1517 2197 1574 1.
2259 1516 2299 1570 4
2332 1509 2405 1568 ad
2444 1511 2531 1566 12.
2630 1523 2632 1534 ¹

450 1615 632 1692 'Apud
668 1615 938 1676 Eundem
983 1613 1226 1690 „Jeeue
1275 1614 1485 1691 dimit,
1548 1613 1699 1694 Eyo
1725 1629 1897 1676 ‘eum
1937 1611 2107 1676 Dux
2146 1609 2395 1680 mundi,
2449 1604 2566 1688 qui·

449 1713 558 1778 ,ΜΘ
597 1714 880 1794 sequitur
894 1759 912 1787 ,
960 1733 1084 1776 non
1119 1712 1469 1777 ambulabit
1519 1717 1589 1776 in
1636 1715 1902 1778 umbris
1914 1760 1937 1797 ,
1996 1714 2118 1776 sed
2150 1709 2389 1776 habebit
2418 1705 2530 1766 Lu·

452 1833 584 1874 cem
616 1815 830 1874 vitae“
869 1815 1051 1876 VIII:
1119 1819 1146 1873 1
1167 1819 1240 1874 2:
1299 1823 1359 1875 et
1396 1817 1559 1893 apud
1598 1815 1893 1877 Davidem
1954 1811 2290 1892 „Jehovalz
2340 1808 2532 1870 Tecum

452 1914 782 1992 ecaturiyo
843 1915 1038 1990 vitae,
1101 1915 1174 1977 in
1222 1914 1397 1977 Luce
1456 1915 1603 1978 Tua
1660 1915 1949 1978 videmus
2016 1915 2271 1979 lucem“
2330 1907 2527 1969 Psalm:
2631 1923 2632 1980 }

450 2013 768 2076 XXXVI:
817 2017 940 2074 10:
1005 2015 1170 2090 Lux,
1229 2034 1386 2093 quae
1424 2024 1517 2076 est
1551 2015 1693 2076 Vita
1730 2035 1767 2076 a
1801 2018 2061 2078 Domino
2110 2020 2174 2076 in
2224 2010 2423 2083 coelo,
2464 2005 2528 2064 ibi
2631 2001 2632 2050 Ῠ

449 2122 700 2176 vocatur
723 2113 1006 2174 Divinum
1049 2116 1306 2190 Verum,
1368 2120 1647 2194 quoniam
1680 2117 1793 2178 hoc
1828 2119 1993 2178 lucet
2018 2121 2083 2178 in
2120 2112 2408 2176 mentibus
2440 2123 2523 2164 eo-

452 2233 595 2274 rum.
628 2217 730 2290 qui
772 2216 856 2274 ibi
867 2219 905 2291 ,'
949 2222 1010 2277 et
1057 2217 1203 2276 'inde
1264 2217 1462 2292 lucet,
1480 2234 1679 2277 coram
1728 2218 1915 2278 oculis
1956 2236 2170 2278 eorum
2186 2237 2203 2293 3
2264 2211 2394 2273 inde
2438 2210 2521 2278 est,

339 2357 346 2364 -
452 2315 610 2392 quod
644 2315 776 2374 Lux
809 2319 871 2374 in
906 2317 1108 2376 Verbo
1145 2318 1441 2394 significet
1482 2318 1768 2382 Divinum
1802 2319 2063 2394 Verum,
2108 2325 2187 2379 -et
2220 2313 2351 2374 inde
2378 2305 2523 2368 intel-
2631 2331 2632 2336 ¹

448 2417 756 2494 ligentian'i
797 2425 856 2476 et
891 2420 1280 2494 sapientiam,
1320 2424 1381 2478 et
1418 2419 1579 2495 quod
1612 2419 1756 2495 Ipse
1792 2419 2089 2479 Dominus
2128 2419 2359 2477 dicatur
2387 2410 2520 2478 Lux;
2631 2417 2632 2424 ’

450 2517 560 2578 sed
608 2517 724 2576 hoc
763 2518 1010 2595 plenius
1062 2524 1335 2578 constare
1385 2526 1587 2595 potest
1640 2537 1715 2578 ex
1760 2519 1879 2578 illis
1930 2538 2089 2596 quae
2138 2521 2219 2578 in.
2246 2514 2428 2591 Opere
2464 2504 2521 2562 de

452 2616 664 2680 Conco
705 2638 783 2677 κἰ·
825 2619 1104 2678 Ianam
1149 2637 1218 2678 n:
1277 2621 1414 2678 126
1456 2620 1533 2678 ad
1568 2621 1729 2678 140.
1780 2626 1841 2678 et
1878 2623 2050 2696 275,
2112 2625 2351 2680 ostensa
2391 2611 2514 2677 sunt,

453 2736 608 2794 quae
645 2719 979 2780 videantur.
1036 2717 1216 2794 Quod
1252 2719 1547 2780 Dominus
1585 2721 1663 2779 sit
1708 2739 1745 2778 a
1792 2719 1923 2796 Quo
1982 2738 2160 2780 omne
2200 2717 2402 2782 Vitae,
2448 2708 2519 2765 est

451 2821 595 2895 quia
629 2825 722 2878 est
750 2819 854 2878 Sol
885 2819 1040 2880 coeli
1063 2820 1342 2897 angelici,
1374 2827 1434 2880 et
1465 2820 1600 2879 Lux
1626 2821 1785 2880 illius
1806 2819 1963 2880 Solis
2002 2828 2098 2880 est
2116 2820 2391 2880 Divinum
2415 2807 2513 2866 Ve-

449 2935 598 2993 rum,
639 2926 699 2978 et
750 2918 927 2978 Calor
953 2921 1116 2980 illius
1157 2919 1316 2980 Solis
1356 2929 1448 2980 est
1474 2921 1757 2980 Divinum
1790 2919 2053 2996 Bonum,
2105 2927 2411 2997 utrumque
2446 2907 2516 2964 ‘3⁵‘

451 3019 576 3076 vita
587 3036 602 3092 ;
639 3018 777 3078 inde
809 3022 972 3096 origo
1002 3022 1192 3082 omnis
1213 3023 1383 3081 vitae
1416 3023 1475 3079 in
1505 3020 1689 3081 Coelo
1714 3027 1775 3081 et
1810 3023 1871 3080 in
1902 3021 2160 3098 Mund03
2212 3005 2511 3094 Spiritum,

453 3117 612 3192 quod
658 3117 848 3176 influit
888 3121 950 3178 in
1001 3127 1302 3195 naturam,
1362 3128 1423 3180 et
1458 3122 1561 3180 dat
1610 3123 1793 3180 vitam
1830 3122 1939 3197 ibi,
1996 3140 2116 3182 non
2162 3113 2391 3180 aliunde
2428 3109 2508 3174 85⁸⁷

451 3217 558 3276 sed
587 3217 689 3278 dat
724 3220 907 3277 vitam
943 3220 1274 3280 secundum
1309 3225 1718 3298 receptionem
1738 3242 1753 3298 ;
1798 3222 1871 3282 de
1908 3223 2021 3280 hoc
2070 3226 2249 3282 etiam
2284 3211 2511 3274 videatur

449 3319 508 3376 in
552 3317 751 3394 Opere
807 3319 880 3378 de
926 3320 1128 3381 Conco
1177 3340 1255 3380 m*
1297 3321 1611 3394 Inmane,
1664 3341 1731 3380 n:
1790 3325 1922 3381 116
1966 3322 2045 3384 ad
2096 3322 2252 3382 125.
2314 3314 2397 3372 EX
2438 3304 2508 3363 11Ῐῦ

451 3435 604 3478 nunc
656 3425 856 3496 patet,
922 3421 1080 3480 unde
1145 3429 1238 3480 est
1301 3423 1459 3499 quod
1507 3422 1801 3482 Dominus
1859 3421 1939 3482 Se
1992 3422 2151 3482 dicat
2199 3420 2410 3483 Vitam,
2462 3404 2505 3460 et

447 3520 605 3580 unde
643 3527 736 3580 est
771 3522 933 3598 quod
975 3521 1250 3581 dicantur
1283 3525 1470 3582 vitam
1510 3523 1735 3583 habere
1776 3529 1837 3583 et
1868 3525 2103 3599 vivere,
2159 3521 2260 3599 qui
2302 3515 2503 3575 Lucem,

449 3637 602 3696 quae
645 3627 738 3680 est
769 3621 1056 3684 Divinum
1092 3622 1346 3697 Verum,
1392 3625 1687 3702 recipiunt
1740 3643 1777 3683 a
1826 3624 2111 3697 Domino,
2165 3629 2223 3682 et
2262 3609 2401 3694 quod
2428 3603 2498 3662 di·

449 3729 660 3781 cantur
697 3739 817 3780 non
853 3701 1053 3781 viuere
1091 3723 1201 3782 sed
1236 3724 1453 3782 mortui
1490 3741 1657 3795 esse,
1706 3727 1808 3802 qui
1842 3741 1959 3783 non
2004 3726 2309 3800 recipiunt.
2360 3696 2501 3784 Q¹¹⁰d

446 3826 656 3882 unicus
694 3823 826 3882 fons
873 3824 1036 3882 vitae
1073 3825 1182 3898 sit,
1235 3829 1295 3882 et
1347 3822 1507 3900 quod
1541 3824 1642 3884 ille
1692 3828 1771 3885 sit
1807 3825 2136 3898 Dominus,
2181 3818 2422 3882 videatur
2448 3801 2495 3856 in

445 3919 648 3996 Opere
683 3922 756 3981 de
791 3922 1001 3984 Conco
1043 3943 1121 3982 m·
1170 3923 1454 3985 Inueni-zo
1520 3943 1589 3984 n:
1640 3927 1709 4001 93
1766 3930 1828 3984 et
1874 3927 1935 3984 in
1974 3925 2291 3984 Doc'rnnu
2326 3910 2495 3973 Nssffl‘

447 4019 933 4084 Hmnosonrmn
973 4041 1050 4084 n:
1093 4028 1178 4083 27
1197 4027 1254 4084 8.

611 4121 770 4178 187.
810 4113 964 4182 Esto
993 4125 1272 4201 vigilans,
1304 4125 1465 4201 quod
1495 4125 1788 4202 significet
1826 4132 1891 4184 ut
1930 4129 2111 4184 vitam
2147 4123 2257 4184 sibi
2291 4116 2487 4182 compa·

449 4223 613 4290 rent,
663 4225 898 4274 constat
947 4238 1020 4278 ex
1055 4224 1485 4300 significatione
1543 4225 1685 4304 vigil
1738 4243 1907 4303 esse,
1962 4226 2121 4303 quod
2176 4226 2247 4285 sit
2292 4220 2345 4276 in
2394 4202 2488 4260 Vita
