2700 4792
415 361 529 416 494
831 285 1325 404 APOJJALYPSIS
1372 344 1807 404 EXPLICATA.
1884 345 1933 414 §.
1974 353 2107 408 283.

415 510 700 572 Divinum
735 506 1078 585 Spirituale‚
1131 507 1292 585 quod
1325 507 1390 568 in
1424 522 1537 566 sua
1572 507 1837 568 essentia
1872 510 1966 566 est
1998 521 2212 566 verum
2248 523 2328 566 ex
2360 506 2547 586 bono,

415 615 653 670 constat
681 623 757 668 ex
781 607 1174 685 sequentibus
1201 607 1294 667 his
1321 606 1469 666 locis
1484 625 1502 682 3
1540 606 1704 683 apud
1715 605 2015 670 Davidem
2042 603 2171 681 „Si
2196 605 2551 670 cubus—itis

412 709 582 772 inter
619 707 906 784 ordines,
960 703 1106 769 alae
1152 704 1471 768 columbae
1520 704 1821 768 obductae
1856 710 2154 785 oerqento,
2202 711 2267 767 et
2285 725 2545 786 pennae

412 809 550 895 ejus
597 807 920 888 flavedine
969 807 1150 879 auri,
1211 825 1357 868 cum
1404 805 1727 887 expandis
1776 804 2139 882 Sohaddai‚
2203 823 2380 886 reyes
2456 807 2533 869 in

413 899 537 972 ια’(
591 897 826 969 Psalm:
862 907 1165 968 LXVIII:
1211 910 1320 967 14.
1371 911 1400 966 1
1420 910 1499 983 53
1555 907 1700 983 quid
1756 907 2052 984 significat
2100 907 2257 983 quod
2290 909 2377 968 eis
2424 911 2532 992 qui

415 1010 640 1073 cubant
663 1013 820 1070 inter
837 1009 1074 1069 ordines
1103 1007 1238 1068 alae
1263 1007 1579 1068 columbae
1596 1007 1891 1068 obductae
1909 1013 2177 1084 argento,
2208 1013 2273 1068 et
2294 1025 2539 1084 pennae

413 1111 708 1172 flavedine
745 1111 908 1184 auri,
965 1115 1027 1169 et
1061 1108 1222 1186 quod
1255 1124 1431 1186 reges
1480 1111 1543 1168 in
1580 1125 1653 1166 ea
1700 1123 1839 1167 cum
1886 1107 2175 1184 expandit
2208 1106 2539 1182 Schaddai,

415 1229 590 1272 nemo
625 1209 904 1286 intelligit
936 1211 1053 1269 nisi
1089 1227 1164 1270 ex
1196 1225 1384 1270 sensu
1418 1210 1651 1268 interno
1661 1227 1679 1285 3
1732 1210 1795 1266 in
1828 1207 1943 1266 hoc
1980 1207 2203 1270 cubare
2239 1210 2395 1294 inter
2434 1226 2541 1270 or·-

415 1313 586 1372 dines
646 1309 941 1388 significat
997 1312 1204 1370 vivere
1267 1310 1326 1368 in
1382 1311 1657 1384 statutis;
1714 1306 1847 1368 alae
1884 1307 2199 1368 columbae
2234 1307 2545 1371 obductae

417 1418 665 1490 argento
717 1409 1052 1488 significant
1110 1425 1258 1468 vera
1316 1409 1684 1486 spiritualia3
1745 1425 1982 1486 pennae
2042 1408 2341 1468 flavedine
2402 1414 2551 1472 auri

417 1512 754 1590 significant
788 1510 1007 1570 bonum
1041 1509 1355 1587 spirituale
1394 1525 1469 1568 ex
1504 1525 1623 1586 quo
1658 1508 1765 1568 illa
1796 1525 1975 1584 νει-35
2014 1507 2319 1569 Schaddai
2342 1511 2545 1588 signi·-

415 1614 556 1673 fioat
589 1618 814 1672 statum
850 1613 1273 1684 tentationum3
1328 1625 1507 1686 reges
1554 1611 1617 1666 in
1664 1625 1738 1669 ea
1772 1607 2107 1686 significant
2152 1609 2301 1670 vera
2332 1613 2397 1670 in
2428 1610 2545 1670 illo

417 1719 480 1774 et
511 1719 654 1790 post
687 1711 885 1770 illum:
955 1709 1114 1788 quod
1165 1710 1300 1770 alae
1351 1708 1665 1768 columbae
1716 1709 2011 1768 obductae
2058 1716 2307 1786 argento
2342 1712 2545 1787 signi-

414 1813 594 1872 ficent
631 1828 777 1870 vera
811 1809 1178 1886 spiritualia,
1231 1814 1328 1868 est
1368 1811 1509 1885 quia
1558 1809 1657 1868 ala
1690 1809 1987 1886 significat
2020 1809 2368 1886 spirituale,
2424 1828 2541 1872 co·-

413 1911 620 1970 lumba
675 1926 884 1968 verum
933 1925 1009 1968 ex
1055 1908 1241 1980 bono,
1321 1917 1385 1968 et
1442 1915 1755 1986 argentum
1811 1913 2014 1987 ipsum
2064 1926 2275 1970 verum
2286 1931 2304 1986 3
2372 1914 2547 1988 qnod

339 2083 343 2088 ¹
411 2028 647 2088 pennae
693 2009 993 2070 obductae
1027 2009 1326 2069 flavedine
1382 2013 1514 2070 auri
1560 2009 1897 2086 significent
1942 2009 2166 2070 bonum
2216 2012 2543 2088 spirituale

414 2129 490 2171 ex
530 2129 648 2188 quo
683 2109 790 2170 illa
827 2127 1005 2184 vera,
1057 2115 1154 2168 est
1189 2112 1330 2186 quia
1370 2127 1573 2187 penna
1607 2109 1906 2186 significat
1957 2109 2180 2172 bonum
2216 2113 2543 2188 spirituale

413 2229 488 2272 ex
525 2229 646 2295 quo
689 2229 869 2285 vera,
925 2218 987 2270 et
1033 2209 1228 2270 simile
1287 2210 1523 2269 flavedo
1588 2211 1749 2288 auri3
1820 2211 1986 2288 quod
2050 2227 2189 2270 cum
2247 2213 2543 2289 expandit

413 2309 714 2372 Schaddai
747 2310 1042 2388 significet
1077 2316 1298 2370 statum
1333 2312 1761 2383 tentationum,
1796 2317 1890 2372 est
1923 2311 2065 2387 quia
2096 2311 2269 2372 Deus
2288 2310 2541 2392 ‘Sched-

411 2411 512 2471 dai
547 2410 840 2489 siguificat
873 2413 1234 2470 tentationes
1295 2416 1358 2470 et
1394 2409 1835 2472 consolationes
1880 2417 2021 2488 post
2062 2411 2229 2488 illas;
2286 2420 2348 2473 et
2392 2416 2543 2491 quia

393 2529 558 2572 vvera
593 2530 668 2572 ex
703 2512 858 2572 bono
893 2511 1326 2588 implantantur
1359 2510 1583 2569 homini
1618 2529 1731 2588 per
1766 2515 2157 2582 tentatione&
2206 2513 2345 2574 ideo
2378 2514 2539 2573 dici-

409 2619 510 2672 tur
541 2613 744 2690 Reges
777 2614 839 2671 in
876 2629 975 2686 ea,
1030 2629 1142 2687 per
1188 2609 1365 2687 reges
1406 2613 1563 2671 enim
1600 2612 2011 2690 significantur
2056 2629 2201 2672 vera
2240 2631 2317 2674 ex
2353 2613 2537 2689 bono,

410 2713 688 2772 videatur
721 2729 907 2790 supra
941 2729 1010 2771 n:
1053 2711 1166 2771 31.
1219 2710 1403 2788 Apud
1434 2712 1709 2772 Eundem
1744 2711 1984 2788 „Deus
2008 2710 2313 2792 equitavit
2336 2731 2545 2793 super

411 2810 708 2887 cueruho,
781 2809 1020 2873 volavit
1032 2856 1050 2887 ,
1119 2815 1328 2873 vectus
1398 2817 1494 2872 est
1548 2821 1739 2892 super
1798 2810 1931 2874 alis
1986 2813 2151 2877 venti
2170 2815 2207 2847 ‘⁶'
2278 2812 2493 2874 Psalm
2518 2837 2537 2874 z

409 2912 658 2972 XVIII:
705 2914 734 2971 1
757 2917 784 2972 1
814 2933 831 2989 ;
883 2913 1056 2972 Deus
1093 2915 1385 2990 equitavit
1430 2929 1617 2990 super
1652 2912 1965 2989 Cherubo,
2021 2913 2315 2993 significat
2344 2913 2537 2974 Divi-

207 3029 370 3090 [326]
411 3029 548 3070 nam
581 3012 1027 3076 Providentiam
1055 3013 1328 3088 Domini3
1368 3012 1597 3072 volavit
1622 3013 1915 3091 significat
1950 3012 2538 3092 omnipraesentiam

412 3113 474 3168 in
506 3110 806 3186 spirituali
841 3111 1091 3187 mund03
1145 3119 1359 3172 vectus
1394 3129 1581 3190 super
1616 3113 1727 3173 alis
1762 3117 1956 3190 venti,
1996 3115 2294 3194 significat
2316 3114 2533 3175 Omni-

409 3211 812 3286 praesentiam
848 3212 910 3268 in
943 3208 1203 3270 naturali
1237 3213 1459 3272 mundo
1476 3233 1492 3288 3
1548 3214 1681 3273 alae
1710 3217 1875 3274 venti
1910 3223 2053 3275 sunt
2078 3215 2417 3293 spiritualia
2448 3231 2533 3276 ex

408 3309 628 3387 quibus
663 3309 976 3368 naturalia.
1045 3310 1227 3387 Apud
1259 3311 1534 3372 Eundem
1582 3311 1914 3389 „Jehovah
1952 3315 2069 3378 sub
2106 3312 2220 3376 ala
2260 3331 2385 3377 sua
2416 3314 2529 3375 ob-

331 3495 336 3500 ·
407 3409 570 3491 teyit
603 3415 693 3481 te,
729 3415 790 3470 et
831 3409 946 3471 sub
989 3409 1218 3490 abysso
1255 3411 1529 3494 confides
1541 3433 1570 3498 ;
1610 3411 1867 3494 clypeus
1892 3419 1950 3474 et
1974 3433 2217 3496 parma
2240 3415 2531 3478 vffltas“

407 3513 646 3573 Psalm:
693 3509 868 3572 XCI:
909 3515 990 3588 45
1047 3510 1162 3570 sub
1211 3512 1310 3572 ala
1360 3513 1677 3591 obtegere,
1728 3515 2025 3592 significat
2073 3517 2371 3576 custodire
2414 3531 2527 3590 per

406 3612 692 3674 Divinum
739 3612 998 3688 Verum,
1053 3612 1215 3689 quod
1263 3618 1359 3672 est
1392 3613 1677 3673 Divinum
1716 3613 2072 3693 Spirituale3
2130 3617 2243 3676 sub
2303 3615 2523 3690 abysso

407 3712 704 3790 confidere
726 3759 744 3787 ,
781 3713 1097 3792 ,significat
1131 3712 1359 3774 Verum
1405 3714 1827 3791 scientificum,
1884 3715 2045 3792 quod
2093 3723 2189 3776 est
2236 3705 2527 3778 Divinum

409 3811 740 3892 Spirituale
791 3813 1095 3890 naturale3
1159 3815 1302 3891 qnia
1343 3814 1461 3874 hoc
1508 3819 1569 3875 et
1614 3814 1767 3876 illud
1811 3815 2109 3894 siguificat
2156 3815 2415 3886 Verum,
2468 3818 2531 3874 et

407 3911 694 3992 obtegere
729 3914 1024 3990 significat
1069 3913 1405 3974 custodiam
1450 3931 1561 3992 per
1605 3915 1751 3974 illud
1770 3957 1789 3988 ‚
1840 3916 1979 3977 ideo
2024 3915 2240 3976 dicitur
2274 3915 2531 3992 clypeus

409 4018 472 4071 et
502 4030 716 4088 parma
749 4015 991 4076 veritas.
1069 4014 1162 4074 Ex
1207 4013 1302 4074 his
1354 4017 1536 4074 etiam
1577 4021 1773 4092 patet,
1832 4015 1977 4094 quid
2010 4015 2385 4093 significatur
2416 4031 2531 4091 per

408 4149 448 4182 „
461 4107 788 4170 Oowztava·
819 4115 936 4174 sub
975 4113 1204 4176 umbra
1243 4110 1501 4176 alarum
1537 4114 1723 4176 Dei“
1759 4115 1995 4178 Psalm:
2032 4115 2249 4178 XVII:
2292 4118 2363 4175 8:
2417 4131 2533 4193 per

412 4203 782 4285 „Confidam
819 4210 889 4270 in
937 4213 1160 4274 umbra
1211 4209 1473 4276 alarum
1504 4213 1779 4295 Ipsiue“
1831 4216 2069 4279 Psalm:
2103 4213 2425 4279 XXXVI:
2470 4217 2531 4275 8.
