2700 4792
477 312 549 366 64
850 299 1338 354 APOCALYPSIS
1381 298 1813 354 EXPLICATA.
1882 299 1933 366 §.
1978 307 2071 360 62.
2117 307 2210 360 63.

475 460 813 521 Ecclesiam
874 458 951 517 ab
1008 457 1146 517 illis.
1234 457 1417 534 Apud
1473 456 1823 518 Sachariam
1890 454 2228 539 „Anyelws
2274 456 2456 520 dia-it
2507 457 2606 520 ad

477 558 894 638 Prophetam,
945 556 1103 640 quid
1139 562 1211 618 tu
1244 555 1441 631 vides,
1483 557 1589 618 cui
1632 557 1805 633 dimi,
1858 557 2028 634 vidi,
2083 563 2143 618 et
2176 576 2307 618 ecce
2341 556 2607 620 eande-

480 660 732 722 labrum
764 659 915 719 aun'
961 661 1194 732 totum,
1264 654 1509 738 lecytus
1548 659 1686 741 ejus
1737 677 1930 738 super
1974 658 2183 740 capite
2230 657 2402 740 qius,
2454 677 2610 738 sep-
2699 707 2700 720 ,

472 768 719 840 temque
771 756 1101 820 Lucet-nae
1144 757 1282 840 ejus
1323 777 1518 838 super
1548 778 1647 829 eo,
1702 763 1958 838 eeptma
2000 755 2423 839 infundibula
2455 758 2611 820 Lw-

481 860 730 922 cernis‘·
778 859 899 918 IV:
945 863 1002 918 2.
1052 861 1124 935 33
1181 861 1382 935 agitur
1415 860 1499 918 ibi
1541 859 1616 918 de
1657 858 2060 933 Serubabele,
2098 863 2200 936 qui
2234 859 2609 918 fundaturus

479 962 723 1022 domum
766 960 914 1033 Dei,
973 965 1034 1018 et
1067 959 1446 1036 perfecturus
1481 959 1681 1034 Illam,
1739 977 1853 1036 per
1886 977 2067 1037 quem
2099 966 2610 1037 repraesentatur

480 1063 805 1129 Dominus,
849 1059 1010 1136 quod
1052 1066 1344 1118 venturus
1382 1066 1443 1119 et
1474 1065 1926 1119 restauraturus
1964 1059 2213 1119 Coelum
2262 1065 2324 1119 et
2372 1059 2608 1120 Eccle-

480 1165 664 1230 siam,
716 1176 869 1236 quae
904 1166 1043 1218 sunt
1078 1158 1516 1219 Candelabrum
1534 1203 1551 1233 ,
1606 1166 1667 1218 et
1717 1165 1928 1220 sancta
1963 1177 2111 1219 vera
2141 1159 2229 1218 ibi
2262 1165 2407 1218 sunt
2450 1177 2608 1237 sep-

483 1270 607 1322 tem
641 1260 943 1320 lucernae.
1034 1258 1193 1335 Quia
1228 1257 1667 1320 Candelabrum
1714 1260 1895 1319 trahit
1928 1261 2530 1336 repraesentativum
2567 1277 2605 1318 a

484 1363 806 1434 Lucernis,
863 1366 925 1418 et
959 1358 1270 1418 Lucernae
1299 1377 1373 1419 ex
1407 1359 1608 1431 Luce,
1657 1377 1815 1437 quae
1854 1362 1916 1418 in
1952 1358 2137 1420 Coelo
2176 1366 2271 1420 est
2305 1358 2606 1418 Divinum

483 1463 743 1531 Verum,
796 1459 934 1518 ideo
969 1458 1264 1518 Dominus
1301 1476 1539 1537 quoque
1575 1467 1826 1520 vocatur
1858 1459 2136 1519 Lucerna
2146 1480 2163 1535 3
2216 1467 2284 1518 ut
2317 1461 2380 1516 in
2416 1459 2599 1537 Apo-

483 1562 717 1638 calypsi
775 1556 1061 1634 „Sancta
1114 1556 1575 1640 Hierosolyma
1619 1579 1745 1620 non
1786 1578 1947 1640 opus
1995 1557 2179 1620 habet
2222 1555 2354 1619 sole
2402 1577 2600 1639 neque

483 1659 668 1734 luna,
723 1664 798 1719 ut
823 1656 1072 1718 luceant
1099 1657 1169 1718 in
1201 1677 1293 1730 ea,
1336 1656 1555 1739 ylaria
1589 1659 1727 1720 Dei
1753 1657 2113 1721 illusbravz‘t
2140 1678 2308 1734 eam,
2363 1664 2426 1718 et
2454 1657 2599 1720 ΙΛι-

479 1778 670 1821 cema
713 1757 850 1840 qius
894 1757 1173 1836 Aynu8“
1237 1759 1428 1818 XXI:
1484 1762 1597 1820 23.
1651 1764 1762 1820 24.
1832 1760 1990 1838 Cap:
2042 1759 2266 1819 XXII:
2310 1762 2372 1820 5.
2442 1753 2595 1820 Inde

484 1863 664 1919 etiam
719 1865 841 1934 est,
906 1858 1066 1934 quod
1115 1860 1315 1917 David
1364 1865 1425 1919 et
1469 1859 1671 1937 Reges
1719 1867 1860 1938 post
1907 1860 2105 1930 illum,
2170 1860 2313 1920 dicti
2370 1860 2592 1919 fuerint

488 1958 868 2036 „Luem-me
908 1954 1235 2018 Ιεφαέἰίεζί
1287 1959 1351 2018 Π
1386 1959 1563 2020 Sam:
1612 1961 1804 2021 XXI:
1858 1964 1967 2019 17.
2032 1954 2265 2036 ΙΒθςε
2303 1961 2433 2020 XI:
2480 1961 2588 2018 36.

486 2060 645 2136 Cap:
680 2059 834 2119 XV:
874 2063 939 2119 4.
986 2057 1049 2118 11
1072 2058 1233 2135 Reg:
1271 2059 1456 2123 VIII:
1502 2062 1621 2136 193
1659 2078 1771 2136 per
1810 2060 2109 2120 Davidem
2143 2063 2301 2120 enim
2338 2076 2587 2136 reprae-

483 2160 835 2219 sentabatur
866 2159 1156 2218 Dominus
1193 2158 1391 2234 quoad
1432 2160 1713 2237 Regium,
1778 2161 2052 2220 similiter
2084 2177 2196 2236 per
2231 2160 2439 2237 Reges
2475 2159 2583 2218 Je-

484 2260 682 2319 hudae
720 2267 780 2318 et
811 2259 1086 2335 Israelis,
1137 2259 1295 2334 quod
1343 2277 1454 2336 per
1498 2261 1823 2336 Davidem,
1876 2261 2153 2320 videatur
2197 2262 2259 2318 in
2312 2261 2587 2320 Aacms

485 2360 904 2420 Connssrmus
958 2377 1023 2418 n:
1103 2361 1310 2418 1888.
1369 2362 1596 2436 99543
1667 2367 1728 2420 et
1764 2360 1922 2437 quod
1966 2379 2078 2438 per
2118 2360 2350 2437 Reges,
2404 2376 2589 2435 supra

481 2480 557 2520 n:
623 2462 734 2521 31.
818 2459 992 2536 Quod
1053 2458 1431 2519 Candelabra
1487 2468 1689 2520 essent
1750 2479 1962 2534 aurea,
2026 2478 2180 2537 quae
2236 2463 2369 2520 visa
2424 2465 2580 2534 sunt,

482 2569 614 2621 erat
667 2578 878 2636 causa,
937 2562 1076 2636 quia
1125 2577 1336 2618 aurum
1363 2561 1675 2636 significat
1722 2561 1940 2620 bonum
1999 2563 2252 2633 amoris,
2307 2567 2370 2620 et
2416 2576 2587 2619 omne

481 2661 641 2739 quod
686 2662 960 2738 procedit
990 2678 1042 2718 a
1082 2659 1340 2718 Domino
1395 2668 1598 2720 estex
1646 2660 1867 2720 Divino
1912 2662 2164 2736 Amore3
2221 2667 2588 2738 quapropter

479 2763 765 2820 Divinum
800 2762 1044 2821 Domini
1078 2762 1139 2819 in
1168 2760 1367 2819 Coelis
1396 2767 1491 2820 est
1515 2762 1700 2820 Amor
1734 2764 1794 2819 in
1832 2761 2077 2838 Ipsum,
2118 2769 2179 2820 et
2218 2763 2405 2820 Amor
2445 2777 2589 2838 erga

482 2863 818 2937 proximum
856 2863 957 2937 qui
993 2867 1087 2920 est
1122 2860 1428 2936 Charitas,
1486 2860 1760 2920 videatur
1796 2865 1859 2920 in
1894 2860 2094 2937 Opere
2140 2863 2215 2922 de
2260 2860 2466 2921 Conco
2512 2879 2585 2922 m·

480 2960 787 3037 INrnRNo,
840 2980 911 3020 n:
963 2964 990 3019 1
1012 2963 1047 3019 3
1079 2960 1156 3018 ad
1189 2963 1216 3018 l
1238 2963 1307 3019 9:
1362 2962 1515 3020 haec
1553 2978 1738 3020 causa
1785 2967 1879 3020 est
1920 2962 2080 3037 quod
2113 2960 2589 3032 Candelabrum,

488 3065 550 3119 et
589 3077 825 3137 quoque
855 3059 1296 3121 Candelabrum
1321 3063 1385 3119 in
1412 3046 1831 3120 Tabernaculo
1862 3066 2025 3121 esset
2053 3079 2128 3121 ex
2164 3077 2329 3120 aure.

640 3163 750 3220 63.
822 3163 900 3219 Et
952 3163 1014 3219 in
1058 3159 1253 3218 medio
1306 3164 1539 3236 septem
1581 3160 2088 3222 Candelabrorum
2140 3160 2393 3221 similem
2439 3161 2588 3221 Filio

480 3261 760 3336 hominis,
815 3260 979 3339 quod
1011 3258 1306 3334 significet
1341 3260 1659 3319 Dominum
1695 3281 1733 3318 a
1771 3261 1905 3338 Quo
1945 3278 2117 3320 omne
2157 3261 2325 3321 Coeli
2365 3267 2427 3319 et
2464 3263 2581 3320 Ec-

321 3371 441 3433 [47]
484 3360 723 3439 clesiae,
765 3365 996 3420 constat
1025 3375 1099 3417 ex
1129 3358 1557 3435 significatione
1583 3363 1645 3418 in
1680 3360 1876 3420 medio
1898 3405 1919 3438 ,
1962 3360 2122 3437 quod
2156 3364 2236 3420 sit
2270 3363 2333 3419 in
2356 3362 2581 3437 intimo,

479 3459 554 3520 de
584 3478 703 3537 qua
734 3479 803 3520 n:
849 3462 1059 3518 1074.
1093 3461 1304 3519 2940.
1348 3461 1571 3536 29735
1628 3467 1692 3519 et
1730 3462 1871 3537 quia
1907 3477 1983 3521 ex
2019 3462 2223 3520 intimo
2250 3461 2585 3538 procedunt

479 3564 678 3619 omnia
717 3562 873 3618 sicut
907 3558 1013 3616 lux
1052 3575 1084 3617 e
1121 3567 1324 3618 centro
1372 3561 1433 3617 in
1483 3561 1885 3636 peripherias,
1937 3561 2073 3619 ideo
2125 3578 2237 3636 per
2281 3563 2344 3618 in
2387 3560 2580 3620 medio

478 3659 845 3737 significatur
885 3676 921 3715 a
958 3657 1088 3733 Quo
1099 3678 1116 3734 3
1173 3677 1247 3718 ex
1292 3661 1723 3735 significatione
1764 3668 2000 3736 septem
2058 3658 2580 3736 Candelabrorum,

480 3759 639 3834 quod
671 3759 792 3816 sint
822 3757 1056 3818 Novum
1084 3756 1333 3818 Coelum
1363 3768 1423 3818 et
1450 3759 1626 3820 Nova
1653 3760 1947 3836 Ecclesia,
1980 3759 2056 3818 de
2093 3778 2213 3838 qua
2237 3778 2376 3819 mox
2404 3777 2582 3836 supra
2699 3759 2700 3764 ’

479 3875 549 3915 n:
605 3859 726 3926 623
783 3864 843 3916 et
879 3875 952 3917 ex
990 3859 1422 3935 significatione
1458 3860 1611 3918 Frui
1645 3878 1928 3935 nonnms,
1985 3861 2144 3934 quod
2179 3862 2259 3918 sit
2293 3860 2578 3920 Dominus
2699 3917 2700 3928 ,

481 3956 681 4032 quoad
702 3957 984 4017 Divinum
1011 3960 1374 4028 Humanum,
1404 3966 1464 4019 et
1501 3977 1740 4036 quoque
1782 3959 1984 4036 quoad
2020 3960 2306 4017 Divinum
2341 3960 2575 4034 Verum,

481 4059 620 4132 quia
651 4057 764 4118 hoc
804 4076 841 4116 a
875 4060 1094 4118 Divino
1133 4059 1414 4118 Humano
1460 4059 1659 4134 Ipsius
1700 4059 2010 4136 procedit:
2067 4077 2141 4118 ex
2177 4059 2271 4118 his
2312 4067 2575 4118 constare

475 4163 690 4234 potest,
722 4176 826 4218 cur
839 4160 1130 4218 Dominus
1162 4161 1443 4234 apparuit
1476 4161 1537 4217 in
1562 4158 1755 4219 medio
1785 4166 2022 4236 septem
2054 4158 2569 4242 Candelabrorum,

362 4537 515 4669 ‘i

435 4668 487 4704 ἓξ

394 4730 414 4747 ἱ,
