<?xml version="1.0" encoding="UTF-8"?>
<!DOCTYPE html PUBLIC "-//W3C//DTD XHTML 1.0 Transitional//EN"
    "http://www.w3.org/TR/xhtml1/DTD/xhtml1-transitional.dtd">
<html xmlns="http://www.w3.org/1999/xhtml" xml:lang="en" lang="en">
 <head>
  <title>
</title>
<meta http-equiv="Content-Type" content="text/html;charset=utf-8" />
  <meta name='ocr-system' content='tesseract 3.04.00' />
  <meta name='ocr-capabilities' content='ocr_page ocr_carea ocr_par ocr_line ocrx_word'/>
</head>
<body>
  <div class='ocr_page' id='page_1' title='image "./apocalypsisexpl01unkngoog_0290.png"; bbox 0 0 2700 4792; ppageno 0'>
   <div class='ocr_carea' id='block_1_1' title="bbox 429 377 2120 446">
    <p class='ocr_par' dir='ltr' id='par_1_1' title="bbox 429 377 2120 446">
     <span class='ocr_line' id='line_1_1' title="bbox 429 377 2120 446; baseline -0.001 -10"><span class='ocrx_word' id='word_1_1' title='bbox 429 391 542 444; x_wconf 79' lang='lat'><strong>286</strong></span> <span class='ocrx_word' id='word_1_2' title='bbox 848 377 1338 435; x_wconf 75' lang='lat' dir='ltr'>APOCALYPSIS</span> <span class='ocrx_word' id='word_1_3' title='bbox 1381 377 1815 435; x_wconf 78' lang='lat' dir='ltr'>EXPLICATA.</span> <span class='ocrx_word' id='word_1_4' title='bbox 1894 378 1943 446; x_wconf 84' lang='lat'><strong>§.</strong></span> <span class='ocrx_word' id='word_1_5' title='bbox 1990 385 2120 438; x_wconf 72' lang='lat'><strong>195.</strong></span> 
     </span>
    </p>
   </div>
   <div class='ocr_carea' id='block_1_2' title="bbox 237 537 2593 4328">
    <p class='ocr_par' dir='ltr' id='par_1_2' title="bbox 237 537 2593 4328">
     <span class='ocr_line' id='line_1_2' title="bbox 431 537 2526 622; baseline -0.003 -20"><span class='ocrx_word' id='word_1_6' title='bbox 431 544 668 602; x_wconf 80' lang='lat' dir='ltr'><strong>constat</strong></span> <span class='ocrx_word' id='word_1_7' title='bbox 703 547 778 599; x_wconf 78' lang='lat' dir='ltr'><strong>ex</strong></span> <span class='ocrx_word' id='word_1_8' title='bbox 814 538 1244 622; x_wconf 61' lang='lat' dir='ltr'><strong>significatione</strong></span> <span class='ocrx_word' id='word_1_9' title='bbox 1279 541 1534 600; x_wconf 83' lang='lat' dir='ltr'><strong>nominis</strong></span> <span class='ocrx_word' id='word_1_10' title='bbox 1550 584 1569 616; x_wconf 93' lang='lat'><strong>,</strong></span> <span class='ocrx_word' id='word_1_11' title='bbox 1625 540 1787 617; x_wconf 83' lang='lat' dir='ltr'><strong>quod</strong></span> <span class='ocrx_word' id='word_1_12' title='bbox 1818 543 1897 600; x_wconf 88' lang='lat' dir='ltr'><strong>sit</strong></span> <span class='ocrx_word' id='word_1_13' title='bbox 1932 539 2116 617; x_wconf 84' lang='lat' dir='ltr'><strong>quale</strong></span> <span class='ocrx_word' id='word_1_14' title='bbox 2164 540 2350 594; x_wconf 73' lang='lat' dir='ltr'><strong>status</strong></span> <span class='ocrx_word' id='word_1_15' title='bbox 2377 537 2526 596; x_wconf 73' lang='lat' dir='ltr'><strong>vitae</strong></span> 
     </span>
     <span class='ocr_line' id='line_1_3' title="bbox 431 629 2593 718; baseline -0.002 -19"><span class='ocrx_word' id='word_1_16' title='bbox 431 641 704 713; x_wconf 78' lang='lat' dir='ltr'><strong>hominis,</strong></span> <span class='ocrx_word' id='word_1_17' title='bbox 755 637 830 698; x_wconf 86' lang='lat' dir='ltr'><strong>de</strong></span> <span class='ocrx_word' id='word_1_18' title='bbox 867 655 988 716; x_wconf 83' lang='lat' dir='ltr'><strong>qua</strong></span> <span class='ocrx_word' id='word_1_19' title='bbox 1021 655 1208 716; x_wconf 80' lang='lat' dir='ltr'><strong>supra</strong></span> <span class='ocrx_word' id='word_1_20' title='bbox 1240 657 1310 700; x_wconf 83' lang='lat' dir='ltr'><strong>n:</strong></span> <span class='ocrx_word' id='word_1_21' title='bbox 1358 643 1387 700; x_wconf 94' lang='lat'>1</span> <span class='ocrx_word' id='word_1_22' title='bbox 1404 643 1444 698; x_wconf 86' lang='lat'>4</span> <span class='ocrx_word' id='word_1_23' title='bbox 1457 641 1516 714; x_wconf 83' lang='lat'><strong>8,</strong></span> <span class='ocrx_word' id='word_1_24' title='bbox 1562 640 1660 700; x_wconf 81' lang='lat' dir='ltr'><strong>hic</strong></span> <span class='ocrx_word' id='word_1_25' title='bbox 1694 643 1897 718; x_wconf 86' lang='lat' dir='ltr'><strong>itaque</strong></span> <span class='ocrx_word' id='word_1_26' title='bbox 1922 639 2187 700; x_wconf 83' lang='lat' dir='ltr'><strong>Nomina</strong></span> <span class='ocrx_word' id='word_1_27' title='bbox 2220 633 2533 711; x_wconf 83' lang='lat' dir='ltr'><strong>significant</strong></span> <span class='ocrx_word' id='word_1_28' title='bbox 2584 629 2593 635; x_wconf 81' lang='grc'>’</span> 
     </span>
     <span class='ocr_line' id='line_1_4' title="bbox 431 733 2529 817; baseline -0.002 -18"><span class='ocrx_word' id='word_1_29' title='bbox 431 739 702 799; x_wconf 83' lang='lat' dir='ltr'><strong>homines</strong></span> <span class='ocrx_word' id='word_1_30' title='bbox 731 741 836 816; x_wconf 86' lang='lat' dir='ltr'><strong>qui</strong></span> <span class='ocrx_word' id='word_1_31' title='bbox 859 739 1016 799; x_wconf 85' lang='lat' dir='ltr'><strong>tales</strong></span> <span class='ocrx_word' id='word_1_32' title='bbox 1042 745 1182 798; x_wconf 86' lang='lat' dir='ltr'><strong>sunt</strong></span> <span class='ocrx_word' id='word_1_33' title='bbox 1195 759 1212 816; x_wconf 86' lang='lat'><em>3</em></span> <span class='ocrx_word' id='word_1_34' title='bbox 1251 758 1327 798; x_wconf 83' lang='lat' dir='ltr'><strong>ex</strong></span> <span class='ocrx_word' id='word_1_35' title='bbox 1351 741 1781 817; x_wconf 83' lang='lat' dir='ltr'><strong>significatione</strong></span> <span class='ocrx_word' id='word_1_36' title='bbox 1807 741 2129 802; x_wconf 78' lang='lat' dir='ltr'><strong>Ecclesiae</strong></span> <span class='ocrx_word' id='word_1_37' title='bbox 2154 741 2216 798; x_wconf 88' lang='lat' dir='ltr'><strong>in</strong></span> <span class='ocrx_word' id='word_1_38' title='bbox 2240 733 2529 810; x_wconf 80' lang='lat' dir='ltr'><strong>Sardibus,</strong></span> 
     </span>
     <span class='ocr_line' id='line_1_5' title="bbox 431 837 2535 918; baseline -0.003 -19"><span class='ocrx_word' id='word_1_39' title='bbox 431 839 592 917; x_wconf 85' lang='lat' dir='ltr'><strong>quod</strong></span> <span class='ocrx_word' id='word_1_40' title='bbox 625 841 745 898; x_wconf 86' lang='lat' dir='ltr'><strong>sint</strong></span> <span class='ocrx_word' id='word_1_41' title='bbox 781 841 884 916; x_wconf 90' lang='lat' dir='ltr'><strong>qui</strong></span> <span class='ocrx_word' id='word_1_42' title='bbox 923 841 1102 902; x_wconf 81' lang='lat' dir='ltr'><strong>vitam</strong></span> <span class='ocrx_word' id='word_1_43' title='bbox 1139 840 1425 900; x_wconf 78' lang='lat' dir='ltr'>moralem</span> <span class='ocrx_word' id='word_1_44' title='bbox 1460 846 1644 918; x_wconf 85' lang='lat' dir='ltr'><strong>agunt</strong></span> <span class='ocrx_word' id='word_1_45' title='bbox 1676 840 1789 900; x_wconf 87' lang='lat' dir='ltr'><strong>sed</strong></span> <span class='ocrx_word' id='word_1_46' title='bbox 1821 859 1939 901; x_wconf 88' lang='lat' dir='ltr'><strong>non</strong></span> <span class='ocrx_word' id='word_1_47' title='bbox 1976 838 2371 917; x_wconf 80' lang='lat' dir='ltr'><strong>spiritualem,</strong></span> <span class='ocrx_word' id='word_1_48' title='bbox 2408 837 2535 910; x_wconf 80' lang='lat' dir='ltr'><strong>quia</strong></span> 
     </span>
     <span class='ocr_line' id='line_1_6' title="bbox 429 936 2533 1017; baseline -0.003 -19"><span class='ocrx_word' id='word_1_49' title='bbox 429 941 604 1017; x_wconf 81' lang='lat' dir='ltr'><strong>parvi</strong></span> <span class='ocrx_word' id='word_1_50' title='bbox 637 937 908 1016; x_wconf 83' lang='lat' dir='ltr'><strong>pendunt</strong></span> <span class='ocrx_word' id='word_1_51' title='bbox 934 941 1304 1017; x_wconf 78' lang='lat' dir='ltr'><strong>cognitiones</strong></span> <span class='ocrx_word' id='word_1_52' title='bbox 1329 943 1458 1000; x_wconf 87' lang='lat' dir='ltr'><strong>veri</strong></span> <span class='ocrx_word' id='word_1_53' title='bbox 1486 948 1547 1000; x_wconf 89' lang='lat' dir='ltr'><strong>ct</strong></span> <span class='ocrx_word' id='word_1_54' title='bbox 1571 941 1713 1000; x_wconf 85' lang='lat' dir='ltr'><strong>boni</strong></span> <span class='ocrx_word' id='word_1_55' title='bbox 1741 959 1815 1002; x_wconf 83' lang='lat' dir='ltr'><strong>ex</strong></span> <span class='ocrx_word' id='word_1_56' title='bbox 1841 940 2073 1015; x_wconf 88' lang='lat' dir='ltr'><strong>Verbo,</strong></span> <span class='ocrx_word' id='word_1_57' title='bbox 2116 940 2193 999; x_wconf 87' lang='lat' dir='ltr'><strong>de</strong></span> <span class='ocrx_word' id='word_1_58' title='bbox 2232 953 2351 1016; x_wconf 84' lang='lat' dir='ltr'><strong>qua</strong></span> <span class='ocrx_word' id='word_1_59' title='bbox 2376 936 2533 994; x_wconf 87' lang='lat' dir='ltr'><strong>etiam</strong></span> 
     </span>
     <span class='ocr_line' id='line_1_7' title="bbox 433 1029 2533 1128; baseline -0.001 -29"><span class='ocrx_word' id='word_1_60' title='bbox 433 1055 620 1117; x_wconf 84' lang='lat' dir='ltr'><strong>supra</strong></span> <span class='ocrx_word' id='word_1_61' title='bbox 647 1055 716 1098; x_wconf 83' lang='lat' dir='ltr'><strong>n:</strong></span> <span class='ocrx_word' id='word_1_62' title='bbox 749 1041 881 1098; x_wconf 88' lang='lat'><strong>148</strong></span> <span class='ocrx_word' id='word_1_63' title='bbox 914 1029 954 1128; x_wconf 87' lang='lat'><strong>[.</strong></span> <span class='ocrx_word' id='word_1_64' title='bbox 981 1044 1010 1098; x_wconf 92' lang='lat'>1</span> <span class='ocrx_word' id='word_1_65' title='bbox 1030 1029 1176 1126; x_wconf 79' lang='lat'><strong>82];</strong></span> <span class='ocrx_word' id='word_1_66' title='bbox 1211 1041 1309 1099; x_wconf 87' lang='lat' dir='ltr'><strong>hic</strong></span> <span class='ocrx_word' id='word_1_67' title='bbox 1335 1047 1541 1101; x_wconf 85' lang='lat' dir='ltr'><strong>autem</strong></span> <span class='ocrx_word' id='word_1_68' title='bbox 1564 1040 1983 1118; x_wconf 86' lang='lat' dir='ltr'><strong>intelliguntur</strong></span> <span class='ocrx_word' id='word_1_69' title='bbox 2016 1039 2109 1100; x_wconf 86' lang='lat' dir='ltr'><strong>illi</strong></span> <span class='ocrx_word' id='word_1_70' title='bbox 2140 1041 2247 1117; x_wconf 88' lang='lat' dir='ltr'><strong>qui</strong></span> <span class='ocrx_word' id='word_1_71' title='bbox 2272 1035 2533 1094; x_wconf 79' lang='lat' dir='ltr'><strong>moralem</strong></span> 
     </span>
     <span class='ocr_line' id='line_1_8' title="bbox 433 1137 2533 1217; baseline -0.004 -18"><span class='ocrx_word' id='word_1_72' title='bbox 433 1141 618 1200; x_wconf 84' lang='lat' dir='ltr'><strong>vitam</strong></span> <span class='ocrx_word' id='word_1_73' title='bbox 665 1145 854 1216; x_wconf 84' lang='lat' dir='ltr'><strong>agunt</strong></span> <span class='ocrx_word' id='word_1_74' title='bbox 903 1157 978 1199; x_wconf 83' lang='lat' dir='ltr'><strong>ex</strong></span> <span class='ocrx_word' id='word_1_75' title='bbox 1013 1141 1238 1216; x_wconf 87' lang='lat' dir='ltr'><strong>origine</strong></span> <span class='ocrx_word' id='word_1_76' title='bbox 1290 1142 1619 1217; x_wconf 84' lang='lat' dir='ltr'><strong>spirituali,</strong></span> <span class='ocrx_word' id='word_1_77' title='bbox 1674 1158 1815 1200; x_wconf 83' lang='lat' dir='ltr'><strong>nam</strong></span> <span class='ocrx_word' id='word_1_78' title='bbox 1862 1141 2111 1216; x_wconf 87' lang='lat' dir='ltr'><strong>dicitur,</strong></span> <span class='ocrx_word' id='word_1_79' title='bbox 2172 1141 2275 1217; x_wconf 88' lang='lat' dir='ltr'><strong>qui</strong></span> <span class='ocrx_word' id='word_1_80' title='bbox 2308 1151 2425 1193; x_wconf 84' lang='lat' dir='ltr'><strong>non</strong></span> <span class='ocrx_word' id='word_1_81' title='bbox 2454 1137 2533 1192; x_wconf 88' lang='lat' dir='ltr'><strong>in-</strong></span> 
     </span>
     <span class='ocr_line' id='line_1_9' title="bbox 435 1239 2533 1319; baseline -0.003 -21"><span class='ocrx_word' id='word_1_82' title='bbox 435 1243 832 1317; x_wconf 84' lang='lat' dir='ltr'><strong>quinaverunt</strong></span> <span class='ocrx_word' id='word_1_83' title='bbox 867 1241 1224 1300; x_wconf 84' lang='lat' dir='ltr'><strong>vestimenta</strong></span> <span class='ocrx_word' id='word_1_84' title='bbox 1271 1257 1411 1316; x_wconf 85' lang='lat' dir='ltr'><strong>sua3</strong></span> <span class='ocrx_word' id='word_1_85' title='bbox 1466 1248 1528 1300; x_wconf 87' lang='lat' dir='ltr'><strong>et</strong></span> <span class='ocrx_word' id='word_1_86' title='bbox 1576 1259 1654 1302; x_wconf 86' lang='lat' dir='ltr'><strong>ex</strong></span> <span class='ocrx_word' id='word_1_87' title='bbox 1688 1242 2130 1319; x_wconf 84' lang='lat' dir='ltr'><strong>significatione</strong></span> <span class='ocrx_word' id='word_1_88' title='bbox 2169 1239 2533 1299; x_wconf 77' lang='lat' dir='ltr'><strong>vestimento-</strong></span> 
     </span>
     <span class='ocr_line' id='line_1_10' title="bbox 435 1333 2534 1426; baseline -0.004 -27"><span class='ocrx_word' id='word_1_89' title='bbox 435 1359 596 1411; x_wconf 89' lang='lat' dir='ltr'><strong>rum,</strong></span> <span class='ocrx_word' id='word_1_90' title='bbox 633 1339 794 1417; x_wconf 81' lang='lat' dir='ltr'><strong>quod</strong></span> <span class='ocrx_word' id='word_1_91' title='bbox 827 1341 946 1399; x_wconf 89' lang='lat' dir='ltr'><strong>sint</strong></span> <span class='ocrx_word' id='word_1_92' title='bbox 971 1357 1120 1400; x_wconf 84' lang='lat' dir='ltr'><strong>vera</strong></span> <span class='ocrx_word' id='word_1_93' title='bbox 1151 1339 1481 1426; x_wconf 83' lang='lat' dir='ltr'><strong>scientifica</strong></span> <span class='ocrx_word' id='word_1_94' title='bbox 1514 1349 1577 1401; x_wconf 89' lang='lat' dir='ltr'><strong>et</strong></span> <span class='ocrx_word' id='word_1_95' title='bbox 1602 1345 1969 1419; x_wconf 87' lang='lat' dir='ltr'><strong>cognitiones</strong></span> <span class='ocrx_word' id='word_1_96' title='bbox 2008 1359 2173 1420; x_wconf 88' lang='lat' dir='ltr'><strong>quae</strong></span> <span class='ocrx_word' id='word_1_97' title='bbox 2208 1342 2269 1399; x_wconf 85' lang='lat' dir='ltr'><strong>in</strong></span> <span class='ocrx_word' id='word_1_98' title='bbox 2302 1333 2534 1397; x_wconf 80' lang='lat' dir='ltr'><strong>naturali</strong></span> 
     </span>
     <span class='ocr_line' id='line_1_11' title="bbox 433 1439 2533 1520; baseline -0.004 -20"><span class='ocrx_word' id='word_1_99' title='bbox 433 1441 702 1514; x_wconf 87' lang='lat' dir='ltr'><strong>homine,</strong></span> <span class='ocrx_word' id='word_1_100' title='bbox 771 1439 846 1499; x_wconf 85' lang='lat' dir='ltr'><strong>de</strong></span> <span class='ocrx_word' id='word_1_101' title='bbox 882 1457 1004 1516; x_wconf 88' lang='lat' dir='ltr'><strong>qua</strong></span> <span class='ocrx_word' id='word_1_102' title='bbox 1037 1443 1327 1516; x_wconf 80' lang='lat' dir='ltr'><strong>sequitur,</strong></span> <span class='ocrx_word' id='word_1_103' title='bbox 1364 1441 1505 1502; x_wconf 84' lang='lat' dir='ltr'><strong>inde</strong></span> <span class='ocrx_word' id='word_1_104' title='bbox 1546 1459 1657 1518; x_wconf 90' lang='lat' dir='ltr'><strong>per</strong></span> <span class='ocrx_word' id='word_1_105' title='bbox 1682 1460 1801 1502; x_wconf 86' lang='lat' dir='ltr'><strong>non</strong></span> <span class='ocrx_word' id='word_1_106' title='bbox 1842 1445 2165 1520; x_wconf 85' lang='lat' dir='ltr'><strong>inquinare</strong></span> <span class='ocrx_word' id='word_1_107' title='bbox 2206 1439 2533 1500; x_wconf 81' lang='lat' dir='ltr'><strong>vestimenta</strong></span> 
     </span>
     <span class='ocr_line' id='line_1_12' title="bbox 332 1539 2528 1621; baseline -0.003 -20"><span class='ocrx_word' id='word_1_108' title='bbox 332 1571 342 1578; x_wconf 91' lang='lat'><em>-</em></span> <span class='ocrx_word' id='word_1_109' title='bbox 435 1557 550 1601; x_wconf 82' lang='lat' dir='ltr'><strong>sua</strong></span> <span class='ocrx_word' id='word_1_110' title='bbox 582 1541 950 1618; x_wconf 83' lang='lat' dir='ltr'><strong>significatur</strong></span> <span class='ocrx_word' id='word_1_111' title='bbox 982 1557 1102 1599; x_wconf 89' lang='lat' dir='ltr'><strong>non</strong></span> <span class='ocrx_word' id='word_1_112' title='bbox 1134 1541 1340 1602; x_wconf 83' lang='lat' dir='ltr'><strong>vivere</strong></span> <span class='ocrx_word' id='word_1_113' title='bbox 1376 1543 1616 1602; x_wconf 83' lang='lat' dir='ltr'><strong>moralis</strong></span> <span class='ocrx_word' id='word_1_114' title='bbox 1662 1543 1840 1603; x_wconf 89' lang='lat' dir='ltr'><strong>homo</strong></span> <span class='ocrx_word' id='word_1_115' title='bbox 1874 1548 2131 1621; x_wconf 88' lang='lat' dir='ltr'><strong>propter</strong></span> <span class='ocrx_word' id='word_1_116' title='bbox 2167 1539 2237 1600; x_wconf 75' lang='lat' dir='ltr'><strong>se</strong></span> <span class='ocrx_word' id='word_1_117' title='bbox 2287 1544 2349 1599; x_wconf 88' lang='lat' dir='ltr'><strong>et</strong></span> <span class='ocrx_word' id='word_1_118' title='bbox 2377 1551 2528 1594; x_wconf 87' lang='lat' dir='ltr'><strong>mun·</strong></span> 
     </span>
     <span class='ocr_line' id='line_1_13' title="bbox 435 1639 2530 1721; baseline -0.004 -20"><span class='ocrx_word' id='word_1_119' title='bbox 435 1642 592 1716; x_wconf 83' lang='lat' dir='ltr'><strong>dum,</strong></span> <span class='ocrx_word' id='word_1_120' title='bbox 625 1641 786 1718; x_wconf 81' lang='lat' dir='ltr'><strong>quod</strong></span> <span class='ocrx_word' id='word_1_121' title='bbox 811 1647 905 1700; x_wconf 86' lang='lat' dir='ltr'><strong>est</strong></span> <span class='ocrx_word' id='word_1_122' title='bbox 929 1640 1124 1700; x_wconf 87' lang='lat' dir='ltr'><strong>solum</strong></span> <span class='ocrx_word' id='word_1_123' title='bbox 1150 1649 1399 1718; x_wconf 83' lang='lat' dir='ltr'><strong>propter</strong></span> <span class='ocrx_word' id='word_1_124' title='bbox 1424 1659 1643 1719; x_wconf 87' lang='lat' dir='ltr'><strong>corpus</strong></span> <span class='ocrx_word' id='word_1_125' title='bbox 1680 1649 1742 1702; x_wconf 87' lang='lat' dir='ltr'><strong>et</strong></span> <span class='ocrx_word' id='word_1_126' title='bbox 1770 1643 1902 1721; x_wconf 89' lang='lat' dir='ltr'><strong>ejus</strong></span> <span class='ocrx_word' id='word_1_127' title='bbox 1928 1647 2141 1717; x_wconf 86' lang='lat' dir='ltr'><strong>vitam,</strong></span> <span class='ocrx_word' id='word_1_128' title='bbox 2171 1639 2285 1700; x_wconf 87' lang='lat' dir='ltr'><strong>sed</strong></span> <span class='ocrx_word' id='word_1_129' title='bbox 2311 1641 2530 1716; x_wconf 82' lang='lat' dir='ltr'><strong>propter</strong></span> 
     </span>
     <span class='ocr_line' id='line_1_14' title="bbox 438 1739 2525 1821; baseline -0.005 -19"><span class='ocrx_word' id='word_1_130' title='bbox 438 1743 760 1802; x_wconf 86' lang='lat' dir='ltr'><strong>Dominum</strong></span> <span class='ocrx_word' id='word_1_131' title='bbox 795 1746 856 1802; x_wconf 90' lang='lat' dir='ltr'><strong>et</strong></span> <span class='ocrx_word' id='word_1_132' title='bbox 892 1740 1159 1816; x_wconf 87' lang='lat' dir='ltr'><strong>Coelum,</strong></span> <span class='ocrx_word' id='word_1_133' title='bbox 1199 1741 1361 1819; x_wconf 88' lang='lat' dir='ltr'><strong>quod</strong></span> <span class='ocrx_word' id='word_1_134' title='bbox 1396 1749 1489 1802; x_wconf 89' lang='lat' dir='ltr'><strong>est</strong></span> <span class='ocrx_word' id='word_1_135' title='bbox 1523 1751 1773 1821; x_wconf 88' lang='lat' dir='ltr'><strong>propter</strong></span> <span class='ocrx_word' id='word_1_136' title='bbox 1797 1745 2062 1803; x_wconf 87' lang='lat' dir='ltr'><strong>animam</strong></span> <span class='ocrx_word' id='word_1_137' title='bbox 2093 1748 2157 1802; x_wconf 89' lang='lat' dir='ltr'><strong>et</strong></span> <span class='ocrx_word' id='word_1_138' title='bbox 2184 1742 2315 1820; x_wconf 87' lang='lat' dir='ltr'><strong>ejus</strong></span> <span class='ocrx_word' id='word_1_139' title='bbox 2341 1739 2525 1806; x_wconf 64' lang='lat' dir='ltr'><strong>vitam</strong></span> 
     </span>
     <span class='ocr_line' id='line_1_15' title="bbox 237 1834 2526 1921; baseline -0.004 -15"><span class='ocrx_word' id='word_1_140' title='bbox 237 1844 414 1912; x_wconf 44' lang='lat'>[19⁹1.</span> <span class='ocrx_word' id='word_1_141' title='bbox 437 1841 578 1901; x_wconf 82' lang='lat' dir='ltr'><strong>inde</strong></span> <span class='ocrx_word' id='word_1_142' title='bbox 611 1848 812 1918; x_wconf 86' lang='lat' dir='ltr'><strong>patet,</strong></span> <span class='ocrx_word' id='word_1_143' title='bbox 866 1839 1028 1919; x_wconf 86' lang='lat' dir='ltr'><strong>quod</strong></span> <span class='ocrx_word' id='word_1_144' title='bbox 1060 1858 1171 1920; x_wconf 87' lang='lat' dir='ltr'><strong>per</strong></span> <span class='ocrx_word' id='word_1_145' title='bbox 1204 1842 1394 1902; x_wconf 86' lang='lat' dir='ltr'><strong>habes</strong></span> <span class='ocrx_word' id='word_1_146' title='bbox 1428 1859 1626 1921; x_wconf 85' lang='lat' dir='ltr'><strong>pauca</strong></span> <span class='ocrx_word' id='word_1_147' title='bbox 1659 1846 1900 1903; x_wconf 85' lang='lat' dir='ltr'><strong>nomina</strong></span> <span class='ocrx_word' id='word_1_148' title='bbox 1934 1847 2122 1906; x_wconf 88' lang='lat' dir='ltr'><strong>etiam</strong></span> <span class='ocrx_word' id='word_1_149' title='bbox 2158 1845 2223 1902; x_wconf 84' lang='lat' dir='ltr'><strong>in</strong></span> <span class='ocrx_word' id='word_1_150' title='bbox 2270 1834 2526 1900; x_wconf 79' lang='lat' dir='ltr'><strong>Sardibus</strong></span> 
     </span>
     <span class='ocr_line' id='line_1_16' title="bbox 439 1933 2523 2022; baseline 0.003 -22"><span class='ocrx_word' id='word_1_151' title='bbox 439 1957 598 2019; x_wconf 86' lang='lat' dir='ltr'><strong>quae</strong></span> <span class='ocrx_word' id='word_1_152' title='bbox 665 1959 782 2002; x_wconf 86' lang='lat' dir='ltr'><strong>non</strong></span> <span class='ocrx_word' id='word_1_153' title='bbox 845 1944 1308 2017; x_wconf 86' lang='lat' dir='ltr'><strong>inquinaverunt</strong></span> <span class='ocrx_word' id='word_1_154' title='bbox 1358 1946 1721 2003; x_wconf 85' lang='lat' dir='ltr'><strong>vestimenta</strong></span> <span class='ocrx_word' id='word_1_155' title='bbox 1776 1960 1918 2019; x_wconf 80' lang='lat' dir='ltr'><strong>sua,</strong></span> <span class='ocrx_word' id='word_1_156' title='bbox 1988 1941 2396 2022; x_wconf 84' lang='lat' dir='ltr'><strong>significentur</strong></span> <span class='ocrx_word' id='word_1_157' title='bbox 2434 1933 2523 2006; x_wconf 65' lang='lat' dir='ltr'><strong>illi,</strong></span> 
     </span>
     <span class='ocr_line' id='line_1_17' title="bbox 441 2037 2525 2122; baseline -0.003 -22"><span class='ocrx_word' id='word_1_158' title='bbox 441 2043 544 2120; x_wconf 89' lang='lat' dir='ltr'><strong>qui</strong></span> <span class='ocrx_word' id='word_1_159' title='bbox 577 2043 762 2114; x_wconf 80' lang='lat' dir='ltr'><strong>taleS,</strong></span> <span class='ocrx_word' id='word_1_160' title='bbox 813 2048 882 2100; x_wconf 85' lang='lat' dir='ltr'><strong>ut</strong></span> <span class='ocrx_word' id='word_1_161' title='bbox 929 2049 1109 2119; x_wconf 81' lang='lat' dir='ltr'><strong>agant</strong></span> <span class='ocrx_word' id='word_1_162' title='bbox 1143 2045 1329 2101; x_wconf 84' lang='lat' dir='ltr'><strong>vitam</strong></span> <span class='ocrx_word' id='word_1_163' title='bbox 1374 2045 1659 2103; x_wconf 82' lang='lat' dir='ltr'><strong>moralem</strong></span> <span class='ocrx_word' id='word_1_164' title='bbox 1709 2061 1785 2104; x_wconf 83' lang='lat' dir='ltr'><strong>ex</strong></span> <span class='ocrx_word' id='word_1_165' title='bbox 1820 2046 2047 2122; x_wconf 82' lang='lat' dir='ltr'><strong>origine</strong></span> <span class='ocrx_word' id='word_1_166' title='bbox 2105 2037 2396 2120; x_wconf 77' lang='lat' dir='ltr'><strong>spirituali</strong></span> <span class='ocrx_word' id='word_1_167' title='bbox 2432 2050 2525 2111; x_wconf 80' lang='lat' dir='ltr'><strong>per</strong></span> 
     </span>
     <span class='ocr_line' id='line_1_18' title="bbox 439 2138 2521 2223; baseline 0 -23"><span class='ocrx_word' id='word_1_168' title='bbox 439 2142 604 2220; x_wconf 86' lang='lat' dir='ltr'><strong>quod</strong></span> <span class='ocrx_word' id='word_1_169' title='bbox 639 2144 1008 2219; x_wconf 83' lang='lat' dir='ltr'><strong>cognitiones</strong></span> <span class='ocrx_word' id='word_1_170' title='bbox 1042 2145 1172 2202; x_wconf 86' lang='lat' dir='ltr'><strong>veri</strong></span> <span class='ocrx_word' id='word_1_171' title='bbox 1219 2148 1280 2204; x_wconf 89' lang='lat' dir='ltr'><strong>et</strong></span> <span class='ocrx_word' id='word_1_172' title='bbox 1313 2143 1456 2203; x_wconf 87' lang='lat' dir='ltr'><strong>honi</strong></span> <span class='ocrx_word' id='word_1_173' title='bbox 1492 2162 1567 2204; x_wconf 83' lang='lat' dir='ltr'><strong>ex</strong></span> <span class='ocrx_word' id='word_1_174' title='bbox 1602 2145 1806 2204; x_wconf 89' lang='lat' dir='ltr'><strong>Verbo</strong></span> <span class='ocrx_word' id='word_1_175' title='bbox 1844 2145 2160 2223; x_wconf 82' lang='lat' dir='ltr'><strong>applicent</strong></span> <span class='ocrx_word' id='word_1_176' title='bbox 2194 2157 2339 2202; x_wconf 86' lang='lat' dir='ltr'><strong>suae</strong></span> <span class='ocrx_word' id='word_1_177' title='bbox 2372 2138 2521 2194; x_wconf 75' lang='lat' dir='ltr'><strong>vitae·</strong></span> 
     </span>
     <span class='ocr_line' id='line_1_19' title="bbox 441 2241 2523 2322; baseline -0.007 -18"><span class='ocrx_word' id='word_1_178' title='bbox 441 2241 566 2304; x_wconf 84' lang='lat' dir='ltr'><strong>Sed</strong></span> <span class='ocrx_word' id='word_1_179' title='bbox 619 2245 760 2318; x_wconf 86' lang='lat' dir='ltr'><strong>quia</strong></span> <span class='ocrx_word' id='word_1_180' title='bbox 809 2245 986 2319; x_wconf 89' lang='lat' dir='ltr'><strong>pauci</strong></span> <span class='ocrx_word' id='word_1_181' title='bbox 1033 2246 1255 2318; x_wconf 86' lang='lat' dir='ltr'><strong>sciunt,</strong></span> <span class='ocrx_word' id='word_1_182' title='bbox 1325 2245 1470 2322; x_wconf 85' lang='lat' dir='ltr'><strong>quid</strong></span> <span class='ocrx_word' id='word_1_183' title='bbox 1521 2247 1600 2304; x_wconf 88' lang='lat' dir='ltr'><strong>sit</strong></span> <span class='ocrx_word' id='word_1_184' title='bbox 1637 2248 1845 2304; x_wconf 83' lang='lat' dir='ltr'><strong>vivere</strong></span> <span class='ocrx_word' id='word_1_185' title='bbox 1895 2241 2187 2305; x_wconf 83' lang='lat' dir='ltr'><strong>moralem</strong></span> <span class='ocrx_word' id='word_1_186' title='bbox 2244 2244 2413 2301; x_wconf 85' lang='lat' dir='ltr'><strong>vitam</strong></span> <span class='ocrx_word' id='word_1_187' title='bbox 2461 2251 2523 2292; x_wconf 76' lang='lat' dir='ltr'><strong>ex</strong></span> 
     </span>
     <span class='ocr_line' id='line_1_20' title="bbox 335 2337 2523 2423; baseline -0.003 -20"><span class='ocrx_word' id='word_1_188' title='bbox 335 2343 350 2358; x_wconf 83' lang='lat'><strong>‘</strong></span> <span class='ocrx_word' id='word_1_189' title='bbox 437 2345 662 2420; x_wconf 87' lang='lat' dir='ltr'><strong>origine</strong></span> <span class='ocrx_word' id='word_1_190' title='bbox 719 2345 1048 2421; x_wconf 85' lang='lat' dir='ltr'><strong>spirituali,</strong></span> <span class='ocrx_word' id='word_1_191' title='bbox 1103 2351 1164 2403; x_wconf 85' lang='lat' dir='ltr'><strong>et</strong></span> <span class='ocrx_word' id='word_1_192' title='bbox 1211 2343 1355 2420; x_wconf 86' lang='lat' dir='ltr'><strong>quid</strong></span> <span class='ocrx_word' id='word_1_193' title='bbox 1408 2348 1486 2404; x_wconf 85' lang='lat' dir='ltr'><strong>sit</strong></span> <span class='ocrx_word' id='word_1_194' title='bbox 1533 2345 1839 2422; x_wconf 86' lang='lat' dir='ltr'><strong>applicare</strong></span> <span class='ocrx_word' id='word_1_195' title='bbox 1904 2349 2276 2423; x_wconf 79' lang='lat' dir='ltr'><strong>cognitiones</strong></span> <span class='ocrx_word' id='word_1_196' title='bbox 2321 2337 2439 2397; x_wconf 86' lang='lat' dir='ltr'><strong>veri</strong></span> <span class='ocrx_word' id='word_1_197' title='bbox 2475 2337 2523 2392; x_wconf 79' lang='lat' dir='ltr'><strong>et</strong></span> 
     </span>
     <span class='ocr_line' id='line_1_21' title="bbox 435 2435 2518 2522; baseline -0.003 -18"><span class='ocrx_word' id='word_1_198' title='bbox 435 2444 575 2504; x_wconf 85' lang='lat' dir='ltr'><strong>boni</strong></span> <span class='ocrx_word' id='word_1_199' title='bbox 615 2461 688 2504; x_wconf 82' lang='lat' dir='ltr'><strong>ex</strong></span> <span class='ocrx_word' id='word_1_200' title='bbox 725 2444 928 2504; x_wconf 87' lang='lat' dir='ltr'><strong>Verbo</strong></span> <span class='ocrx_word' id='word_1_201' title='bbox 967 2445 1175 2504; x_wconf 86' lang='lat' dir='ltr'><strong>usibus</strong></span> <span class='ocrx_word' id='word_1_202' title='bbox 1213 2461 1363 2504; x_wconf 88' lang='lat' dir='ltr'><strong>suae</strong></span> <span class='ocrx_word' id='word_1_203' title='bbox 1397 2447 1593 2519; x_wconf 82' lang='lat' dir='ltr'><strong>vitae,</strong></span> <span class='ocrx_word' id='word_1_204' title='bbox 1648 2463 1837 2522; x_wconf 88' lang='lat' dir='ltr'><strong>quare</strong></span> <span class='ocrx_word' id='word_1_205' title='bbox 1875 2445 2138 2522; x_wconf 85' lang='lat' dir='ltr'><strong>dicetur3</strong></span> <span class='ocrx_word' id='word_1_206' title='bbox 2194 2445 2365 2503; x_wconf 89' lang='lat' dir='ltr'><strong>homo</strong></span> <span class='ocrx_word' id='word_1_207' title='bbox 2397 2435 2518 2494; x_wconf 75' lang='lat' dir='ltr'><strong>vivit</strong></span> 
     </span>
     <span class='ocr_line' id='line_1_22' title="bbox 435 2537 2516 2623; baseline -0.004 -19"><span class='ocrx_word' id='word_1_208' title='bbox 435 2546 720 2605; x_wconf 84' lang='lat' dir='ltr'><strong>moralem</strong></span> <span class='ocrx_word' id='word_1_209' title='bbox 774 2547 961 2605; x_wconf 79' lang='lat' dir='ltr'><strong>vltam</strong></span> <span class='ocrx_word' id='word_1_210' title='bbox 1031 2561 1106 2604; x_wconf 87' lang='lat' dir='ltr'><strong>ex</strong></span> <span class='ocrx_word' id='word_1_211' title='bbox 1169 2547 1396 2622; x_wconf 87' lang='lat' dir='ltr'><strong>origine</strong></span> <span class='ocrx_word' id='word_1_212' title='bbox 1444 2545 1777 2623; x_wconf 78' lang='lat' dir='ltr'><strong>spirituali,</strong></span> <span class='ocrx_word' id='word_1_213' title='bbox 1842 2546 2080 2623; x_wconf 85' lang='lat' dir='ltr'><strong>quando</strong></span> <span class='ocrx_word' id='word_1_214' title='bbox 2144 2565 2219 2606; x_wconf 88' lang='lat' dir='ltr'><strong>ex</strong></span> <span class='ocrx_word' id='word_1_215' title='bbox 2265 2537 2516 2614; x_wconf 78' lang='lat' dir='ltr'><strong>religione</strong></span> 
     </span>
     <span class='ocr_line' id='line_1_23' title="bbox 435 2637 2514 2722; baseline -0.003 -16"><span class='ocrx_word' id='word_1_216' title='bbox 435 2647 601 2706; x_wconf 84' lang='lat' dir='ltr'><strong>illam</strong></span> <span class='ocrx_word' id='word_1_217' title='bbox 651 2649 827 2720; x_wconf 83' lang='lat' dir='ltr'><strong>vivit,</strong></span> <span class='ocrx_word' id='word_1_218' title='bbox 895 2648 978 2705; x_wconf 87' lang='lat' dir='ltr'><strong>ita</strong></span> <span class='ocrx_word' id='word_1_219' title='bbox 1025 2645 1262 2722; x_wconf 86' lang='lat' dir='ltr'><strong>quando</strong></span> <span class='ocrx_word' id='word_1_220' title='bbox 1316 2647 1569 2722; x_wconf 80' lang='lat' dir='ltr'><strong>cogitat,</strong></span> <span class='ocrx_word' id='word_1_221' title='bbox 1632 2645 1773 2706; x_wconf 86' lang='lat' dir='ltr'><strong>dum</strong></span> <span class='ocrx_word' id='word_1_222' title='bbox 1838 2646 2083 2706; x_wconf 84' lang='lat' dir='ltr'><strong>obvenit</strong></span> <span class='ocrx_word' id='word_1_223' title='bbox 2136 2643 2380 2712; x_wconf 86' lang='lat' dir='ltr'><strong>malum,</strong></span> <span class='ocrx_word' id='word_1_224' title='bbox 2438 2637 2514 2691; x_wconf 68' lang='lat' dir='ltr'><strong>in⁶</strong></span> 
     </span>
     <span class='ocr_line' id='line_1_24' title="bbox 434 2735 2518 2824; baseline -0.004 -17"><span class='ocrx_word' id='word_1_225' title='bbox 434 2751 733 2808; x_wconf 81' lang='lat' dir='ltr'><strong>sincerum</strong></span> <span class='ocrx_word' id='word_1_226' title='bbox 792 2754 897 2806; x_wconf 81' lang='lat' dir='ltr'><strong>aut</strong></span> <span class='ocrx_word' id='word_1_227' title='bbox 945 2747 1234 2822; x_wconf 85' lang='lat' dir='ltr'><strong>injustum</strong></span> <span class='ocrx_word' id='word_1_228' title='bbox 1254 2790 1271 2816; x_wconf 92' lang='lat'><strong>,</strong></span> <span class='ocrx_word' id='word_1_229' title='bbox 1335 2747 1497 2824; x_wconf 88' lang='lat' dir='ltr'><strong>quod</strong></span> <span class='ocrx_word' id='word_1_230' title='bbox 1551 2750 1636 2806; x_wconf 88' lang='lat' dir='ltr'><strong>ita</strong></span> <span class='ocrx_word' id='word_1_231' title='bbox 1692 2764 1809 2805; x_wconf 90' lang='lat' dir='ltr'><strong>non</strong></span> <span class='ocrx_word' id='word_1_232' title='bbox 1862 2747 2205 2809; x_wconf 77' lang='lat' dir='ltr'><strong>faciendum</strong></span> <span class='ocrx_word' id='word_1_233' title='bbox 2250 2744 2351 2814; x_wconf 91' lang='lat' dir='ltr'><strong>sit,</strong></span> <span class='ocrx_word' id='word_1_234' title='bbox 2402 2735 2518 2812; x_wconf 68' lang='lat' dir='ltr'><strong>quia</strong></span> 
     </span>
     <span class='ocr_line' id='line_1_25' title="bbox 438 2834 2512 2924; baseline -0.009 -16"><span class='ocrx_word' id='word_1_235' title='bbox 438 2855 532 2908; x_wconf 88' lang='lat' dir='ltr'><strong>est</strong></span> <span class='ocrx_word' id='word_1_236' title='bbox 573 2855 780 2908; x_wconf 86' lang='lat' dir='ltr'><strong>contra</strong></span> <span class='ocrx_word' id='word_1_237' title='bbox 817 2847 989 2923; x_wconf 88' lang='lat' dir='ltr'><strong>leges</strong></span> <span class='ocrx_word' id='word_1_238' title='bbox 1021 2839 1274 2906; x_wconf 81' lang='lat' dir='ltr'><strong>Divinas</strong></span> <span class='ocrx_word' id='word_1_239' title='bbox 1293 2891 1309 2922; x_wconf 93' lang='lat'><strong>,</strong></span> <span class='ocrx_word' id='word_1_240' title='bbox 1364 2850 1417 2906; x_wconf 86' lang='lat' dir='ltr'><strong>is</strong></span> <span class='ocrx_word' id='word_1_241' title='bbox 1470 2849 1611 2924; x_wconf 84' lang='lat' dir='ltr'><strong>qnia</strong></span> <span class='ocrx_word' id='word_1_242' title='bbox 1658 2847 1919 2908; x_wconf 85' lang='lat' dir='ltr'><strong>abstinet</strong></span> <span class='ocrx_word' id='word_1_243' title='bbox 1975 2846 2053 2906; x_wconf 81' lang='lat' dir='ltr'><strong>ab</strong></span> <span class='ocrx_word' id='word_1_244' title='bbox 2092 2848 2213 2908; x_wconf 88' lang='lat' dir='ltr'><strong>illis</strong></span> <span class='ocrx_word' id='word_1_245' title='bbox 2262 2834 2512 2902; x_wconf 80' lang='lat' dir='ltr'><strong>faciendis</strong></span> 
     </span>
     <span class='ocr_line' id='line_1_26' title="bbox 438 2936 2516 3026; baseline -0.002 -22"><span class='ocrx_word' id='word_1_246' title='bbox 438 2954 686 3024; x_wconf 85' lang='lat' dir='ltr'><strong>propter</strong></span> <span class='ocrx_word' id='word_1_247' title='bbox 737 2946 905 3024; x_wconf 86' lang='lat' dir='ltr'><strong>leges</strong></span> <span class='ocrx_word' id='word_1_248' title='bbox 945 2947 1231 3022; x_wconf 81' lang='lat' dir='ltr'><strong>Divinae,</strong></span> <span class='ocrx_word' id='word_1_249' title='bbox 1288 2948 1405 3008; x_wconf 90' lang='lat' dir='ltr'><strong>sibi</strong></span> <span class='ocrx_word' id='word_1_250' title='bbox 1454 2953 1762 3026; x_wconf 85' lang='lat' dir='ltr'><strong>comparat</strong></span> <span class='ocrx_word' id='word_1_251' title='bbox 1810 2950 1995 3007; x_wconf 84' lang='lat' dir='ltr'><strong>vitam</strong></span> <span class='ocrx_word' id='word_1_252' title='bbox 2033 2943 2425 3025; x_wconf 85' lang='lat' dir='ltr'><strong>spiritualem,</strong></span> <span class='ocrx_word' id='word_1_253' title='bbox 2471 2936 2516 2990; x_wconf 69' lang='lat' dir='ltr'><strong>et</strong></span> 
     </span>
     <span class='ocr_line' id='line_1_27' title="bbox 440 3023 2511 3126; baseline -0.004 -20"><span class='ocrx_word' id='word_1_254' title='bbox 440 3045 681 3106; x_wconf 85' lang='lat' dir='ltr'><strong>moralis</strong></span> <span class='ocrx_word' id='word_1_255' title='bbox 721 3047 853 3124; x_wconf 83' lang='lat' dir='ltr'><strong>ejus</strong></span> <span class='ocrx_word' id='word_1_256' title='bbox 893 3048 1016 3105; x_wconf 83' lang='lat' dir='ltr'><strong>vita</strong></span> <span class='ocrx_word' id='word_1_257' title='bbox 1059 3054 1201 3106; x_wconf 84' lang='lat' dir='ltr'><strong>tunc</strong></span> <span class='ocrx_word' id='word_1_258' title='bbox 1241 3047 1378 3108; x_wconf 88' lang='lat' dir='ltr'><strong>inde</strong></span> <span class='ocrx_word' id='word_1_259' title='bbox 1418 3023 1543 3123; x_wconf 62' lang='lat' dir='ltr'><strong>est}</strong></span> <span class='ocrx_word' id='word_1_260' title='bbox 1588 3065 1726 3107; x_wconf 85' lang='lat' dir='ltr'><strong>nam</strong></span> <span class='ocrx_word' id='word_1_261' title='bbox 1764 3065 1876 3126; x_wconf 85' lang='lat' dir='ltr'><strong>per</strong></span> <span class='ocrx_word' id='word_1_262' title='bbox 1908 3049 2091 3109; x_wconf 83' lang='lat' dir='ltr'><strong>talem</strong></span> <span class='ocrx_word' id='word_1_263' title='bbox 2132 3042 2511 3124; x_wconf 82' lang='lat' dir='ltr'><strong>cogitationem</strong></span> 
     </span>
     <span class='ocr_line' id='line_1_28' title="bbox 437 3145 2509 3224; baseline -0.006 -18"><span class='ocrx_word' id='word_1_264' title='bbox 437 3153 503 3207; x_wconf 87' lang='lat' dir='ltr'><strong>et</strong></span> <span class='ocrx_word' id='word_1_265' title='bbox 540 3145 718 3205; x_wconf 80' lang='lat' dir='ltr'><strong>iidem</strong></span> <span class='ocrx_word' id='word_1_266' title='bbox 756 3146 932 3205; x_wconf 89' lang='lat' dir='ltr'><strong>homo</strong></span> <span class='ocrx_word' id='word_1_267' title='bbox 973 3151 1371 3208; x_wconf 89' lang='lat' dir='ltr'><strong>communicat</strong></span> <span class='ocrx_word' id='word_1_268' title='bbox 1414 3166 1550 3208; x_wconf 87' lang='lat' dir='ltr'><strong>cum</strong></span> <span class='ocrx_word' id='word_1_269' title='bbox 1576 3149 1828 3224; x_wconf 81' lang='lat' dir='ltr'><strong>Angelis</strong></span> <span class='ocrx_word' id='word_1_270' title='bbox 1871 3147 2065 3222; x_wconf 87' lang='lat' dir='ltr'><strong>Coeli,</strong></span> <span class='ocrx_word' id='word_1_271' title='bbox 2123 3165 2197 3208; x_wconf 87' lang='lat' dir='ltr'><strong>ac</strong></span> <span class='ocrx_word' id='word_1_272' title='bbox 2236 3161 2345 3222; x_wconf 88' lang='lat' dir='ltr'><strong>per</strong></span> <span class='ocrx_word' id='word_1_273' title='bbox 2376 3150 2509 3196; x_wconf 87' lang='lat' dir='ltr'><strong>com-</strong></span> 
     </span>
     <span class='ocr_line' id='line_1_29' title="bbox 439 3232 2509 3326; baseline -0.002 -19"><span class='ocrx_word' id='word_1_274' title='bbox 439 3248 901 3307; x_wconf 84' lang='lat' dir='ltr'><strong>municationem</strong></span> <span class='ocrx_word' id='word_1_275' title='bbox 963 3265 1098 3306; x_wconf 88' lang='lat' dir='ltr'><strong>cum</strong></span> <span class='ocrx_word' id='word_1_276' title='bbox 1149 3247 1333 3308; x_wconf 83' lang='lat' dir='ltr'><strong>Coelo</strong></span> <span class='ocrx_word' id='word_1_277' title='bbox 1394 3251 1663 3326; x_wconf 78' lang='lat' dir='ltr'><strong>ape-ritm-</strong></span> <span class='ocrx_word' id='word_1_278' title='bbox 1712 3249 1844 3326; x_wconf 91' lang='lat' dir='ltr'><strong>ejus</strong></span> <span class='ocrx_word' id='word_1_279' title='bbox 1899 3251 2168 3308; x_wconf 84' lang='lat' dir='ltr'><strong>internus</strong></span> <span class='ocrx_word' id='word_1_280' title='bbox 2221 3232 2509 3322; x_wconf 65' lang='lat' dir='ltr'><strong>spiritualis</strong></span> 
     </span>
     <span class='ocr_line' id='line_1_30' title="bbox 439 3331 2508 3426; baseline 0.002 -19"><span class='ocrx_word' id='word_1_281' title='bbox 439 3348 648 3421; x_wconf 90' lang='lat' dir='ltr'><strong>homo,</strong></span> <span class='ocrx_word' id='word_1_282' title='bbox 731 3348 904 3425; x_wconf 84' lang='lat' dir='ltr'><strong>cujus</strong></span> <span class='ocrx_word' id='word_1_283' title='bbox 963 3365 1130 3408; x_wconf 84' lang='lat' dir='ltr'><strong>mens</strong></span> <span class='ocrx_word' id='word_1_284' title='bbox 1189 3356 1283 3408; x_wconf 85' lang='lat' dir='ltr'><strong>est</strong></span> <span class='ocrx_word' id='word_1_285' title='bbox 1341 3367 1509 3408; x_wconf 88' lang='lat' dir='ltr'><strong>mens</strong></span> <span class='ocrx_word' id='word_1_286' title='bbox 1564 3351 1856 3426; x_wconf 84' lang='lat' dir='ltr'><strong>superior,</strong></span> <span class='ocrx_word' id='word_1_287' title='bbox 1916 3349 2109 3426; x_wconf 83' lang='lat' dir='ltr'><strong>qualis</strong></span> <span class='ocrx_word' id='word_1_288' title='bbox 2160 3353 2253 3409; x_wconf 86' lang='lat' dir='ltr'><strong>cst</strong></span> <span class='ocrx_word' id='word_1_289' title='bbox 2294 3331 2508 3412; x_wconf 65' lang='lat' dir='ltr'>Anssssffl</span> 
     </span>
     <span class='ocr_line' id='line_1_31' title="bbox 438 3433 2502 3528; baseline -0.004 -18"><span class='ocrx_word' id='word_1_290' title='bbox 438 3448 623 3523; x_wconf 85' lang='lat' dir='ltr'><strong>coeli,</strong></span> <span class='ocrx_word' id='word_1_291' title='bbox 679 3466 749 3510; x_wconf 83' lang='lat' dir='ltr'><strong>ac</strong></span> <span class='ocrx_word' id='word_1_292' title='bbox 806 3449 1091 3508; x_wconf 87' lang='lat' dir='ltr'><strong>imbuitur</strong></span> <span class='ocrx_word' id='word_1_293' title='bbox 1149 3448 1287 3508; x_wconf 87' lang='lat' dir='ltr'><strong>inde</strong></span> <span class='ocrx_word' id='word_1_294' title='bbox 1349 3449 1601 3510; x_wconf 86' lang='lat' dir='ltr'><strong>coelesti</strong></span> <span class='ocrx_word' id='word_1_295' title='bbox 1649 3448 2045 3528; x_wconf 69' lang='lat' dir='ltr'><strong>intelligentia</strong></span> <span class='ocrx_word' id='word_1_296' title='bbox 2104 3457 2165 3508; x_wconf 87' lang='lat' dir='ltr'><strong>et</strong></span> <span class='ocrx_word' id='word_1_297' title='bbox 2224 3433 2502 3520; x_wconf 68' lang='lat' dir='ltr'><strong>sapientiai</strong></span> 
     </span>
     <span class='ocr_line' id='line_1_32' title="bbox 437 3527 2505 3627; baseline -0.003 -17"><span class='ocrx_word' id='word_1_298' title='bbox 437 3550 576 3610; x_wconf 87' lang='lat' dir='ltr'><strong>inde</strong></span> <span class='ocrx_word' id='word_1_299' title='bbox 612 3555 887 3610; x_wconf 83' lang='lat' dir='ltr'><strong>constare</strong></span> <span class='ocrx_word' id='word_1_300' title='bbox 923 3555 1142 3626; x_wconf 87' lang='lat' dir='ltr'><strong>potest,</strong></span> <span class='ocrx_word' id='word_1_301' title='bbox 1181 3550 1340 3625; x_wconf 86' lang='lat' dir='ltr'><strong>quod</strong></span> <span class='ocrx_word' id='word_1_302' title='bbox 1366 3550 1653 3609; x_wconf 84' lang='lat' dir='ltr'><strong>moralem</strong></span> <span class='ocrx_word' id='word_1_303' title='bbox 1683 3552 1865 3609; x_wconf 85' lang='lat' dir='ltr'><strong>vitam</strong></span> <span class='ocrx_word' id='word_1_304' title='bbox 1896 3567 1970 3610; x_wconf 87' lang='lat' dir='ltr'><strong>ex</strong></span> <span class='ocrx_word' id='word_1_305' title='bbox 2000 3551 2225 3627; x_wconf 71' lang='lat' dir='ltr'><strong>orIgine</strong></span> <span class='ocrx_word' id='word_1_306' title='bbox 2251 3527 2505 3620; x_wconf 72' lang='lat' dir='ltr'><strong>spirituali</strong></span> 
     </span>
     <span class='ocr_line' id='line_1_33' title="bbox 440 3643 2503 3728; baseline -0.003 -19"><span class='ocrx_word' id='word_1_307' title='bbox 440 3669 655 3728; x_wconf 82' lang='lat' dir='ltr'><strong>agere,</strong></span> <span class='ocrx_word' id='word_1_308' title='bbox 709 3652 786 3709; x_wconf 85' lang='lat' dir='ltr'><strong>sit</strong></span> <span class='ocrx_word' id='word_1_309' title='bbox 831 3667 906 3709; x_wconf 84' lang='lat' dir='ltr'><strong>ex</strong></span> <span class='ocrx_word' id='word_1_310' title='bbox 957 3650 1278 3726; x_wconf 85' lang='lat' dir='ltr'><strong>religione,</strong></span> <span class='ocrx_word' id='word_1_311' title='bbox 1335 3667 1407 3710; x_wconf 84' lang='lat' dir='ltr'><strong>ac</strong></span> <span class='ocrx_word' id='word_1_312' title='bbox 1450 3652 1605 3709; x_wconf 86' lang='lat' dir='ltr'><strong>intra</strong></span> <span class='ocrx_word' id='word_1_313' title='bbox 1655 3649 1988 3709; x_wconf 84' lang='lat' dir='ltr'><strong>Ecclesiam</strong></span> <span class='ocrx_word' id='word_1_314' title='bbox 2026 3665 2101 3708; x_wconf 82' lang='lat' dir='ltr'><strong>ex</strong></span> <span class='ocrx_word' id='word_1_315' title='bbox 2136 3645 2357 3715; x_wconf 80' lang='lat' dir='ltr'><strong>Verbo,</strong></span> <span class='ocrx_word' id='word_1_316' title='bbox 2392 3643 2503 3692; x_wconf 64' lang='grc' dir='ltr'><strong>ΜΠ</strong></span> 
     </span>
     <span class='ocr_line' id='line_1_34' title="bbox 441 3744 2501 3828; baseline -0.009 -18"><span class='ocrx_word' id='word_1_317' title='bbox 441 3754 542 3828; x_wconf 90' lang='lat' dir='ltr'><strong>qui</strong></span> <span class='ocrx_word' id='word_1_318' title='bbox 579 3769 653 3811; x_wconf 87' lang='lat' dir='ltr'><strong>ex</strong></span> <span class='ocrx_word' id='word_1_319' title='bbox 681 3750 798 3810; x_wconf 89' lang='lat' dir='ltr'><strong>illis</strong></span> <span class='ocrx_word' id='word_1_320' title='bbox 827 3752 1011 3810; x_wconf 85' lang='lat' dir='ltr'><strong>vitam</strong></span> <span class='ocrx_word' id='word_1_321' title='bbox 1039 3751 1324 3810; x_wconf 84' lang='lat' dir='ltr'><strong>moralem</strong></span> <span class='ocrx_word' id='word_1_322' title='bbox 1366 3757 1570 3826; x_wconf 87' lang='lat' dir='ltr'><strong>agunt,</strong></span> <span class='ocrx_word' id='word_1_323' title='bbox 1608 3750 1695 3808; x_wconf 89' lang='lat' dir='ltr'><strong>illi</strong></span> <span class='ocrx_word' id='word_1_324' title='bbox 1726 3750 2039 3820; x_wconf 71' lang='lat' dir='ltr'><strong>elevantur</strong></span> <span class='ocrx_word' id='word_1_325' title='bbox 2078 3766 2260 3826; x_wconf 84' lang='lat' dir='ltr'><strong>supra</strong></span> <span class='ocrx_word' id='word_1_326' title='bbox 2294 3744 2501 3801; x_wconf 79' lang='lat' dir='ltr'><strong>natura-</strong></span> 
     </span>
     <span class='ocr_line' id='line_1_35' title="bbox 436 3837 2499 3928; baseline -0.006 -16"><span class='ocrx_word' id='word_1_327' title='bbox 436 3852 558 3912; x_wconf 90' lang='lat' dir='ltr'><strong>lem</strong></span> <span class='ocrx_word' id='word_1_328' title='bbox 591 3869 767 3912; x_wconf 87' lang='lat' dir='ltr'><strong>suum</strong></span> <span class='ocrx_word' id='word_1_329' title='bbox 799 3851 1115 3924; x_wconf 88' lang='lat' dir='ltr'><strong>hominem,</strong></span> <span class='ocrx_word' id='word_1_330' title='bbox 1172 3856 1232 3909; x_wconf 88' lang='lat' dir='ltr'><strong>et</strong></span> <span class='ocrx_word' id='word_1_331' title='bbox 1265 3853 1351 3910; x_wconf 85' lang='lat' dir='ltr'><strong>sic</strong></span> <span class='ocrx_word' id='word_1_332' title='bbox 1381 3866 1569 3928; x_wconf 83' lang='lat' dir='ltr'><strong>supra</strong></span> <span class='ocrx_word' id='word_1_333' title='bbox 1602 3867 1778 3910; x_wconf 89' lang='lat' dir='ltr'><strong>suum</strong></span> <span class='ocrx_word' id='word_1_334' title='bbox 1810 3852 2135 3927; x_wconf 86' lang='lat' dir='ltr'><strong>proprium,</strong></span> <span class='ocrx_word' id='word_1_335' title='bbox 2172 3856 2231 3910; x_wconf 86' lang='lat' dir='ltr'><strong>et</strong></span> <span class='ocrx_word' id='word_1_336' title='bbox 2254 3837 2499 3905; x_wconf 78' lang='lat' dir='ltr'><strong>ducuntur</strong></span> 
     </span>
     <span class='ocr_line' id='line_1_36' title="bbox 441 3928 2499 4028; baseline -0.009 -18"><span class='ocrx_word' id='word_1_337' title='bbox 441 3969 556 4028; x_wconf 86' lang='lat' dir='ltr'><strong>per</strong></span> <span class='ocrx_word' id='word_1_338' title='bbox 589 3951 839 4012; x_wconf 80' lang='lat' dir='ltr'><strong>Ocelum</strong></span> <span class='ocrx_word' id='word_1_339' title='bbox 875 3969 912 4010; x_wconf 85' lang='lat' dir='ltr'><strong>a</strong></span> <span class='ocrx_word' id='word_1_340' title='bbox 945 3951 1236 4026; x_wconf 84' lang='lat' dir='ltr'><strong>Domin03</strong></span> <span class='ocrx_word' id='word_1_341' title='bbox 1277 3951 1429 4010; x_wconf 80' lang='lat' dir='ltr'><strong>inde</strong></span> <span class='ocrx_word' id='word_1_342' title='bbox 1466 3956 1586 4026; x_wconf 86' lang='lat' dir='ltr'><strong>est,</strong></span> <span class='ocrx_word' id='word_1_343' title='bbox 1644 3951 1805 4027; x_wconf 82' lang='lat' dir='ltr'><strong>quod</strong></span> <span class='ocrx_word' id='word_1_344' title='bbox 1846 3950 1965 4011; x_wconf 87' lang='lat' dir='ltr'><strong>illis</strong></span> <span class='ocrx_word' id='word_1_345' title='bbox 2013 3950 2163 4011; x_wconf 87' lang='lat' dir='ltr'><strong>fides</strong></span> <span class='ocrx_word' id='word_1_346' title='bbox 2211 3950 2310 4020; x_wconf 85' lang='lat' dir='ltr'><strong>sit,</strong></span> <span class='ocrx_word' id='word_1_347' title='bbox 2344 3928 2499 3996; x_wconf 80' lang='lat' dir='ltr'><strong>‘timor</strong></span> 
     </span>
     <span class='ocr_line' id='line_1_37' title="bbox 440 4040 2493 4135; baseline 0.001 -25"><span class='ocrx_word' id='word_1_348' title='bbox 440 4049 591 4119; x_wconf 89' lang='lat' dir='ltr'><strong>Dei,</strong></span> <span class='ocrx_word' id='word_1_349' title='bbox 653 4059 713 4108; x_wconf 82' lang='lat' dir='ltr'><strong>et</strong></span> <span class='ocrx_word' id='word_1_350' title='bbox 749 4055 1145 4122; x_wconf 88' lang='lat' dir='ltr'><strong>conscientia,</strong></span> <span class='ocrx_word' id='word_1_351' title='bbox 1198 4058 1260 4112; x_wconf 86' lang='lat' dir='ltr'><strong>et</strong></span> <span class='ocrx_word' id='word_1_352' title='bbox 1295 4067 1532 4135; x_wconf 88' lang='lat' dir='ltr'><strong>quoque</strong></span> <span class='ocrx_word' id='word_1_353' title='bbox 1571 4049 1805 4110; x_wconf 84' lang='lat' dir='ltr'><strong>affectio</strong></span> <span class='ocrx_word' id='word_1_354' title='bbox 1841 4053 1971 4111; x_wconf 86' lang='lat' dir='ltr'><strong>veri</strong></span> <span class='ocrx_word' id='word_1_355' title='bbox 2004 4047 2335 4128; x_wconf 83' lang='lat' dir='ltr'><strong>spiritualis,</strong></span> <span class='ocrx_word' id='word_1_356' title='bbox 2372 4040 2493 4112; x_wconf 71' lang='lat'><strong>&lt;1⁰²⁰</strong></span> 
     </span>
     <span class='ocr_line' id='line_1_38' title="bbox 444 4141 2492 4227; baseline 0.001 -23"><span class='ocrx_word' id='word_1_357' title='bbox 444 4147 676 4206; x_wconf 83' lang='lat' dir='ltr'><strong>affectio</strong></span> <span class='ocrx_word' id='word_1_358' title='bbox 727 4157 820 4206; x_wconf 83' lang='lat' dir='ltr'><strong>est</strong></span> <span class='ocrx_word' id='word_1_359' title='bbox 865 4152 1096 4211; x_wconf 84' lang='lat' dir='ltr'><strong>affectio</strong></span> <span class='ocrx_word' id='word_1_360' title='bbox 1133 4153 1531 4227; x_wconf 83' lang='lat' dir='ltr'><strong>cognitionum</strong></span> <span class='ocrx_word' id='word_1_361' title='bbox 1572 4153 1699 4210; x_wconf 89' lang='lat' dir='ltr'><strong>veri</strong></span> <span class='ocrx_word' id='word_1_362' title='bbox 1732 4157 1793 4210; x_wconf 87' lang='lat' dir='ltr'><strong>et</strong></span> <span class='ocrx_word' id='word_1_363' title='bbox 1828 4149 1970 4211; x_wconf 90' lang='lat' dir='ltr'><strong>boni</strong></span> <span class='ocrx_word' id='word_1_364' title='bbox 2016 4169 2093 4211; x_wconf 86' lang='lat' dir='ltr'><strong>ex</strong></span> <span class='ocrx_word' id='word_1_365' title='bbox 2126 4148 2344 4216; x_wconf 80' lang='lat' dir='ltr'><strong>Verbo,</strong></span> <span class='ocrx_word' id='word_1_366' title='bbox 2387 4141 2492 4194; x_wconf 79' lang='lat' dir='ltr'><strong>nam</strong></span> 
     </span>
     <span class='ocr_line' id='line_1_39' title="bbox 441 4231 2492 4328; baseline 0 -26"><span class='ocrx_word' id='word_1_367' title='bbox 441 4244 559 4302; x_wconf 85' lang='lat' dir='ltr'><strong>hae</strong></span> <span class='ocrx_word' id='word_1_368' title='bbox 608 4249 748 4300; x_wconf 86' lang='lat' dir='ltr'><strong>sunt</strong></span> <span class='ocrx_word' id='word_1_369' title='bbox 791 4245 910 4304; x_wconf 85' lang='lat' dir='ltr'><strong>illis</strong></span> <span class='ocrx_word' id='word_1_370' title='bbox 962 4249 1129 4324; x_wconf 83' lang='lat' dir='ltr'><strong>leges</strong></span> <span class='ocrx_word' id='word_1_371' title='bbox 1180 4251 1438 4314; x_wconf 82' lang='lat' dir='ltr'><strong>Divinae</strong></span> <span class='ocrx_word' id='word_1_372' title='bbox 1486 4250 1817 4310; x_wconf 84' lang='lat' dir='ltr'><strong>secundum</strong></span> <span class='ocrx_word' id='word_1_373' title='bbox 1877 4267 2026 4328; x_wconf 87' lang='lat' dir='ltr'><strong>quas</strong></span> <span class='ocrx_word' id='word_1_374' title='bbox 2078 4253 2303 4311; x_wconf 81' lang='lat' dir='ltr'><strong>vivunt:</strong></span> <span class='ocrx_word' id='word_1_375' title='bbox 2348 4231 2492 4296; x_wconf 74' lang='lat' dir='ltr'><strong>talem</strong></span> 
     </span>
    </p>
   </div>
  </div>
 </body>
</html>
