2700 4792
325 359 572 416 CAPUT
613 358 1018 415 SECUNDUM.
1219 384 1228 394 ·
1687 359 1867 416 VERS
1888 385 1900 416 :
1944 371 2036 424 28.
2223 373 2332 426 229

207 539 344 581 rum
383 525 529 580 sunt
567 520 726 579 bona
763 534 920 593 quae
957 519 1214 593 amori35
1274 517 1435 596 quod
1470 519 1606 578 viae
1642 521 1761 577 sint
1793 537 1941 579 vera
1977 537 2133 597 quae
2172 520 2329 597 fidei,
2374 522 2534 589 [155]

207 621 498 682 videatur
529 637 718 696 supra
761 635 831 676 n:
877 619 986 694 97,
1034 624 1095 677 et
1123 619 1280 693 quod
1309 618 1537 678 fruetus
1564 635 1813 695 operum
1842 623 1961 678 sint
1983 621 2141 680 bona
2176 639 2331 699 quae

205 722 458 791 amoriS,
493 738 562 780 n:
605 722 714 778 98.
750 721 910 777 109.
941 721 970 776 1
991 721 1020 776 1
1041 717 1076 777 6
1106 717 1206 776 ibi.
1257 718 1437 795 Apud
1465 719 1735 776 Eundem
1772 718 2102 793 „Jehovah
2120 721 2329 782 Zeba-

205 821 316 882 oth
330 821 620 900 probans
635 818 913 901 justum,
942 817 1164 878 videm
1193 816 1404 878 Reme
1431 821 1489 877 et
1515 815 1685 878 00r“
1723 819 1878 878 XX:
1920 824 1947 878 1
1969 825 2039 879 2:
2080 828 2140 882 et
2169 823 2333 899 apud

203 921 516 982 Davidem
554 917 928 999 „Confirmet
945 918 1223 1000 justum,
1253 937 1404 978 nam
1432 917 1544 996 qui
1555 919 1793 996 probae
1807 917 2018 980 Corda
2044 926 2105 980 et
2120 921 2333 981 Renes

203 1021 406 1082 Deae
443 1019 722 1102 justu-3⁶³
774 1019 1009 1078 Psalm:
1061 1017 1212 1078 VII:
1272 1020 1393 1094 103
1448 1019 1597 1095 justi
1645 1037 1756 1095 pro
1808 1020 1927 1078 illis
1978 1023 2082 1096 qui
2131 1029 2335 1080 amant

207 1123 418 1182 faeere
451 1138 662 1180 verum
715 1127 774 1178 et
808 1118 1058 1193 bonum,
1121 1118 1332 1178 horum
1371 1135 1517 1177 vera
1566 1125 1625 1177 et
1672 1120 1829 1180 bona
1864 1121 2255 1197 purificantur
2294 1139 2333 1180 a

207 1223 514 1296 Domino,
568 1219 727 1297 quod
763 1220 1114 1296 intelligitur
1147 1236 1259 1294 per
1295 1219 1455 1294 quod
1490 1219 1659 1278 vides
1691 1227 1751 1279 et
1785 1221 2005 1297 probas
2052 1239 2229 1280 renes
2272 1230 2332 1282 et

207 1321 420 1382 eorda.
503 1321 686 1396 Apud
731 1320 1030 1380 Davidem
1085 1317 1353 1394 „Proba
1396 1338 1495 1378 me
1540 1317 1822 1380 Jehovah
1842 1364 1858 1392 ,
1908 1327 1968 1382 et
2008 1326 2180 1382 tenta
2214 1341 2327 1396 me,

205 1417 486 1501 explora
519 1420 729 1482 Renes
764 1439 936 1480 meos
960 1423 1020 1479 et
1047 1417 1171 1479 Gor
1203 1421 1459 1480 meum“
1509 1418 1745 1479 Psalm:
1783 1419 2027 1480 XXVI:
2074 1426 2147 1498 23
2190 1425 2331 1498 quia

209 1540 364 1583 vera
405 1539 444 1578 a
480 1521 650 1580 falsis
688 1527 747 1580 et
780 1520 940 1579 bona
976 1538 1013 1578 a
1048 1519 1220 1578 malis
1259 1528 1619 1596 separantur
1640 1537 1751 1596 per
1778 1523 2155 1596 tentationeS,
2193 1522 2327 1584 ideo

209 1625 436 1683 dieitur
469 1628 638 1681 tenta
673 1639 788 1680 me.
851 1621 1037 1697 Apud
1067 1620 1338 1680 Eundem
1404 1617 1901 1694 „Eoeacerbatur
1936 1619 2059 1682 Cor
2103 1641 2327 1698 mmm,

205 1729 272 1783 et
303 1722 598 1784 Renibus
633 1721 792 1782 meis
827 1739 1066 1781 eoeaeuo
1093 1739 1205 1796 me,
1245 1718 1360 1780 sed
1392 1739 1505 1799 eyo
1529 1718 1810 1782 stolidus
1840 1741 1948 1782 nee
1979 1725 2326 1802 coynoeeo“

207 1824 456 1884 Psalm:
495 1821 796 1881 LXXIII:
856 1824 963 1879 21.
1010 1823 1134 1897 223
1193 1821 1495 1880 infestatio
1531 1822 1669 1882 boni
1702 1840 1739 1882 a
1780 1823 1967 1896 malo,
2016 1829 2079 1882 et
2115 1827 2265 1901 veri·
2292 1841 2329 1882 a

205 1925 386 1999 falso,
444 1923 800 1981 describitur
831 1939 943 1998 per
975 1921 1082 1980 illa
1116 1921 1321 1980 verba.
1385 1921 1569 1998 Apud
1603 1923 1874 1982 Eundem
1917 1922 2134 1999 „Eece
2160 1926 2327 1985 verz·-

206 2029 411 2086 tatem
456 2021 787 2083 desideras
831 2022 901 2082 in
935 2021 1248 2096 Renibus,
1305 2026 1367 2082 et
1401 2022 1471 2082 in
1512 2020 1749 2083 occulto
1796 2024 2181 2103 sapientiam
2213 2043 2327 2084 no·-

207 2131 352 2186 tam
373 2123 558 2204 faeie
585 2122 793 2184 mihi“
829 2122 1061 2182 Psalm:
1100 2121 1210 2182 LI:
1256 2125 1290 2181 8
1311 2143 1328 2198 3
1383 2123 1479 2182 hie
1507 2123 1705 2182 Renes
1748 2125 1867 2185 alia
1904 2143 2051 2185 voce
2086 2128 2150 2184 in
2185 2124 2331 2184 Lin-

214 2243 342 2303 gua
393 2224 668 2300 originali
713 2226 1150 2300 exprimuntur,
1219 2240 1374 2300 quae
1422 2222 1674 2283 involvit
1718 2230 1839 2282 tam
1887 2228 2331 2301 separationem

209 2325 506 2385 falsorum
555 2343 592 2384 a
637 2327 796 2384 veris
843 2341 1022 2401 quam
1069 2324 1363 2383 malorum
1412 2341 1449 2382 a
1491 2322 1663 2383 bonis
1678 2344 1695 2400 3
1769 2325 1907 2384 inde
1951 2333 2122 2401 patet
2168 2325 2328 2403 quod

211 2444 332 2505 per
356 2443 534 2484 renes
571 2425 906 2502 purificatio
946 2431 1006 2484 et
1054 2427 1359 2502 separatio
1396 2423 1781 2500 significetur.
1847 2426 2028 2501 Apud
2060 2427 2333 2484 Eundem

222 2524 658 2601 „Bemdz‘oam
702 2524 978 2586 Jehovae
1026 2524 1138 2604 qui
1177 2521 1498 2584 consuluit
1547 2523 1711 2584 mihi
1723 2569 1738 2599 ,
1805 2525 2001 2584 etiam
2046 2525 2333 2586 noctibus

217 2623 554 2704 castigant
597 2644 686 2685 me
729 2627 942 2686 Renes
988 2626 1159 2685 mei“
1213 2625 1449 2685 Psalm:
1488 2625 1671 2684 XVI:
1720 2631 1787 2701 73
1844 2632 2049 2684 noctes
2098 2627 2326 2701 signifi-

219 2733 367 2786 cant
405 2732 624 2784 statum
659 2726 912 2785 hominis
951 2726 1190 2802 quando
1225 2725 1381 2785 falsa
1410 2733 1741 2802 exsurgunt
1754 2745 1769 2801 3
1815 2743 2019 2802 pugna
2054 2731 2192 2783 tune
2222 2741 2331 2782 ve·-

211 2844 420 2886 rorum
461 2843 595 2884 eum
653 2825 768 2885 illis
816 2826 1186 2903 significatur
1233 2844 1344 2903 per
1396 2827 1690 2902 castigant
1739 2845 1833 2884 me
1883 2843 2078 2886 renes,
2152 2825 2331 2901 Apud

209 2926 488 2986 Eundem
553 2925 832 3000 „Etiam
869 2927 1148 2988 tenebrae
1180 2945 1305 2988 non
1316 2925 1581 3006 faciunt
1618 2927 1897 2988 tenebras
1918 2945 2077 3006 prae
2103 2930 2175 2998 te,
2218 2925 2332 2994 ced

208 3046 336 3090 nom
367 3027 541 3088 siout
573 3025 714 3086 dies
750 3023 969 3088 lueida
1003 3033 1128 3102 eet,
1191 3028 1360 3087 sieut
1388 3027 1669 3088 tenebrae
1694 3027 1791 3088 ita
1820 3025 1970 3105 ὄπως
2027 3026 2129 3088 Tu
2164 3027 2332 3088 enim

199 3127 508 3210 posside-s·
541 3126 752 3188 Renes
777 3147 962 3202 meos,
1025 3147 1151 3187 non
1185 3126 1381 3189 latuit
1421 3125 1511 3187 Te
1545 3145 1615 3186 οε
1650 3147 1887 3204 meum,
1942 3149 2083 3190 cum
2105 3128 2332 3208 factus

211 3247 356 3290 eum
391 3228 468 3288 in
491 3224 780 3310 ocegzlt0“
839 3229 1072 3288 Psalm:
1113 3227 1475 3288 CXXXIX:
1536 3231 1643 3286 12.
1708 3231 1815 3289 13.
1865 3233 1984 3306 153
2046 3230 2331 3290 tenebrae

214 3335 362 3387 sunt
399 3329 588 3398 falsa,
644 3335 703 3386 et
743 3328 846 3387 lux
887 3335 1026 3387 sunt
1061 3346 1236 3404 vera,
1287 3328 1599 3405 possidere
1644 3347 1818 3389 renes
1858 3338 1951 3390 est
1986 3333 2141 3390 scire
2178 3330 2334 3388 falsa

219 3435 282 3488 et
307 3445 457 3488 vera
493 3429 656 3505 apud
701 3428 1030 3504 hominem3
1085 3429 1222 3490 inde
1260 3429 1475 3488 dicitur
1520 3447 1639 3488 non
1677 3430 1851 3489 latuit
1888 3431 1977 3489 Te
2026 3446 2094 3488 os
2132 3445 2332 3486 meum

213 3545 347 3588 eum
402 3529 596 3588 sactus
639 3545 774 3586 sum
819 3531 879 3587 in
931 3530 1191 3603 oecult0,
1251 3530 1554 3605 per’quod
1605 3531 1974 3606 significatur
2019 3526 2174 3603 quod
2211 3542 2331 3584 non

211 3629 462 3689 latuerit
497 3629 738 3704 aliquod
783 3616 1004 3688 'falsum
1045 3630 1202 3705 quod
1242 3630 1463 3688 factum
1502 3637 1627 3689 est:
1689 3629 1848 3706 quod
1885 3628 2168 3686 tenebrae
2212 3627 2331 3683 sint

211 3730 396 3804 falsa,
465 3735 526 3788 et
561 3729 665 3787 lux
703 3731 820 3788 sint
856 3747 1031 3804 vera,
1096 3729 1373 3789 videatur
1416 3731 1475 3786 in
1512 3728 1711 3805 Opere
1750 3729 1823 3786 de
1864 3725 2065 3784 Coeno
2100 3743 2179 3782 m·
2219 3724 2327 3781 ΙΝ-

207 3847 414 3889 trano
457 3848 534 3890 n:
573 3831 708 3888 126
752 3831 827 3888 ad
872 3832 1043 3904 1403
1109 3837 1169 3889 et
1204 3829 1366 3913 quod
1406 3844 1473 3887 os
1511 3831 1587 3886 sit
1631 3845 1837 3886 verum
1878 3827 1938 3883 in
1978 3824 2183 3883 ultimo
2221 3839 2323 3880 or-

209 3929 395 4000 dinis,
451 3935 513 3989 et
546 3931 609 3987 in
644 3931 920 4006 opposito
966 3947 1152 3989 sensu
1193 3930 1447 4003 falsum,
1498 3930 1559 3986 in
1588 3928 1937 3986 Anamis
1992 3925 2329 3985 Connus-

208 4047 434 4089 vmus
499 4047 576 4089 n:
631 4031 842 4090 3812.
910 4031 1120 4090 5560.
1184 4017 1394 4090 5565.
1453 4028 1665 4087 6592.
1726 4028 1937 4086 8005.
2032 4027 2329 4103 Quoniam

207 4128 409 4189 Renes
447 4129 862 4207 significabant
898 4149 1044 4190 vera
1080 4129 1401 4208 purificata
1428 4147 1465 4188 a
1498 4128 1698 4198 salsiS,
1742 4127 1877 4187 ideo
1912 4130 1973 4186 in
2012 4127 2329 4188 sacrificiis

209 4229 606 4291 adolebantur
657 4230 852 4289 solum
899 4232 1109 4308 adipes
1157 4237 1218 4292 et
1251 4247 1468 4301 reme,
1521 4229 1798 4291 videatur
1836 4229 2036 4290 Exod:
2078 4228 2325 4290 XXIX:
2368 4295 2393 4326 ο
