2700 4792
395 341 468 392 30
824 324 1312 382 APOCALYPSIS
1368 323 1800 381 EXPLICATA.
1880 323 1926 392 ς.
1974 329 2067 385 29.

393 484 784 563 sequentibus
835 484 984 544 locis
1055 481 1324 558 „Sancti
1313 482 1449 564 fica
1494 479 1671 543 Mihi
1720 499 1899 542 omne
1962 479 2535 560 fflmymitum,

393 591 764 668 aperturam
797 583 1004 644 omnis
1039 583 1233 658 uteri,
1271 583 1441 644 inter
1460 579 1647 663 filios
1680 579 1961 643 Israelis
1971 601 1999 653 ,·
2062 579 2133 642 in
2166 579 2417 642 homine
2452 589 2543 644 et

394 687 466 748 in
511 685 712 747 bestia
755 703 894 744 mea
941 686 1171 745 sunto“
1234 683 1437 742 Exod:
1482 681 1673 743 XIII:
1730 686 1765 741 2
1778 727 1791 740 .
1889 725 1927 758 „
1943 679 2257 743 Transire
2288 681 2541 761 facies

397 805 640 848 omnem
673 789 1042 865 aperturam
1091 777 1266 845 utem·
1293 781 1605 854 Jekovae5
1670 787 1731 842 et
1778 782 1985 843 omnis
2040 788 2346 862 apertura
2404 783 2533 842 be-

395 887 589 956 stiae,
635 891 785 967 quot
819 889 1002 945 erunt
1036 884 1155 945 tibi
1188 880 1511 944 maecum
1554 882 1757 942 Exod:
1794 883 1983 942 xr11=
2025 886 2053 942 1
2072 887 2131 942 2.
2200 861 2532 957 „Primi-

397 988 528 1049 tias
549 985 829 1067 fraqam
879 989 1166 1060 tuarum,
1233 991 1292 1044 et
1328 983 1669 1064 primitias
1710 982 1848 1044 vini
1898 983 2000 1043 tui
2042 1001 2169 1043 ‘non
2204 981 2483 1061 differes
2504 1005 2533 1043 .-

275 1081 288 1092 ’
395 1086 910 1168 fflmymitum
958 1083 1253 1167 filiorum
1317 1090 1573 1145 tuorum
1632 1082 1819 1144 dabis
1878 1081 2087 1143 Mihi.-
2163 1082 2259 1143 εἰσ
2292 1083 2541 1162 facie-9

397 1187 538 1250 bovi
563 1193 672 1248 tuo
687 1233 704 1264 ,
753 1192 815 1246 et
838 1186 1057 1266 pecori
1091 1190 1234 1246 tuo:
1287 1189 1521 1264 septem
1554 1183 1777 1245 diebus
1810 1183 1934 1244 erit
1966 1201 2111 1246 cum
2136 1189 2341 1244 matre
2366 1201 2537 1256 sua,

398 1293 614 1350 octavo
679 1287 784 1348 die
835 1285 1024 1347 dabis
1077 1282 1250 1346 illud
1309 1283 1473 1346 mihi
1488 1305 1517 1356 ,·
1590 1289 1651 1344 et
1712 1284 1843 1346 viri
1896 1283 2267 1346 sanctitatis
2320 1283 2537 1345 eritis

397 1388 618 1452 Mihffl
677 1387 878 1448 Exod:
923 1385 1146 1446 XXII:
1197 1387 1310 1445 28.
1366 1387 1477 1445 29.
1520 1387 1641 1462 303
1696 1385 1857 1462 quod
1902 1386 2081 1444 etiam
2116 1385 2329 1445 darent
2360 1384 2525 1444 Pri-

397 1491 700 1567 mogenita
731 1487 995 1562 bestiae,
1051 1492 1182 1546 erat
1227 1488 1371 1562 quia
1413 1485 1553 1544 illae
1578 1488 1781 1558 ,etiam
1813 1485 2387 1562 repraesentabant3
2446 1493 2526 1545 et

402 1592 546 1668 quia
580 1587 1148 1664 repraesentabant,
1207 1591 1388 1646 etiam
1434 1587 1495 1644 in
1540 1585 1911 1646 holocaustis
1950 1592 2011 1645 et
2046 1585 2355 1646 sacrificiis
2395 1585 2528 1645 ad·-

399 1688 787 1764 hibebantur3
843 1687 990 1769 quid
1024 1690 1227 1750 variae
1262 1687 1494 1747 bestiae
1542 1686 1625 1746 ibi
1660 1687 2232 1762 repraesentabant,
2288 1685 2524 1749 videa-

401 1798 516 1864 tur,
574 1807 640 1848 n:
699 1789 905 1848 1823.
963 1789 1174 1848 3519.
1233 1789 1443 1848 9280.
1508 1789 1765 1846 10042.
1848 1785 2026 1864 Quod
2070 1787 2325 1846 Levitae
2374 1785 2527 1846 loco

401 1892 664 1950 omnium
705 1889 1243 1968 Primogenitorpm
1287 1891 1349 1947 in
1393 1887 1625 1947 Israele
1674 1891 1911 1964 accepti
1948 1889 2093 1961 sint,
2160 1887 2235 1948 de
2278 1905 2401 1964 qua
2443 1905 2525 1946 re

398 1991 678 2050 videatur
709 1989 886 2048 Num:
926 1989 1036 2047 III:
1085 1993 1192 2048 12.
1242 1992 1346 2048 13.
1403 1993 1513 2047 41.
1570 1989 1684 2048 45.
1744 1987 1893 2065 Cap:
1930 1987 2102 2048 VIII:
2158 1989 2243 2048 15
2278 1987 2355 2046 ad
2398 1989 2519 2062 19,

402 2097 532 2151 erat
569 2107 779 2164 eausa,
849 2095 917 2147 ut
951 2107 1139 2166 supra
1183 2089 1406 2148 dictum
1444 2095 1565 2164 est,
1622 2091 1765 2172 quia
1804 2089 1911 2148 filii
1956 2087 2107 2148 Levi
2139 2104 2515 2165 repraesen-

399 2191 612 2250 tabant
661 2196 722 2249 et
772 2189 909 2248 inde
972 2189 1385 2267 significabant
1434 2189 1657 2248 bonnm
1714 2188 2023 2249 charitatis
2040 2233 2057 2265 ,
2134 2195 2195 2249 et
2247 2188 2402 2250 Levi
2448 2191 2519 2246 in

400 2304 682 2368 supremo
719 2306 904 2350 sensu
937 2290 1256 2349 Dominum
1293 2289 1493 2366 quoad
1524 2289 1587 2350 id
1612 2289 1862 2361 bonum,
1897 2288 2173 2348 videatur
2200 2309 2257 2348 n:
2294 2290 2429 2352 387
2447 2291 2514 2348 5.

409 2393 622 2452 3877.
695 2393 906 2449 4497.
977 2392 1188 2450 4502.
1250 2392 1465 2450 4503.
1531 2393 1790 2450 10017.
1880 2389 2057 2466 Quod
2101 2391 2516 2466 Primogenito

403 2494 698 2553 cesserint
739 2490 916 2550 binae
957 2497 1160 2567 partes
1200 2508 1276 2550 ex
1309 2489 1714 2564 haereditate,
1768 2491 1952 2549 Deut:
1991 2489 2167 2550 XXI:
2216 2494 2323 2549 17.
2378 2495 2517 2548 erat

404 2595 546 2676 quia
579 2592 754 2650 binae
779 2598 984 2668 partes
1021 2590 1437 2668 significabant
1460 2591 1683 2650 bonum
1718 2592 1954 2666 amoriS,
1992 2609 2050 2649 n:
2084 2593 2242 2649 720.
2292 2594 2320 2649 l
2340 2591 2507 2649 686.

411 2695 490 2755 51
513 2695 622 2752 94.
664 2695 874 2751 8423.

561 2796 672 2852 29.
740 2793 818 2850 Et
867 2793 1010 2869 Ipse
1046 2794 1340 2870 Princeps
1379 2809 1589 2868 regum
1625 2799 1847 2867 terrae,
1906 2793 2067 2869 quod
2105 2791 2399 2869 significet
2438 2807 2518 2850 ex

404 2894 540 2970 Quo
576 2910 748 2952 omne
784 2909 995 2952 verum
1045 2909 1119 2952 ex
1154 2893 1310 2952 bono
1358 2897 1421 2953 in
1456 2893 1761 2968 Ecclesia,
1818 2899 2055 2953 constat
2092 2911 2167 2952 ex
2204 2893 2516 2971 significa-

403 2997 564 3053 tione
600 2995 890 3068 Princeps
929 3009 1167 3070 regum,
1215 2993 1377 3070 quod
1424 2995 1502 3052 sit
1530 3011 1587 3051 -a
1636 2992 1771 3068 Quo
1820 3011 1994 3053 omne
2040 3011 2282 3065 verum,
2330 2994 2515 3052 Prin-

401 3111 548 3170 ceps
587 3100 680 3152 est
705 3095 1088 3170 primarium,
1137 3100 1196 3150 et
1235 3111 1413 3170 reges
1450 3101 1587 3152 sunt
1622 3112 1797 3172 vera3
1852 3102 1915 3154 et
1951 3097 2091 3171 quia
2126 3095 2199 3154 de
2234 3094 2519 3163 Domino,

401 3194 524 3272 Qui
549 3194 645 3254 hic
667 3196 956 3269 Princeps
988 3210 1193 3269 regum
1213 3181 1483 3263 vocatnr,
1516 3201 1610 3254 est
1639 3213 1679 3254 a
1706 3195 1841 3272 Quo
1872 3212 2046 3254 omne
2074 3213 2313 3258 verum:
2354 3195 2521 3271 quod

401 3297 799 3373 princeps-sit
824 3295 1193 3370 primarium,
1228 3295 1509 3354 videatur
1547 3314 1619 3354 n:
1674 3298 1885 3356 1482.
1918 3299 2132 3356 2089.
2172 3299 2394 3372 50443
2454 3302 2525 3356 et

402 3396 566 3474 quod
587 3412 762 3472 reges
792 3397 912 3454 sint
937 3411 1099 3468 vera,
1139 3394 1439 3455 videbitur
1462 3397 1521 3454 in
1542 3395 1957 3472 Explicatioue
1980 3397 2215 3456 Versus
2241 3413 2516 3478 sequen-

403 3499 498 3572 tis,
529 3496 632 3555 ubi
657 3497 891 3569 dicitur,
921 3491 1018 3554 Et
1028 3493 1192 3574 fecit
1215 3502 1330 3556 nos
1361 3514 1543 3574 reyes
1576 3501 1635 3554 et
1662 3496 2035 3574 sacerdotes,
2070 3516 2128 3555 n:
2172 3499 2208 3558 3
2226 3500 2255 3555 Ι
2284 3517 2299 3555 :
2340 3503 2401 3556 et
2438 3513 2521 3557 ex
2593 3572 2598 3577 Ι

402 3597 837 3675 significatione
867 3594 1110 3669 Terrae,
1161 3595 1322 3673 quod
1356 3598 1437 3654 sit
1460 3597 1754 3669 Ecclesia,
1790 3598 1863 3657 de
1893 3615 2015 3682 qua
2046 3601 2336 3674 sequitur.
2394 3595 2521 3674 Qui

399 3715 522 3757 non
545 3699 661 3754 scit
689 3711 931 3754 sensum
954 3697 1247 3755 internum
1277 3697 1484 3768 Verbi,
1521 3715 1641 3756 non
1668 3698 1839 3757 aliter
1864 3706 2074 3776 potest
2108 3701 2263 3758 scire
2280 3743 2297 3772 ,
2330 3715 2522 3780 quam

401 3797 564 3881 quod
589 3796 790 3872 Reges
821 3798 1002 3856 totius
1026 3803 1224 3856 terrae
1253 3797 1349 3856 hic
1387 3797 1816 3876 intelligantur,
1858 3807 1921 3858 at
1954 3817 2149 3876 usque
2174 3817 2293 3858 non
2328 3799 2517 3858 intel-

397 3897 668 3974 liguntur
679 3895 898 3974 Reges,
916 3914 1027 3956 nec
1048 3896 1257 3970 Terra,
1293 3898 1405 3956 sed
1424 3916 1537 3974 per
1561 3899 1761 3976 Reges
1790 3900 2110 3960 illi-omnes
2133 3902 2237 3977 >qni
2262 3902 2324 3957 in
2353 3902 2517 3960 veris

401 4015 478 4056 ex
503 3995 660 4056 bono
687 4005 840 4069 sunt,
876 4005 936 4057 et
958 4016 1071 4075 per
1099 3999 1348 4058 Terram
1378 3999 1687 4060 Ecclesia:
1728 4000 1889 4077 quod
1914 4018 2027 4078 per
2048 4001 2299 4060 Terram
2324 4001 2514 4076 signi-

395 4097 610 4157 ficetur
635 4098 939 4171 Ecclesia,
976 4099 1175 4158 multis
1205 4106 1515 4158 ostensum
1544 4106 1637 4159 est
1669 4103 1729 4158 in
1757 4101 2035 4161 AacANJs
2068 4100 2512 4174 Gonnus-rmus,

399 4215 474 4258 ex
508 4200 722 4284 quibus
758 4200 910 4260 haec
943 4200 1026 4258 ibi
1062 4199 1407 4262 videantur:
1476 4200 1653 4276 Quod
1688 4219 1801 4278 per
1846 4202 2103 4261 Terram
2144 4200 2513 4278 significetur

2680 191 2682 302 i

2677 373 2683 470 1
