2700 4792
393 379 505 432 202
719 367 1208 424 APOCALYPSIS
1249 367 1683 426 EXPLIGATA.
1766 367 1811 436 §.
1858 375 1987 429 150.
2034 375 2163 429 151.
2674 451 2687 500 ἑ

398 530 503 605 qui
537 533 632 586 est
665 527 768 602 qui
817 544 856 584 a
906 525 1163 584 Domino
1209 530 1605 602 regeneratus
1670 529 1765 584 est
1814 543 1925 602 per
1973 542 2119 585 vera
2158 543 2317 602 quae
2360 525 2506 586 fidei

395 633 687 687 vocantur
731 633 794 686 et
847 629 1028 684 vitam
1065 626 1395 686 secundum
1444 625 1580 695 illa,
1634 625 2015 702 conjunctum
2060 629 2140 686 sit
2191 626 2504 686 Internum

397 735 460 788 et
493 727 848 801 Externum,
887 743 996 786 seu
1033 725 1377 804 Spiritualis
1410 734 1471 786 et
1494 725 1803 786 Naturalis
1829 727 2025 803 homo,
2064 735 2127 788 et
2151 728 2316 806 quod
2353 745 2500 788 con-

387 829 600 907 juncta
637 830 756 886 sint
801 845 910 905 per
945 827 1543 904 correspondentias,
1600 843 1757 904 quae
1798 827 2011 904 quales
2044 835 2215 901 sunt,
2268 835 2330 888 et
2362 827 2501 888 inde

395 927 592 1006 qualis
625 945 740 1006 per
771 928 906 988 illas
951 929 1290 1005 conjunctio
1335 933 1459 1001 est,
1514 935 1791 988 constare
1842 934 2049 1006 potest
2096 945 2170 990 ex
2217 931 2291 989 iis
2342 947 2501 1006 quae

397 1030 471 1089 de
517 1028 636 1088 illis
685 1031 748 1088 in
798 1028 1076 1088 Aneams
1123 1026 1547 1088 θοι-,0118111103
1600 1034 1849 1088 ostensa
1906 1036 2076 1105 sunt,
2158 1048 2234 1090 ex
2280 1030 2500 1105 quibus

401 1128 674 1190 Collecta
707 1128 1025 1188 videantur
1053 1131 1114 1188 in
1139 1128 1463 1188 Decuma
1490 1128 1703 1188 Novar.
1730 1129 2217 1190 Hmnosoumn
2244 1149 2302 1190 n:
2340 1134 2429 1190 26
2446 1133 2500 1188 1.

395 1230 556 1307 Quia
598 1246 755 1289 nunc
798 1229 976 1288 homo
1021 1247 1140 1288 non
1185 1231 1355 1306 prius
1408 1228 1477 1288 fit
1521 1230 1699 1288 homo
1734 1229 2081 1305 Ecclesiae,
2138 1249 2317 1308 quam
2359 1247 2501 1290 cum

392 1331 668 1390 Internus
705 1346 816 1389 seu
854 1328 1196 1406 Spiritualis
1232 1329 1407 1388 homo
1447 1341 1695 1407 apertus
1738 1337 1833 1389 est
1842 1375 1859 1405 ,
1920 1338 1979 1390 et
2010 1331 2109 1392 hic
2144 1333 2499 1409 conjunctus

395 1445 528 1492 cum
578 1431 840 1490 Externo
895 1447 1004 1488 seu
1049 1430 1328 1490 Naturali
1364 1430 1632 1506 homine,
1688 1430 1825 1490 ideo
1871 1449 2031 1492 nunc
2084 1433 2159 1492 de
2203 1433 2295 1492 his
2340 1435 2501 1491 intra

395 1533 728 1592 Ecclesiam
786 1533 1012 1608 agitur-3
1085 1549 1224 1590 nam
1275 1538 1342 1589 ut
1394 1549 1581 1608 snpra
1635 1550 1706 1590 n:
1770 1534 1861 1592 20
1926 1533 2146 1593 dictum
2202 1541 2335 1607 cst,
2384 1549 2501 1609 per

395 1639 630 1709 septem
691 1631 996 1691 Ecclesiae
1049 1649 1167 1690 non
1219 1632 1633 1708 intelliguntur
1686 1639 1917 1708 septem
1976 1634 2289 1694 Ecclesiae
2310 1679 2325 1704 ‚
2388 1634 2499 1692 scd

395 1749 602 1792 omnes
647 1735 708 1792 111
756 1750 976 1808 genere
1027 1734 1126 1808 qui
1173 1731 1250 1790 ab
1284 1732 1559 1794 Ecclesia
1607 1733 1849 1792 Domini
1888 1741 2057 1810 sunt,
2124 1741 2187 1794 et
2231 1734 2369 1794 inde
2422 1734 2500 1792 ad

394 1832 696 1910 Angelum
737 1834 1010 1912 cujusvis
1058 1833 1371 1892 Ecclesiae
1420 1836 1616 1910 agitur
1668 1833 1742 1892 (10
1790 1834 2011 1894 talibus
2064 1853 2217 1911 quac
2270 1836 2498 1893 faciunt

395 1933 764 2007 Ecclesiam,
816 1933 914 1992 hic
957 1935 1191 2009 itaque,
1243 1949 1353 1992 seu
1391 1932 1468 1992 ad
1506 1934 1807 2010 Angelum
1846 1935 2155 1996 Ecclesiae
2190 1939 2249 1995 in
2286 1935 2496 2012 Thya-

196 2044 359 2105 [138]
400 2035 558 2108 titis,
615 2033 690 2092 de
731 2033 970 2094 Interno
1005 2040 1068 2092 et
1101 2035 1365 2092 Exi-erno
1382 2079 1399 2109 ,
1444 2041 1505 2093 et
1540 2035 1953 2112 conjunctione
1988 2039 2301 2112 utriusque
2338 2036 2501 2112 apud

395 2133 553 2194 illos.
627 2132 750 2193 Sed
789 2135 927 2210 quia
959 2133 1251 2194 hactenus
1287 2137 1559 2211 ignotum
1596 2136 1733 2211 fuit,
1776 2135 1934 2210 quod
1968 2136 2110 2195 bina
2142 2136 2248 2196 illa
2280 2143 2495 2196 actua·-

345 2254 352 2258 ·
393 2235 533 2294 liter
571 2236 690 2293 sint
727 2233 890 2312 apud
932 2234 1260 2304 hominem,
1317 2241 1379 2294 et
1414 2235 1573 2312 quod
1614 2236 1940 2312 aperienda
1976 2244 2039 2296 et
2082 2237 2499 2315 conjungenda

395 2338 545 2409 sint,
601 2341 667 2394 ut
715 2335 1018 2395 homo·sit
1063 2335 1240 2394 homo
1282 2335 1622 2410 Ecclesiae,
1681 2344 1742 2395 ct
1776 2339 1917 2414 quia
1962 2337 2068 2396 illa
2113 2339 2327 2415 paucis
2380 2350 2497 2396 non

393 2435 650 2497 describi
677 2442 960 2514 possunt,
1017 2435 1152 2496 ideo
1187 2443 1387 2495 actum
1426 2447 1519 2496 est
1554 2437 1627 2496 de
1666 2437 1783 2497 illis
1820 2440 1879 2497 in
1920 2439 2249 2498 Docwnnu
2280 2438 2497 2497 Nous

389 2538 874 2598 Hmnosoumu
934 2555 1006 2596 n:
1069 2538 1154 2600 36
1212 2536 1290 2595 ad
1345 2539 1431 2597 53
1504 2544 1563 2597 et
1622 2540 1753 2598 179
1805 2538 1883 2597 ad
1944 2543 2112 2609 182,
2176 2557 2335 2616 quae
2398 2541 2491 2598 vi·-

391 2639 662 2706 deantur.

550 2743 578 2798 1
601 2742 708 2800 51.
787 2738 958 2800 Haec
995 2738 1138 2798 dicit
1184 2738 1395 2798 Filius-
1408 2739 1695 2815 hominis,
1756 2741 1916 2818 quod
1953 2740 2249 2817 significet
2280 2738 2494 2799 Domi-

385 2859 528 2900 num
557 2840 757 2917 quoad
791 2841 1078 2900 Divinum
1113 2839 1485 2910 Humanum,
1544 2859 1581 2898 a
1616 2841 1749 2917 Quo
1788 2840 1941 2900 illud
1975 2842 2302 2915 Ecclesiae,
2346 2858 2489 2900 con-

391 2947 516 3000 stat
555 2958 631 2998 ex
665 2941 1098 3018 significatione
1138 2939 1273 2998 Filii
1301 2939 1597 3011 hominis,
1644 2942 1802 3018 quod
1846 2943 1925 3000 sit
1957 2942 2251 3022 Dominus
2294 2940 2494 3018 quoad

387 3040 672 3100 Divinum
721 3041 1094 3115 Humanum,
1161 3047 1221 3098 et
1282 3040 1483 3116 quoad
1534 3042 1817 3102 Divinum
1870 3042 2127 3113 Verum,
2182 3044 2335 3118 'quia
2382 3043 2489 3102 hoc

390 3139 469 3198 ab
522 3139 665 3215 Ipso
715 3141 1016 3216 procedit,
1081 3141 1154 3200 de
1213 3159 1334 3216 qua
1380 3157 1567 3220 supra
1613 3161 1683 3202 111
1736 3145 1859 3218 633
1915 3143 2075 3220 quod
2128 3145 2307 3204 etiam
2348 3146 2427 3202 sit
2456 3161 2489 3201 a

391 3238 528 3316 Quo
575 3239 722 3298 illud
761 3232 1114 3315 Ecclesiae,
1157 3259 1375 3317 nempe
1432 3244 1685 3319 aperitio
1734 3243 1963 3303 Interni
2008 3261 2119 3304 seu
2164 3243 2486 3321 spiritualis

388 3341 670 3415 hominiS,
717 3348 776 3400 et
813 3341 946 3418 ejus
983 3341 1319 3417 conjunctio
1358 3359 1493 3402 cum
1529 3343 1819 3419 Externa,
1866 3351 1959 3404 est
1989 3345 2129 3421 quia
2162 3361 2337 3404 omne
2370 3345 2483 3404 Ec·

389 3441 613 3502 clesiae
649 3441 815 3520 apud
848 3440 1146 3500 hominem
1187 3449 1280 3501 est
1325 3460 1401 3502 ex
1443 3443 1663 3503 Divino
1700 3445 1977 3504 Humano
2014 3445 2275 3516 Domini,
2318 3459 2478 3506 omne

387 3545 544 3603 enim
572 3545 791 3602 amoris
821 3546 883 3600 et
915 3539 1090 3610 fidei,
1139 3560 1295 3618 quae
1337 3544 1565 3603 faciunt
1590 3545 1943 3620 Ecclesiam,
1986 3563 2061 3605 ex
2094 3545 2315 3604 Divino
2352 3545 2473 3604 Hu-

387 3661 562 3703 mano
609 3643 852 3702 Domini
897 3642 1208 3719 procedit,
1279 3651 1340 3701 et
1382 3661 1501 3702 non
1553 3646 1892 3708 immediate
1946 3646 2021 3709 ab
2070 3646 2213 3722 Ipso
2253 3646 2465 3714 Divino,

354 3751 524 3802 ‘nam
579 3741 742 3818 quod
793 3741 1132 3802 immediate
1183 3741 1258 3801 ab
1300 3743 1444 3819 Ipso
1490 3745 1709 3805 Divino
1756 3741 1958 3823 Ipsius
2007 3747 2308 3824 procedit,
2368 3744 2464 3802 1100

385 3859 502 3903 11011
533 3841 692 3902 cadit
735 3843 796 3902 in
833 3842 1094 3920 aliquam
1133 3845 1557 3920 cogitationem
1596 3853 1657 3906 et
1691 3846 2065 3910 affectionem
2104 3847 2381 3918 hominiS,
2414 3847 2461 3900 et

383 3942 524 4002 inde
567 3959 682 4002 nec
716 3945 778 4002 in
809 3943 988 4003 fidem
1024 3950 1086 4002 et
1121 3961 1425 4016 amorem,
1481 3949 1621 4022 quia
1658 3954 1755 4006 est
1792 3947 1969 4024 longe
2012 3965 2201 4024 supra
2234 3947 2363 4020 illa,
2408 3946 2461 4000 ut

383 4047 662 4103 constare
704 4051 908 4121 potest
944 4062 1020 4104 ex
1057 4061 1160 4115 eo,
1235 4045 1397 4120 quod
1452 4033 1649 4106 homo*
1676 4065 1798 4108 non
1847 4051 2043 4126 possit
2102 4050 2358 4124 cogitare
2400 4041 2460 4100 de

380 4142 528 4220 Ipso
576 4143 796 4204 Divino
833 4144 1062 4222 absque
1098 4144 1381 4204 Humana
1416 4146 1637 4217 forma,
1688 4151 1805 4207 nisi
1848 4150 2005 4208 sicut
2052 4149 2126 4208 dc
2171 4155 2379 4208 natura
2412 4144 2461 4200 in

383 4243 664 4319 minimis.
705 4245 986 4319 cogitatio
1017 4261 1170 4318 quac.
1199 4260 1314 4302 non
1341 4244 1773 4306 determinatur
1798 4248 1877 4307 ad
1906 4248 2167 4325 aliquam
2202 4248 2457 4326 speciem,
