2700 4792
21 17 96 464 Ι
375 380 608 436 CAPUT
647 375 986 434 TERTIUM.
1624 401 1651 426 .
1730 375 1941 434 VERSz
1986 390 2075 443 18.
2255 392 2363 445 403

265 542 395 600 iicet
423 557 627 600 verum
680 555 754 598 ex
788 538 974 612 bono,
1029 555 1101 596 n:
1150 536 1357 596 1551.
1409 537 1617 597 1552.
1662 537 1872 598 2954.
1918 539 2143 599 5658:
2206 542 2371 618 quod

265 639 490 700 mincha
525 638 820 716 significet
846 637 1064 696 bonum
1095 638 1314 696 amoris
1351 642 1413 694 et
1439 636 1761 711 charitatiS,
1800 657 1869 696 nx
1902 641 2116 698 4581.
2154 643 2364 702 9992.

269 743 473 799 9993.
520 743 731 798 9994.
779 740 1038 797 10079.
1086 739 1354 797 10137:
1393 737 1807 813 quodjustitia
1832 739 2063 798 dicatur
2090 740 2162 800 de
2192 741 2366 818 bone,

263 860 332 899 n:
371 843 580 900 2235.
626 841 812 900 9857
834 859 851 914 ;
904 837 1042 897 inde
1095 837 1328 896 adferre
1376 837 1667 897 mincham
1718 839 1777 896 in
1802 839 2041 914 justitia
2074 841 2372 917 significat

261 942 480 1002 cultum
528 959 603 1000 ex
636 939 792 998 bono
829 941 1066 997 amoris.
1127 937 1306 1014 Apud
1343 935 1691 996 Sachariam
1744 983 1779 1013 „
1808 937 2009 998 Duae
2029 944 2259 1017 partes
2298 941 2369 1002 in

261 1041 554 1103 universa
610 1044 781 1099 terra
839 1036 1290 1099 exscindentur
1300 1083 1317 1112 ,
1382 1037 1798 1116 <respirabunt
1822 1082 1839 1112 ,
1902 1037 2095 1098 tertia
2156 1045 2371 1101 autem

257 1139 644 1220 relinquetur
693 1137 766 1199 in
816 1157 890 1198 ea
900 1159 927 1211 ;
992 1137 1224 1198 ducam
1277 1142 1487 1198 tamen
1536 1138 1793 1198 tertiam
1829 1157 1951 1217 per
2006 1138 2036 1198 i
2030 1158 2217 1217 quem
2230 1183 2247 1215 ,
2308 1145 2370 1200 et

258 1240 533 1319 conflabo
587 1258 690 1298 eoe
723 1238 930 1322 juxta
984 1237 1258 1317 conflare
1309 1243 1648 1317 amentum
1669 1282 1688 1313 ,
1751 1242 1812 1296 et
1866 1235 2203 1317 explorabo
2263 1253 2370 1301 eoe

241 1343 450 1426 juxta
482 1337 816 1419 eoeplorare
839 1341 1116 1400 aurum“
1167 1338 1355 1398 XIII:
1400 1343 1457 1400 8.
1504 1339 1539 1396 9
1558 1357 1575 1413 3
1628 1355 1739 1414 per
1772 1339 2113 1398 universam
2146 1346 2369 1400 terram

256 1461 375 1502 non
424 1440 771 1518 intelligitur
832 1443 1112 1498 universa
1159 1445 1347 1513 terra,
1414 1437 1523 1498 sed
1569 1439 1853 1498 universa
1886 1438 2190 1514 Ecclesia3
2255 1457 2370 1518 per

258 1545 492 1602 tertiam
529 1547 762 1618 partem
797 1557 908 1598 nec
941 1539 1293 1616 intelligitur
1328 1541 1505 1598 tertia
1537 1555 1700 1614 pars,
1740 1537 1848 1597 sed
1882 1538 2069 1617 aliqui
2101 1539 2210 1614 ibi3
2250 1539 2365 1598 du-

254 1661 396 1703 cere
443 1641 606 1700 illam
655 1658 765 1718 per
809 1641 1039 1717 ignem,
1108 1646 1168 1699 et
1219 1640 1477 1698 conflare
1522 1639 1701 1715 juxta
1746 1639 2001 1700 conflare
2037 1644 2367 1716 argentum,

255 1750 320 1804 et
393 1740 708 1818 explorare
760 1739 939 1816 juxta
1003 1739 1316 1816 explorare
1378 1757 1622 1812 aurum,
1688 1739 1986 1829 siguificat
2050 1738 2370 1816 purificare

253 1859 360 1902 eos
399 1859 437 1900 a
470 1841 640 1900 falsis
695 1847 754 1899 et
789 1839 960 1899 malis
1012 1847 1078 1898 ut
1111 1839 1499 1917 implantetur
1543 1839 1763 1898 bonum
1820 1846 1880 1897 et
1916 1858 2155 1900 verum:
2212 1839 2373 1917 quod

253 1953 420 2003 terra
453 1944 514 2000 in
549 1940 755 2000 Verbo
799 1943 878 1999 sit
911 1940 1214 2011 Ecclesia,
1266 1941 1655 2018 videatur-n:
1701 1942 1861 1999 662.
1908 1943 2113 2001 1066.
2161 1943 2371 2001 1067.

261 2045 475 2102 1262.
535 2043 746 2100 1413.
809 2041 1018 2099 1607.
1073 2043 1285 2099 2928.
1349 2042 1560 2100 3355.
1613 2043 1825 2099 4447.
1885 2042 2098 2102 4535.
2156 2043 2366 2101 5577.

257 2145 475 2203 6516.
539 2143 750 2200 9325.
823 2143 1045 2200 9643:
1118 2139 1277 2216 quod
1325 2144 1505 2199 tertia
1561 2157 1702 2216 pars
1762 2141 2057 2216 significet
2116 2140 2370 2218 aliqum,

250 2263 325 2302 n:
369 2244 598 2302 2788:
653 2249 793 2300 sunt
825 2244 886 2300 in
919 2241 1069 2301 locis
1106 2240 1303 2300 allatis
1341 2241 1815 2317 comparationes
1853 2243 2085 2318 argenti
2130 2247 2194 2300 et
2226 2243 2361 2302 auri

251 2361 395 2404 cum
427 2359 568 2400 vero
607 2348 668 2401 et
699 2341 882 2411 bone,
921 2341 1031 2400 sed
1072 2345 1131 2399 in
1166 2341 1371 2400 Verbo
1408 2342 1607 2398 omnia
1642 2355 1797 2415 quae
1831 2342 2166 2420 inserviunt
2202 2359 2369 2401 eom·-

253 2442 686 2520 ραι-3110111533,
722 2445 900 2501 etiam
937 2440 1407 2517 correspondent
1442 2447 1501 2499 et
1534 2439 1669 2498 inde
1700 2441 2051 2517 significant,
2091 2441 2369 2500 videatur

259 2561 338 2602 n:
402 2542 600 2601 3579.
655 2544 868 2602 8989.
970 2542 1126 2618 Quia
1185 2559 1397 2600 aurum
1452 2540 1822 2618 exploratum
1882 2544 2019 2617 igne
2076 2539 2372 2615 significat

253 2644 483 2702 bonum
548 2645 762 2702 amoris
823 2643 1198 2722 purificatum
1254 2659 1291 2699 a
1339 2641 1543 2715 malis,
1622 2640 1757 2699 ideo
1822 2641 2163 2700 mandatum
2217 2645 2366 2714 erat,

253 2739 478 2822 „quod
517 2741 772 2803 Aurum
808 2748 867 2801 ec
891 2741 1251 2822 Argentum
1288 2747 1544 2822 captum
1580 2759 1624 2802 a
1650 2725 2033 2802 Midianitie
2072 2736 2368 2804 traduce-

250 2848 435 2906 retur
449 2861 571 2922 per
592 2842 806 2922 iynem
829 2849 889 2904 et
917 2843 1012 2903 sie
1025 2842 1533 2925 purificaretur“
1572 2841 1627 2902 N
1633 2859 1762 2901 umz
1790 2840 2047 2902 XXXI:
2092 2842 2204 2898 22.
2249 2840 2365 2900 23.

254 2942 436 3020 Quod
469 2944 699 3001 Aurum
746 2943 1041 3020 significet
1085 2944 1307 3002 bonum
1361 2945 1579 3002 amoris
1631 2947 1691 3002 et
1738 2942 2079 3014 charitatiS,
2131 2945 2372 3002 constat

251 3042 516 3120 amplius
565 3061 602 3101 a
636 3043 1066 3121 sequentibuS,
1122 3044 1283 3122 apud
1331 3043 1671 3102 Hoscheam
1743 3041 2119 3118 „Deseruit
2156 3037 2374 3104 Israel

249 3143 482 3204 bonwn
496 3187 514 3218 ‚
569 3141 775 3204 hostie
796 3143 1202 3224 persequitur
1242 3163 1413 3218 eum,
1454 3147 1789 3222 amentum
1828 3163 2019 3206 suum
2056 3146 2117 3202 et
2141 3161 2375 3204 aurum

252 3263 448 3305 suum
472 3242 764 3324 fecerunt
789 3245 916 3306 eibi
939 3241 1164 3305 idola“
1202 3245 1389 3305 VIII:
1434 3246 1493 3304 3.
1528 3248 1601 3320 43
1652 3246 1811 3321 quod
1846 3250 2158 3324 argentum
2196 3261 2375 3304 suum

251 3351 318 3405 et
353 3362 562 3403 aurum
599 3362 772 3404 suum
824 3346 939 3405 sibi
990 3345 1240 3405 fecerint
1286 3345 1479 3421 idola,
1534 3345 1829 3421 significet
1872 3346 2033 3423 quod
2066 3363 2273 3404 verum
2312 3348 2374 3402 et

249 3445 478 3504 bonum
512 3448 802 3505 verterint
861 3446 922 3504 in
957 3446 1112 3504 falsa
1157 3454 1218 3506 et
1253 3445 1445 3518 mala,
1497 3453 1669 3523 patet
1714 3463 1789 3505 ex
1825 3463 1897 3503 eo
1946 3447 2086 3521 quia
2134 3443 2369 3516 dicitur,

255 3545 526 3606 deseruit
560 3544 751 3606 Israel
782 3545 1032 3618 bonum,
1089 3553 1150 3606 et
1183 3546 1372 3606 hostis
1408 3548 1793 3623 persequitur
1828 3562 1994 3616 eum,
2048 3542 2239 3601 hostis
2277 3544 2374 3600 est

251 3646 472 3706 falsum
509 3662 584 3704 ex
608 3646 786 3716 ma10‚
815 3654 876 3706 et
897 3647 1116 3706 malum
1147 3665 1221 3706 ex
1247 3647 1420 3705 falso.
1459 3645 1636 3722 Apud
1665 3643 1901 3704 Joelem
1937 3637 2172 3716 „Quid
2196 3637 2374 3700 vobis

251 3743 520 3822 meum,
570 3743 741 3826 Pyre
779 3751 839 3806 et
881 3746 1104 3808 Zidon
1114 3791 1130 3823 ‚
1185 3750 1523 3826 argentum
1565 3761 1772 3804 meum
1798 3746 1860 3801 et
1896 3759 2128 3802 aurum
2164 3757 2371 3800 meum

133 3892 144 3900 -
252 3845 615 3922 cumei-stis,
670 3851 732 3906 et
783 3844 1238 3909 desiderabilia
1274 3845 1572 3906 bonorum
1613 3838 1935 3904 intulistis
1984 3839 2057 3900 in
2101 3835 2371 3918 Templa

250 3950 493 4022 vestra,
533 3951 594 4005 et
608 3943 794 4028 filios
819 3946 1109 4010 Jehudae
1149 3951 1209 4007 et
1235 3942 1421 4027 filios
1447 3939 1939 4024 Hierosolyma*
1980 3935 2371 4000 vendidi-stis

237 4044 417 4127 filiis
457 4045 880 4124 Graecorum,
929 4052 1002 4110 ut
1036 4044 1220 4126 lonye
1251 4043 1651 4107 rmveretis
1694 4061 1738 4104 a
1763 4040 2055 4103 terminis
2089 4058 2306 4102 eorum
2327 4039 2368 4073 ‘⁶‘

247 4146 359 4206 IV:
401 4151 466 4208 4..
511 4148 544 4207 5
588 4137 630 4236 [.
667 4138 768 4238 6];
823 4166 934 4226 per
971 4147 1198 4226 Tyrum
1236 4154 1296 4207 et
1329 4146 1618 4206 Zidonem
1651 4143 2065 4221 intelliguntur
2095 4141 2184 4202 illi
2215 4143 2372 4200 intra

250 4247 592 4309 Ecclesiam
644 4252 747 4326 qui
784 4252 846 4308 iu
880 4243 1318 4327 cognitio'nibus
1354 4249 1485 4308 veri
1521 4252 1581 4307 et
1612 4247 1754 4306 boni
1799 4251 1963 4321 sunt,
2016 4243 2113 4304 hic
2147 4241 2233 4302 illi
2268 4241 2373 4316 qui

1877 4350 1911 4403 2
1929 4348 1963 4404 6
1998 4339 2036 4374 ²*
