2700 4792
317 365 564 422 CAPUT
622 365 965 424 TERTIUM.
1097 360 1102 364 ⁴
1682 369 1861 424 VERS
1881 393 1893 424 :
1939 379 2030 432 12.
2188 383 2297 436 335

168 543 278 586 nus
307 527 586 585 facturus
615 528 694 583 sit
719 525 890 584 illum
918 525 1250 586 columnam
1279 528 1340 585 in
1364 528 1635 605 Templo,
1667 528 2037 603 significatur
2055 530 2215 606 quod
2238 534 2301 590 in

171 628 334 686 coelo
379 627 650 685 inferiori
688 632 900 701 erunt3
955 632 1095 684 sunt
1137 629 1316 685 etiam
1358 628 1447 686 illi
1488 629 1589 704 qui
1630 629 1691 686 in
1729 628 1847 687 fide
1890 630 2195 690 charitatis
2240 634 2301 692 in

170 727 352 787 Coelo
383 727 672 794 inferiori,
707 725 870 802 quod
897 724 1146 784 Coelum
1174 735 1423 788 vocatur
1445 727 1701 788 'Coelum
1729 729 2071 805 spirituale3
2106 739 2167 790 at
2194 735 2299 809 qui

167 833 221 887 in
273 844 488 885 amore
537 829 600 885 in
640 825 960 883 Dominum
1011 835 1180 900 sunt,
1249 829 1308 886 in
1351 828 1536 889 Coelo
1577 831 1873 904 superiori
1914 835 2081 904 sunt,
2138 833 2297 907 quod

171 927 418 988 Coelum
459 935 712 984 vocatur
756 924 1001 984 Coelum
1043 927 1334 1001 coeleste,
1380 934 1441 986 et
1476 929 1587 988 hoc
1635 933 2004 986 sustentatur
2045 947 2081 986 a
2109 930 2293 992 Coelo

167 1028 430 1086 inferiori
476 1041 589 1084 seu
633 1027 968 1101 spirituali:
1035 1027 1144 1086 sed
1185 1027 1258 1086 (10
1297 1028 1391 1086 his
1440 1029 1655 1087 clarior
1695 1027 1833 1086 idea
1857 1027 2069 1087 haberi
2094 1036 2297 1106 potest

173 1145 239 1187 ex
274 1128 398 1185 illis
447 1143 606 1200 quae
655 1128 716 1183 in
763 1124 964 1201 Opere
1005 1127 1080 1185 de
1125 1126 1326 1186 Coeno
1365 1147 1443 1186 111·
1480 1128 1755 1187 Ins-nano
1800 1129 1861 1184 in
1896 1128 2086 1188 tribus
2126 1129 2293 1188 Arti-

169 1227 314 1286 culis
363 1233 616 1284 ostensa
665 1233 830 1299 sunt,
905 1243 1121 1303 nempe
1182 1229 1244 1286 in
1299 1228 1573 1288 Articulo
1632 1226 1736 1286 ubi
1772 1235 2078 1286 ostensum
2134 1229 2295 1305 quod

87 1368 98 1374 .
167 1327 454 1386 Divinum
497 1326 738 1383 Domini
779 1327 838 1383 in
884 1325 1066 1384 Coelo
1113 1328 1192 1384 sit
1229 1345 1397 1385 amor
1433 1329 1493 1384 in
1522 1328 1729 1403 Ipsum
1776 1335 1835 1384 et
1860 1326 2119 1387 charitas
2150 1347 2293 1406 erga

165 1430 538 1502 proximum,
595 1444 670 1483 n:
725 1427 809 1484 13
857 1425 937 1482 ad
983 1430 1010 1484 1
1033 1429 1100 1500 95
1153 1429 1213 1484 10
1244 1428 1435 1487 011010
1473 1425 1575 1485 ubi
1610 1434 1915 1486 ostensum
1946 1428 2106 1503 quod
2134 1427 2292 1488 Coe·
2400 1437 2409 1447 “

167 1527 282 1584 lum
325 1528 676 1586 distinctum
711 1527 784 1583 sit
814 1529 874 1584 in
905 1527 1021 1584 duo
1047 1525 1276 1602 Regna,
1320 1527 1583 1586 coeleste
1624 1535 1684 1585 et
1709 1526 2055 1603 spirituale,
2094 1547 2163 1586 n:
2198 1530 2289 1586 20

163 1627 236 1684 ad
303 1612 437 1701 28'3
522 1634 584 1685 et
640 1627 700 1683 in
759 1627 969 1703 tertio,
1025 1627 1130 1684 ubi
1189 1633 1497 1685 ostensum
1548 1627 1709 1702 quod
1759 1633 1883 1685 tres
1945 1627 2100 1686 coeli
2150 1629 2285 1702 sint,

168 1745 232 1785 n:
277 1729 374 1785 29
423 1726 502 1784 ad
552 1728 663 1783 40.
745 1725 814 1786 In
856 1725 1056 1786 Verbo
1104 1729 1330 1801 passim
1373 1733 1776 1786 memorantur
1812 1726 2176 1799 Columnae,
2226 1734 2287 1786 et

168 1842 274 1901 per
314 1826 460 1884 illas
505 1825 913 1902 significantur
951 1825 1115 1885 Vera
1155 1827 1471 1902 inferiora,
1530 1843 1605 1884 ex
1644 1843 1829 1885 causa
1868 1829 2011 1902 quia
2046 1834 2287 1887 susten-

169 1934 294 1985 tant
335 1928 682 2002 superiora3
726 1926 884 2000 quod
909 1926 1015 1983 illa
1041 1927 1448 2002 significentur
1476 1943 1586 2002 per
1614 1927 1937 1985 Columnas
1973 1929 2033 1985 in
2063 1927 2285 2002 Verbo,

168 2033 448 2086 constare
518 2031 720 2100 potest
787 2043 822 2082 a
888 2026 1278 2101 sequentibus
1329 2026 1421 2084 his
1473 2026 1620 2084 locis
1654 2047 1669 2102 3
1750 2027 1911 2102 apud
1962 2027 2003 2084 J
2008 2031 2289 2087 eremiam

173 2125 386 2200 „Ecce
439 2123 592 2184 dedi
627 2129 685 2182 te
728 2123 915 2184 hodie
963 2124 1034 2184 in
1075 2126 1288 2186 urbem
1325 2124 1673 2194 munitam,
1720 2131 1778 2184 et
1824 2126 1895 2184 in
1934 2123 2291 2187 columnam

155 2227 330 2304 ferri
342 2271 360 2294 ,
411 2229 472 2283 et
516 2223 586 2283 in
619 2243 836 2284 muros
877 2224 1048 2284 aeri-s
1083 2230 1301 2286 contra
1338 2225 1704 2286 universam
1740 2231 1979 2285 terram
1996 2271 2011 2300 ,
2064 2232 2285 2287 contra

170 2325 384 2404 Reyes
419 2321 726 2393 Jelmdae,
762 2329 980 2384 contra
1003 2325 1359 2404 principes,
1398 2330 1459 2384 et
1492 2329 1717 2384 oonbra
1738 2323 2093 2385 sacerdotes
2128 2326 2285 2408 ejus,

167 2431 226 2483 et
261 2430 479 2485 contra
511 2421 816 2502 populum
849 2429 1070 2498 termae,
1107 2431 1181 2484 ut
1202 2429 1493 2505 pugnent
1526 2429 1745 2484 contra
1774 2429 1832 2483 te
1864 2429 1923 2482 et
1948 2445 2073 2485 non
2087 2445 2285 2504 prae-

175 2523 472 2584 vakauw
525 2525 584 2582 I:
635 2525 740 2582 182
789 2527 906 2598 193
957 2524 1110 2583 haec
1163 2525 1322 2583 dicta
1374 2532 1513 2583 sunt
1560 2524 1636 2582 ad
1685 2523 2082 2598 Prophetam,
2146 2527 2289 2600 quia

171 2642 290 2701 per
323 2641 524 2682 omnes
569 2623 896 2700 prophetas
946 2625 1356 2700 significantur
1389 2625 1715 2683 Doctrinae
1750 2625 1956 2682 Divini
1991 2623 2169 2692 Veri,
2224 2630 2287 2682 et

175 2727 314 2801 quia
343 2727 538 2800 agitur
572 2724 652 2781 ibi
688 2724 765 2781 de
791 2725 1068 2782 Ecclesia
1101 2727 1159 2782 in
1189 2742 1306 2799 qua
1331 2725 1555 2784 Divina
1582 2724 1747 2782 Vera
1780 2722 2097 2782 falsificata
2122 2729 2281 2796 sunt,

171 2825 302 2885 ideo
359 2825 592 2898 dicitur,
643 2823 779 2882 dedi
813 2831 874 2882 te
907 2824 1086 2882 hodie
1132 2827 1196 2882 in
1229 2825 1439 2882 urbem
1476 2827 1792 2898 munitam,
1842 2825 1903 2880 in
1948 2821 2284 2882 columnam

171 2925 339 2999 ferri,
387 2931 448 2983 et
479 2925 542 2981 in
578 2941 775 2982 muros
815 2927 968 2982 aeris
1009 2932 1216 2982 contra
1249 2927 1591 2985 universam
1630 2931 1878 2997 terram,
1929 2939 2040 2998 per
2076 2922 2283 2982 urbem

171 3029 460 3084 munitam
488 3025 850 3098 significatur
887 3024 1154 3083 doctrina
1187 3027 1343 3098 veri,
1384 3042 1495 3100 per
1530 3024 1864 3083 columnam
1900 3023 2040 3082 ferri
2074 3041 2286 3082 verum

171 3133 520 3184 sustentans
548 3124 731 3193 illam,
766 3142 876 3200 per
905 3141 1102 3183 muros
1133 3126 1291 3183 aeris
1328 3123 1548 3181 bonum
1586 3130 1803 3198 tutans,
1845 3129 1905 3182 et
1930 3141 2041 3199 per
2066 3129 2288 3182 terram

171 3225 471 3299 Ecclesia3
529 3224 742 3282 dicitur
779 3225 958 3282 etiam
1004 3231 1211 3284 contra
1247 3241 1430 3300 reges
1468 3224 1774 3295 Jehudae,
1820 3230 2028 3282 contra
2060 3226 2286 3300 princi-

169 3341 296 3398 peS,
337 3332 546 3384 contra
581 3324 924 3384 sacerdotes
965 3325 1114 3400 ejuS,
1157 3333 1216 3382 et
1251 3330 1459 3382 contra
1494 3325 1786 3401 populum
1821 3331 2037 3398 terrae,
2079 3342 2149 3384 00
2174 3341 2287 3400 per

173 3441 348 3500 reges
383 3424 660 3483 Jehudae
707 3441 778 3482 ac
825 3436 937 3500 per
971 3426 1274 3500 principes
1312 3425 1721 3500 significantur
1769 3442 1917 3483 vera
1950 3422 2285 3490 falsificata,

167 3539 276 3599 per
311 3524 659 3582 sacerdotes
707 3523 865 3581 bona
900 3507 1268 3594 adulterata,
1323 3531 1384 3582 et
1417 3543 1528 3599 per
1564 3523 1851 3600 populum
1898 3529 2093 3580 terrae
2131 3520 2287 3577 falsa

167 3625 224 3682 in
249 3641 494 3701 gener-e,
551 3623 625 3682 de
658 3623 752 3681 his
775 3623 989 3682 dicitur
1017 3624 1176 3699 quod
1209 3631 1546 3700 pugnatura
1580 3625 1697 3681 sint
1734 3628 1939 3678 contra
1974 3622 2109 3694 ipsa
2134 3635 2283 3678 vera

165 3725 272 3783 sed
307 3741 428 3782 000
461 3723 888 3799 praevalitura.
959 3723 1143 3799 Apud
1177 3723 1443 3782 Eundem
1506 3765 1544 3794 „
1556 3719 1883 3779 Constitue
1918 3717 2035 3776 tibi
2070 3718 2283 3797 siqua,

157 3842 320 3902 pone
371 3823 494 3883 tibi
543 3820 898 3898 columma,
952 3841 1194 3902 appone
1240 3842 1344 3882 cor
1390 3825 1573 3881 tuam
1621 3818 1710 3878 ad
1746 3817 2072 3886 semitam,
2108 3816 2285 3876 viam

165 3943 288 3998 eas,
327 3928 632 3983 revertere
659 3923 842 4002 viv-90
876 3920 1111 3995 Israel,
1145 3927 1447 3984 revertere
1472 3918 1561 3978 ad
1586 3917 1769 3978 urbes
1796 3918 1991 3977 tuas“
2030 3915 2283 3976 XXXI:

169 4027 292 4097 213
350 4026 546 4099 agitur
596 4023 679 4082 ibi
715 4024 789 4083 de
825 4024 1136 4083 Ecclesiae
1172 4022 1580 4092 restitutione,
1636 4020 1805 4094 virgo
1842 4017 2035 4076 Israe'l
2084 4019 2279 4095 signi-

163 4123 302 4182 ficat
335 4123 673 4183 Ecclesiam
685 4143 701 4199 3
757 4126 1119 4182 constituere
1155 4125 1328 4198 signa
1365 4127 1425 4180 et
1455 4136 1682 4196 ponere
1720 4118 2027 4178 columnas
2094 4120 2289 4196 signi-

165 4223 304 4282 flcat
351 4225 806 4284 instructionem
863 4225 924 4281 in
965 4223 1186 4281 talibus
1239 4215 1395 4296 quae
1449 4219 1918 4278 fundamentalia
1970 4219 2283 4280 Ecclesiae
