2700 4792
361 361 598 418 cAru'r
655 361 1060 421 SECUNDUM.
1698 361 1913 418 VERS=
1953 373 2047 440 1⁷·
2209 378 2317 430 1⁹5

193 524 490 603 gentibus
546 529 748 596 erant,
801 529 864 582 et
907 525 1014 605 qui
1065 525 1126 582 in
1172 523 1286 582 hoo
1329 523 1597 600 jucundo
1650 530 1823 600 sunt,
1892 541 2143 602 prorsus
2197 545 2317 590 non

193 629 360 686 scire
402 629 670 701 possunt
705 623 935 700 aliquid
969 622 1044 682 de
1080 623 1353 700 jucundo
1391 623 1643 683 coelesti
1659 644 1677 699 3
1734 625 1895 700 quod
1928 625 2034 686 filii
2068 628 2315 689 Israelis

191 727 362 786 tales
401 726 651 799 fuerint,
705 724 984 784 videatur
1015 725 1078 782 in
1111 723 1438 783 Docssum
1470 723 1687 786 Nova:
1718 726 2205 788 Hmuosonnun
2240 747 2313 790 n:

205 828 382 886 248.
478 825 826 886 Jucundum
877 825 1124 900 dieitur,
1181 841 1254 883 ac
1291 824 1647 901 intelligitur
1694 827 2025 904 jucundum
2076 833 2313 905 amoris,

193 945 343 987 nam
395 943 574 986 omne
616 926 948 1003 jucundum
995 928 1158 985 vitae
1207 931 1300 985 est
1343 927 1582 984 amoris,
1672 926 1831 1004 Quia
1864 934 1960 987 est
1983 929 2317 1006 jucundum

113 1079 120 1084 .
200 1029 438 1088 amoris
473 1027 755 1086 coelestis
793 1026 953 1104 quod
985 1043 1097 1103 per
1133 1027 1312 1086 edere
1362 1043 1437 1086 ex
1484 1025 1707 1086 Manna
1740 1028 2089 1090 abscondito
2125 1033 2313 1107 signi-

197 1129 444 1204 ficatur,
481 1128 620 1188 ideo
655 1127 718 1186 id
749 1134 1006 1187 vocatur
1040 1127 1223 1187 Panis
1263 1127 1566 1187 coelorum
1604 1128 1765 1204 apud
1800 1129 2097 1190 Davidem
2151 1130 2313 1205 „Je-

195 1227 418 1292 Ῐιουαή
442 1227 770 1308 praecepit
803 1225 1160 1288 aetheribus
1202 1226 1501 1307 desuper,
1548 1232 1611 1287 et
1644 1228 1816 1289 ostia
1849 1226 2161 1291 coeloram
2183 1250 2313 1310 pa-

193 1329 453 1413 tefecit,
501 1333 562 1388 et
595 1325 888 1407 cleptum
913 1327 1080 1408 fecit
1129 1347 1320 1408 cuper
1360 1347 1465 1388 eos
1502 1347 1654 1388 man
1686 1328 1759 1390 in
1791 1330 2027 1402 cibum,
2075 1335 2135 1390 et
2154 1332 2313 1412 sru-

197 1437 492 1494 noentum
530 1427 838 1490 coelorum
873 1426 1056 1489 dedit
1091 1426 1279 1490 mist
1332 1429 1569 1489 Psalm:
1624 1429 1991 1491 LXXVIII:
2034 1433 2147 1492 23.
2192 1436 2314 1492 24:

201 1541 270 1594 et
317 1531 470 1591 alibi
533 1528 863 1605 „Jelwvah
911 1547 1086 1609 pane
1133 1527 1447 1590 coelorum
1488 1530 1815 1591 saturavit
1862 1533 2012 1591 e08“
2074 1533 2313 1593 Psalm:

199 1633 343 1694 CV:
399 1633 524 1691 40:
604 1634 777 1708 panis
831 1630 1134 1690 coelorum
1188 1631 1433 1706 dicitur,
1488 1633 1629 1708 quia
1674 1632 2005 1710 depluebat
2055 1651 2089 1696 e
2142 1634 2314 1694 coelo

197 1753 341 1795 cum
392 1749 563 1807 rore,
639 1731 750 1792 sed
785 1735 846 1790 in
893 1747 1077 1791 sensu
1121 1731 1423 1809 spirituali
1474 1729 1689 1792 dicitur
1746 1735 1921 1812 panis
1982 1734 2309 1806 coelorum,

193 1838 346 1913 quia
385 1833 594 1894 defluit
629 1850 668 1890 a
700 1833 958 1893 Domino
999 1850 1112 1909 per
1147 1833 1399 1896 Coelum
1432 1832 1823 1909 Angelicum,
1878 1837 1941 1894 in
1974 1834 2089 1895 hoc
2126 1853 2313 1896 sensu

197 1952 322 1996 non
366 1934 532 1994 alind
569 1933 816 1995 Coelum
853 1933 1234 2010 intelligitur,
1293 1941 1354 1993 et
1388 1951 1507 1992 non
1550 1933 1701 1993 alius
1746 1937 1923 2012 panis
1980 1954 2161 2013 quam
2208 1939 2312 2012 qui

197 2039 396 2096 nutrit
429 2038 688 2094 animam
722 2034 1010 2111 hominis:
1066 2035 1226 2112 quod
1263 2037 1437 2112 panis
1482 2035 1581 2094 hic
1615 2037 1676 2094 in
1710 2035 1823 2096 hoo
1868 2053 2051 2096 sensu
2084 2037 2310 2097 intelli-

199 2137 444 2216 gentius
489 2139 598 2211 sit,
653 2141 894 2195 constat
929 2152 1006 2194 ex
1053 2137 1204 2213 ipsis
1251 2135 1493 2194 Domini
1536 2134 1737 2196 verbis
1776 2137 1938 2213 apud
1971 2137 2312 2198 ,Iohannem

205 2284 244 2314 „
263 2236 462 2314 Quod
492 2236 644 2317 Ipse
674 2235 768 2298 eit
818 2233 1068 2295 Manna
1100 2255 1212 2297 eeu
1245 2234 1461 2296 Panic
1490 2236 1603 2316 qui
1646 2254 1681 2295 e
1722 2235 1905 2297 Coelo
1942 2235 2312 2299 descendit“

201 2340 336 2398 VI:
383 2340 464 2398 31
505 2339 581 2396 ad
617 2339 738 2398 58:
799 2343 860 2395 et
907 2337 1073 2412 apud
1120 2337 1334 2397 Mosen
1384 2335 1631 2414 „Quod
1680 2334 1963 2398 Jehovah
2014 2337 2315 2400 cibaverit

199 2459 314 2500 eoe
351 2458 586 2498 manna
602 2483 618 2512 ,
680 2443 756 2498 ut
803 2435 1047 2498 doceret
1095 2437 1266 2516 quod
1296 2456 1423 2498 non
1457 2456 1578 2517 per
1611 2456 1847 2518 pamm
1881 2435 2090 2498 solum
2139 2438 2315 2498 vivat

211 2539 440 2607 homo,
511 2537 618 2597 sed
670 2557 786 2617 per
845 2555 1024 2598 omne
1080 2538 1481 2600 enuntiatum
1532 2538 1669 2598 orie
1730 2537 2050 2598 Jehovae“
2115 2538 2312 2599 Dent:

220 2638 410 2698 VIII:
467 2640 502 2698 3
523 2659 541 2715 3
616 2642 982 2698 enuntiatum
1018 2641 1138 2699 oris
1179 2639 1457 2701 Jehovae
1495 2646 1588 2699 est
1635 2657 1807 2698 omne
1846 2637 2007 2715 quod
2041 2637 2317 2716 procedit

209 2757 288 2800 ex
343 2739 629 2814 Domino,
693 2747 755 2800 et
797 2739 914 2800 hoc
953 2741 1016 2798 in
1067 2743 1272 2816 specie
1323 2747 1417 2800 est
1467 2740 1749 2799 Divinum
1802 2739 2033 2798 Verum
2084 2740 2315 2798 unitum

204 2841 432 2900 Divino
465 2840 673 2917 Bono,
736 2839 1014 2900 videatur
1052 2843 1118 2898 in
1165 2840 1369 2918 Opere
1423 2840 1499 2901 de
1540 2838 1744 2900 Ounno
1786 2859 1863 2899 nv
1902 2838 2199 2915 Ina-nano,
2245 2857 2315 2898 n:

222 2943 330 3002 13.
380 2944 538 3002 133.
599 2943 758 3003 139.
822 2942 982 3000 140.
1042 2943 1182 3000 284
1215 2941 1294 3001 ad
1323 2943 1486 3001 290..
1575 2941 1707 3002 Hoc
1750 2940 2083 3020 jucundum
2134 2943 2317 3001 etiam

207 3039 574 3102 describitur
605 3059 722 3120 per
765 3041 1329 3118 correspondentias
1378 3043 1541 3119 apud
1588 3042 1801 3103 Mosen
1848 3039 2056 3117 „Man
2106 3059 2312 3122 appa·

203 3143 346 3204 nait
395 3141 591 3222 quasi
623 3158 829 3204 semen
863 3140 1194 3203 coriandri
1239 3140 1483 3218 album,
1530 3147 1592 3202 et
1629 3161 1823 3224 sapor
1858 3142 2027 3204 sicut
2048 3138 2310 3222 placen-

202 3247 310 3304 tae
353 3240 538 3304 melle
583 3243 926 3304 subactast
975 3242 1180 3304 Exod:
1217 3243 1404 3304 XVI:
1450 3244 1531 3303 31
1564 3265 1579 3301 ε
1644 3252 1705 3304 et
1756 3244 1899 3303 alibi
1946 3243 2112 3322 apud
2143 3243 2311 3304 Eun-

207 3343 348 3404 dem
383 3343 744 3419 „Feoemmt
775 3363 856 3406 σω
881 3361 951 3404 eo
980 3339 1344 3423 placentae,
1387 3361 1583 3422 sapor
1616 3344 1752 3426 ejus
1786 3348 1924 3405 erat
1950 3343 2117 3404 sieut
2142 3343 2317 3404 succi

203 3441 382 3505 olei“
415 3444 604 3505 Num:
643 3444 776 3505 XI:
821 3450 880 3505 7.
926 3447 987 3505 8.
1051 3444 1194 3504 Man
1230 3445 1393 3522 quod
1426 3444 1548 3504 tale
1586 3451 1751 3506 esset
1787 3444 1986 3523 quoad
2019 3444 2218 3502 visum
2254 3449 2317 3501 et

199 3563 518 3624 saporem,
575 3553 706 3605 erat
751 3549 898 3624 qnia
939 3561 1148 3630 semen
1184 3546 1483 3606 coriandri
1526 3545 1731 3605 album
1771 3544 2067 3622 significat
2102 3539 2315 3601 vei-um

201 3663 282 3706 ex
329 3647 560 3723 origine
609 3647 889 3721 coelesti,
951 3647 1237 3723 placenta
1280 3647 1505 3706 bonum
1558 3647 1777 3706 amoris
1824 3643 2135 3716 coelestia,
2195 3640 2317 3702 mel

200 3747 340 3825 ejus
380 3746 716 3824 jucundum
761 3754 1111 3821 externum,
1188 3747 1388 3808 oleum
1432 3749 1631 3822 ipsum
1687 3744 1860 3804 illum
1907 3756 2201 3810 amorem,
2254 3746 2318 3800 et

196 3835 424 3908 succus
450 3847 596 3924 ‘ejus
633 3863 706 3906 ex
743 3865 862 3925 quo
903 3865 1116 3926 sapor,
1167 3847 1502 3925 jucundum
1550 3846 1681 3923 ejus
1721 3846 2054 3916 internum,
2110 3841 2317 3919 pluvia
2419 3889 2429 3905 ,

200 3965 340 4008 cum
390 3965 558 4022 rore,
613 3950 674 4007 iu
711 3965 828 4026 quo
866 3949 978 4008 fuit
1021 3965 1266 4024 manna,
1321 3947 1613 4007 influxum
1648 3945 1852 4004 Divini
1888 3942 2039 4005 Veri
2082 3946 2145 4004 in
2194 3957 2318 4021 quo

195 4048 259 4108 id
285 4049 646 4126 jucundum.
729 4048 906 4126 Quod
955 4066 1165 4108 semen
1199 4047 1495 4127 significet
1529 4063 1741 4108 verum
1777 4062 1854 4106 ex
1889 4048 2118 4124 origine
2166 4061 2313 4108 coe-

198 4149 370 4226 lesti,
435 4149 715 4210 videatur
770 4169 842 4209 n:
907 4151 1119 4211 3038.
1189 4151 1403 4211 3373.
1477 4149 1739 4208 10248.
1814 4149 2089 4208 10249;
2156 4144 2319 4224 quod
2397 4181 2405 4186 -

197 4249 403 4310 album
437 4251 674 4312 dicatur
707 4250 782 4310 de
817 4251 924 4310 illo
959 4269 1130 4326 vere,
1169 4269 1241 4310 n:
1288 4252 1501 4310 3301.
1557 4249 1771 4310 3993.
1824 4250 2038 4309 4007.
2094 4247 2307 4308 5319.
2352 4253 2514 4319 [134]

1754 4353 1781 4406 1
1804 4350 1838 4406 3
1863 4343 1898 4381 *
