2700 4792
433 377 542 430 ult
811 363 1306 419 APOCALYPSIS
1349 362 1790 424 EXPLICATA.
1874 361 1921 431 5.
1968 371 2097 424 114.

433 625 698 702 rejectus
733 630 793 683 et
827 629 1028 683 tamen
1062 623 1138 682 ab
1171 621 1316 700 Ipso
1354 625 1479 682 vita
1514 629 1791 697 aeterna,
1852 627 2087 682 constat
2122 637 2199 680 ex
2236 623 2538 698 signifiea-

435 729 596 784 tione
633 729 904 784 mortuus
931 739 1096 793 esse,
1152 739 1288 782 eum
1325 723 1399 782 de
1436 722 1725 792 Domino,
1762 722 1923 798 quod
1962 723 2045 782 sit
2080 721 2345 798 rejectus
2394 739 2541 794 esse,

437 825 512 886 de
549 841 671 907 qua
703 839 890 899 supra
937 842 1008 882 n:
1067 825 1153 883 83
1170 843 1188 900 3
1241 830 1306 883 et
1362 839 1437 882 ex
1484 821 1917 899 significatione
1962 825 2201 891 vivere,
2256 823 2431 898 quod
2472 825 2543 882 sit

437 924 598 1002 quod
650 923 726 982 ab
780 921 928 1002 Ipso
986 924 1112 982 vita
1173 930 1447 997 aeterna,
1516 922 1591 982 de
1641 939 1760 998 qua
1808 925 1991 982 etiam
2037 938 2225 998 supra
2278 940 2353 982 n:
2438 925 2536 982 84.

436 1025 732 1088 Dominus
765 1023 1028 1101 reiectus
1057 1023 1303 1097 dieitur,
1360 1039 1495 1082 cum
1530 1039 1649 1080 non
1688 1022 1890 1081 aditur
1916 1029 1978 1081 et
2012 1020 2259 1092 colitur,
2298 1029 2367 1082 et
2402 1039 2542 1100 quo-

439 1143 556 1204 que
593 1123 735 1182 dum
771 1123 967 1182 aditur
1003 1129 1064 1182 et
1115 1122 1333 1182 colitur
1367 1122 1565 1182 solum
1602 1121 1801 1197 quoad
1834 1122 2180 1182 Humanum
2212 1137 2403 1181 suum
2418 1167 2439 1198 ,
2490 1129 2541 1182 et

435 1243 558 1286 non
594 1223 770 1282 simul
807 1223 1008 1306 quoad
1038 1223 1350 1290 Divinum;
1402 1238 1588 1298 quare
1624 1223 1891 1298 rejicitur
1922 1220 2103 1282 hodie
2124 1223 2291 1280 intra
2324 1223 2536 1283 Eccle-

437 1329 590 1386 siam
631 1324 708 1384 ab
757 1321 878 1382 illis
929 1325 1034 1399 qui
1085 1340 1202 1381 non
1247 1321 1459 1398 Ipsum
1514 1321 1739 1380 adeunt
1792 1327 1852 1381 et
1904 1321 2141 1397 colunt,
2196 1321 2311 1382 sed
2374 1327 2539 1382 orant

437 1427 680 1486 Patrem
713 1430 781 1482 ut
823 1425 1181 1482 misereatur
1212 1428 1463 1499 propter
1496 1421 1739 1495 Filium,
1802 1439 1935 1482 cum
1998 1429 2199 1480 tamen
2244 1439 2538 1500 nusquam

440 1526 659 1604 aliquis
713 1522 892 1582 homo
939 1540 1052 1582 nee
1105 1521 1377 1599 Angelus
1428 1528 1634 1598 potest
1686 1521 1851 1582 adiro
1904 1522 2173 1595 Patrem,
2230 1527 2296 1582 et
2333 1521 2536 1602 Ipsum

437 1623 778 1686 immediate
833 1624 1031 1683 colere
1053 1665 1070 1694 ,
1135 1630 1228 1682 est
1275 1625 1435 1682 enim
1488 1621 1772 1680 Divinum
1823 1621 2152 1696 invisibile,
2218 1638 2359 1682 eum
2416 1622 2535 1700 Quo

440 1743 613 1784 nemo
666 1724 947 1801 conjungi
993 1722 1110 1782 fide
1151 1729 1212 1782 et
1263 1739 1467 1782 amore
1528 1728 1760 1797 potest3
1816 1722 1979 1798 quod
2032 1724 2189 1782 enim
2240 1722 2533 1782 invisibile

442 1831 572 1894 est,
633 1824 748 1882 hoe
793 1840 912 1882 non
968 1823 1127 1882 cadit
1175 1824 1234 1880 in
1287 1822 1486 1882 ideam
1534 1824 1945 1898 cogitationis,
2014 1827 2075 1880 et
2120 1820 2257 1881 ideo
2310 1841 2427 1882 nee
2484 1825 2534 1880 in

441 1923 815 1982 affectionem
850 1923 1204 1996 voluntatis,
1246 1930 1306 1982 et
1341 1923 1503 2026 quod
1535 1939 1654 1980 non
1694 1923 1855 1982 eadit
1890 1925 1949 1981 in
1982 1922 2183 1981 ideam
2216 1924 2530 1999 cogitatio·

441 2027 552 2099 nis,
590 2022 702 2081 hoo
738 2038 852 2082 nec
886 2023 1046 2082 cadit
1071 2025 1131 2080 in
1169 2023 1366 2098 fidem,
1397 2040 1533 2082 nam
1572 2039 1727 2098 quae
1770 2021 1910 2081 fidei
1954 2028 2143 2096 erunt,
2188 2022 2532 2098 cogitabun-

441 2129 568 2198 tur,
607 2129 670 2181 et
705 2138 942 2198 quoque
981 2123 1138 2198 quod
1178 2141 1298 2183 non
1333 2124 1517 2182 intrat
1541 2123 1601 2180 in
1640 2121 2015 2182 affectionem
2050 2121 2397 2197 voluntatis,
2432 2122 2532 2180 hoe

441 2240 553 2282 nee
587 2224 770 2280 intrat
801 2223 863 2279 in
891 2240 1169 2298 amorem,
1201 2239 1338 2280 nam
1377 2240 1531 2307 quae
1560 2223 1777 2280 amoris
1808 2227 1999 2292 erunt,
2030 2221 2295 2280 afficient
2318 2222 2527 2282 volun-

441 2330 626 2381 tatem
660 2323 942 2399 hominiS,
997 2325 1058 2380 in
1091 2323 1206 2382 hae
1243 2325 1402 2382 enim
1436 2321 1659 2382 residet
1694 2325 1885 2381 omnis
1922 2339 2087 2384 amor
2122 2323 2227 2398 qui
2290 2327 2387 2382 est
2424 2322 2527 2380 ho·-

440 2424 614 2498 mini,
665 2423 942 2481 videatur
991 2424 1318 2482 Docrnnu
1364 2423 1578 2483 Noun
1634 2421 2149 2498 Hmnosommn,
2204 2439 2276 2482 n:
2336 2424 2422 2480 28
2460 2421 2534 2480 ad

447 2524 566 2584 35:
623 2531 684 2582 at
719 2523 1006 2590 Divinum
1040 2523 1383 2582 Humanum
1418 2523 1661 2582 Domini
1696 2522 1855 2583 cadit
1894 2525 1956 2581 in
1990 2523 2189 2582 ideam
2224 2524 2529 2600 cogitatio-

441 2627 534 2684 n‘is
581 2631 642 2684 et
679 2627 768 2684 sie
819 2626 882 2682 in
935 2623 1112 2682 fidem
1135 2665 1152 2694 ,
1216 2628 1277 2682 et
1329 2623 1467 2682 inde
1520 2625 1583 2682 in
1636 2622 2007 2683 affectionem
2056 2604 2387 2682 voluntatis
2436 2639 2532 2682 seu

445 2743 707 2784 amorem
725 2745 740 2800 3
815 2725 954 2782 inde
1005 2730 1174 2801 patet.
1230 2722 1393 2799 quod
1436 2723 1601 2782 nulla
1648 2723 1985 2800 conjunctio
2028 2725 2109 2782 sit
2166 2741 2307 2783 cum
2366 2722 2532 2782 Patre

442 2828 559 2884 nisi
595 2843 631 2882 a
663 2825 920 2883 Domino
959 2831 1020 2884 et
1058 2827 1118 2882 in
1155 2824 1442 2898 Domin03
1494 2822 1610 2882 hoe
1654 2840 1947 2899 perquam
1996 2823 2157 2883 clare
2194 2823 2373 2883 docet
2407 2821 2530 2899 Ipse

444 2925 738 2983 Dominus
789 2925 952 3000 apud
985 2923 1441 3001 Evangelistas;
1496 2924 1660 2999 apud
1694 2923 2033 2983 Johannem
2069 2921 2342 2998 „Deum
2370 2938 2529 2982 neom

449 3020 616 3082 vidit
653 3041 958 3102 unquam,
1020 3023 1397 3104 uniyenitas
1430 3021 1655 3104 Filius
1698 3021 1835 3098 Qui
1866 3021 1939 3082 in
1980 3022 2130 3084 sinu
2163 3021 2399 3084 Pata-is
2432 3025 2527 3092 est,

245 3133 410 3196 [102]
452 3121 602 3202 Ipse
624 3125 965 3202 emposuit“
1005 3123 1066 3184 1:
1115 3129 1142 3183 1
1163 3127 1223 3183 8.
1273 3123 1457 3200 Apud
1484 3123 1755 3182 Eundem
1793 3121 2053 3202 „Neque
2086 3141 2291 3183 vocem
2316 3119 2532 3184 Patm‘s

443 3221 793 3284 audivistis
825 3241 1123 3302 unquam,
1172 3242 1364 3303 neque
1396 3223 1663 3302 speciem
1687 3221 1913 3302 Ipsius
1946 3221 2261 3284 vidistis“
2297 3223 2390 3282 V:
2432 3223 2524 3282 37.

441 3324 622 3402 Apud
657 3324 1031 3384 Matthaeum
1071 3320 1316 3396 „Nemo
1351 3323 1673 3403 coquo-soit
1705 3319 1973 3383 Patrem
2004 3322 2142 3383 nisi
2172 3319 2429 3394 Filius,
2482 3323 2532 3378 et

441 3424 549 3485 oui
581 3422 808 3484 Filius
847 3418 986 3482 vult
1017 3419 1340 3502 revelas-&⁶²
1376 3423 1500 3482 XI:
1558 3427 1593 3481 2
1612 3429 1670 3481 7.
1749 3421 1933 3499 Apud
1969 3423 2312 3484 Johannem
2350 3419 2529 3500 „Eyo

440 3543 586 3586 sum
619 3523 754 3598 via,
813 3521 1074 3592 veritas,
1111 3527 1170 3581 et
1205 3522 1342 3582 vita
1354 3567 1371 3597 ,
1426 3541 1601 3582 nemo
1637 3523 1807 3583 venit
1844 3521 1935 3582 ad
1968 3520 2236 3584 Patrem
2266 3521 2406 3582 nisi
2426 3535 2533 3600 per

440 3621 600 3683 Me“
659 3621 842 3681 XIV:
905 3623 962 3680 6.
1032 3622 1214 3698 Apud
1261 3623 1540 3681 Eundem
1569 3619 1697 3696 „Si
1734 3619 1843 3680 Me
1888 3621 2297 3702 coynoscitis,
2354 3619 2534 3681 etiam

441 3721 708 3782 Patrem
743 3739 948 3780 meum
975 3721 1357 3800 ooynoscitis
1369 3742 1398 3794 ;
1436 3722 1497 3781 is
1530 3721 1643 3801 qui
1674 3719 1785 3780 Me
1810 3720 2003 3791 videt,
2038 3721 2212 3782 videt
2236 3719 2499 3782 Patrem
2508 3734 2533 3788 ,·

441 3815 746 3900 Philipps
761 3864 778 3896 ,
832 3837 1030 3882 nonne
1075 3821 1284 3884 credis
1299 3865 1318 3896 ,
1372 3819 1539 3900 quod
1574 3820 1725 3901 Eyo
1776 3821 1848 3882 in
1898 3820 2101 3882 Patre
2142 3825 2201 3880 et
2234 3821 2437 3882 Pater
2473 3816 2533 3876 in

443 3917 582 3994 Me,
638 3917 870 3980 credite
899 3919 1075 3982 Mihi
1105 3919 1275 4000 quod
1317 3919 1471 4002 Eyo
1514 3920 1585 3981 in
1628 3919 1863 3996 Patre,
1917 3925 1977 3992 et
2023 3919 2228 3982 Pater
2272 3919 2346 3981 in
2389 3915 2530 3978 ΛΜ

441 4017 622 4079 XIV:
686 4025 718 4079 7
754 4021 830 4079 ad
866 4023 893 4079 l
917 4026 986 4098 13
1043 4028 1104 4081 et
1140 4019 1355 4101 „quod
1388 4020 1591 4081 Pater
1640 4025 1701 4080 et
1742 4019 2077 4082 Dominus
2128 4039 2329 4082 unum
2363 4015 2525 4078 ὠτία

442 4118 602 4196 Cap:
639 4119 736 4182 X:
803 4123 912 4181 30.
963 4123 1050 4182 38
1079 4144 1132 4188 ε,
1175 4121 1336 4199 apud
1374 4121 1646 4180 Eundem
1712 4119 1909 4200 „qu
1970 4139 2116 4182 sum
2175 4117 2379 4193 Vitis,
2432 4129 2529 4175 vos

430 4217 765 4297 palmites,
818 4219 955 4280 sine
995 4219 1103 4280 Me
1127 4239 1252 4280 'non
1274 4221 1550 4298 potestis
1572 4220 1793 4299 faeere
1828 4220 2207 4299 quicquam0‘
2266 4218 2415 4280 XV:
2472 4213 2521 4270 5·

593 527 756 582 114.
813 523 934 599 Qui
985 522 1098 582 suit
1148 529 1419 584 mortuus
1476 529 1537 582 et
1584 524 1765 597 vivit,
1822 520 1983 599 quod
2030 519 2331 598 significet
2386 523 2539 600 quod
2635 3 2673 502 1

2660 2399 2666 2442 ι
