2700 4792
431 322 504 377 40
876 307 1368 364 APOCALYPSIS
1409 305 1843 368 EXPLICATA.
1904 306 1953 376 §.
1996 316 2089 369 86.

430 466 673 542 ultima,
731 473 790 524 et
825 466 913 524 sic
949 466 1147 524 omnia
1182 463 1335 524 coeli
1372 466 1432 522 in
1470 470 1809 523 aeternum:
1862 463 2006 523 dicit
2039 463 2362 539 Dominus,
2420 465 2549 541 Qui

431 569 543 628 Est
577 574 638 625 et
673 567 790 643 Qui
825 567 964 625 Fuit
998 572 1059 624 et
1095 563 1213 640 Qui
1248 564 1585 638 Venturus,
1637 563 1933 640 signifieat
1978 563 2055 622 ab
2106 563 2253 640 Ipso
2288 563 2410 640 Qui
2443 572 2549 624 est

434 686 608 728 omne
660 670 720 725 in
756 664 1026 725 omnibus
1068 663 1236 725 Coeli
1273 672 1333 724 et
1365 663 1678 724 Ecclesiae
1715 663 1792 722 ab
1828 670 2075 724 aeterno
2109 667 2170 724 in
2206 671 2546 740 aeternum,

435 775 496 828 et
531 767 842 828 Jehovah:
893 765 1010 842 Qui
1047 765 1469 842 Omnipotens,
1505 764 1802 843 significat
1838 782 1913 824 ex
1948 763 2047 825 Se.

277 869 399 933 [30]
595 870 707 927 36.
774 867 931 926 Ecce
966 867 1130 925 venit
1165 882 1300 925 cum
1336 864 1628 940 nubibus,
1690 864 1848 942 quod
1882 864 2178 942 significet
2212 864 2370 942 quod
2402 865 2546 924 Do-

436 971 628 1029 minus
668 967 748 1029 Se
783 964 1160 1026 revelaturus
1195 962 1258 1025 in
1287 964 1496 1025 Verbo
1529 983 1641 1042 per
1674 981 1916 1025 sensum
1951 967 2266 1036 internum,
2303 971 2550 1025 constat

437 1088 515 1131 ex
549 1066 979 1146 significatione
1013 1068 1255 1137 venire,
1308 1083 1444 1126 cum
1479 1065 1553 1125 de
1588 1066 1875 1142 Domino,
1934 1065 2094 1143 quod
2141 1065 2220 1124 sit
2253 1081 2321 1125 se
2356 1083 2544 1125 reve-

435 1171 594 1245 lare;
651 1174 712 1228 et
747 1185 822 1227 ex
866 1165 1301 1243 significatione
1336 1165 1612 1241 nubium,
1670 1165 1827 1242 quod
1875 1167 1994 1224 sint
2037 1165 2260 1224 DIvina
2296 1183 2443 1225 vera
2478 1168 2549 1224 in

435 1268 689 1341 ultimi-⁴3,
737 1270 823 1327 ita
856 1266 1126 1327 Verbum
1174 1268 1237 1325 in
1283 1266 1489 1340 litera,
1545 1284 1683 1324 nam
1732 1265 1999 1325 Verbum
2048 1266 2245 1341 quoad
2292 1282 2545 1325 sensum

434 1370 647 1430 literae
695 1374 792 1430 est
822 1367 1105 1426 Divinum
1139 1367 1366 1427 Verum
1401 1368 1462 1425 in
1505 1366 1758 1442 ultimis3
1814 1372 1874 1425 et
1922 1369 2062 1442 quia
2095 1365 2545 1442 unumquodvis

434 1471 518 1530 ibi
567 1470 831 1530 continet
879 1484 1124 1527 sensum
1181 1469 1479 1526 internum
1526 1483 1637 1526 seu
1696 1466 2095 1544 spiritualem,
2149 1466 2285 1526 ideo
2332 1468 2546 1525 venire

436 1589 574 1632 cum
608 1569 895 1638 nubibuS,
933 1575 1028 1627 est
1053 1567 1324 1628 revelare
1355 1567 1434 1626 Se
1460 1585 1570 1645 per
1605 1567 1775 1626 illum
1808 1582 2070 1626 sensum.
2128 1566 2305 1643 Quod
2327 1566 2547 1626 Nubes

434 1671 663 1731 Divina
686 1669 852 1728 Vera
884 1670 947 1727 in
982 1667 1206 1729 ultimis
1240 1668 1606 1745 significent,
1665 1674 1757 1727 est
1794 1685 1869 1727 ex
1904 1669 2273 1743 apparentiis
2308 1669 2369 1724 in
2406 1668 2543 1743 spi-

435 1769 641 1830 rituali
689 1768 938 1844 mundo3
993 1769 1074 1826 ibi
1120 1776 1418 1845 apparent
1455 1768 1662 1829 Nubes
1698 1771 1759 1826 in
1800 1769 1968 1826 varia
2010 1768 2177 1842 luce,
2229 1769 2291 1826 iu
2323 1767 2547 1826 Intimo

439 1888 554 1930 sen
591 1870 794 1930 Tertio
829 1868 1011 1928 Coelo
1051 1872 1112 1928 in
1144 1869 1449 1944 flammea,
1499 1871 1563 1927 in
1594 1869 1793 1928 Medio
1829 1885 1939 1928 seu
1976 1866 2252 1928 Secundo
2288 1870 2351 1926 in
2390 1885 2542 1926 can-

438 1971 606 2046 dida,
663 1971 847 2030 acin
892 1968 1114 2030 Ultimo
1163 1986 1274 2028 seu
1319 1970 1519 2029 Primo
1569 1971 1629 2028 in
1690 1969 1977 2043 densiori,
2036 1976 2096 2027 et
2149 1970 2402 2052 quisque
2457 1968 2545 2026 ibi

439 2074 661 2146 novit,⁸
694 2070 853 2148 quod
886 2070 1218 2147 significent
1249 2070 1535 2130 Divinum
1577 2071 1807 2131 Verum
1844 2087 1881 2128 a
1904 2069 2160 2128 Domino
2194 2086 2305 2146 per
2329 2069 2543 2146 Ange-

436 2173 532 2232 los
551 2218 567 2248 ,
622 2189 759 2230 nam
810 2187 946 2231 cum
987 2170 1274 2229 Divinum
1324 2169 1551 2231 Verum
1588 2170 1923 2248 procedens
1968 2187 2006 2228 a
2038 2169 2329 2245 Domino,
2382 2169 2546 2245 quod

439 2280 536 2333 est
567 2275 704 2350 ipsa
737 2271 871 2331 Lux
907 2271 1087 2346 coeli,
1145 2274 1360 2331 transit
1391 2271 1694 2349 Angelos,
1750 2276 2006 2348 apparet
2038 2271 2100 2329 id
2134 2273 2292 2330 sicut
2324 2269 2543 2339 nubeS,

437 2375 646 2452 purior
688 2378 748 2433 et
793 2372 1032 2432 densior
1066 2372 1395 2431 seeundum
1430 2372 1883 2449 intelligentiam
1926 2389 2129 2430 eorum
2143 2391 2162 2447 3
2216 2371 2371 2428 tales
2406 2370 2540 2428 Nu-

437 2475 548 2534 bes
595 2473 740 2534 mihi
783 2474 1086 2532 multoties
1137 2474 1304 2533 visae
1364 2481 1533 2545 sunt,
1604 2479 1665 2532 et
1709 2489 1949 2549 quoque
1994 2477 2351 2548 perceptum
2400 2470 2543 2546 quid

439 2575 798 2652 significant,
837 2574 975 2634 inde
1005 2581 1128 2644 est,
1167 2575 1325 2649 quod
1360 2592 1473 2650 per
1506 2573 1729 2645 nubes,
1769 2573 1979 2650 quales
2009 2578 2306 2649 apparent
2340 2588 2544 2629 coram

439 2676 629 2737 oculis
679 2675 984 2735 hominum
1038 2678 1099 2734 in
1146 2675 1397 2748 mundo,
1454 2674 1823 2751 significetur
1864 2674 2150 2733 Divinum
2204 2673 2436 2733 Verum
2484 2674 2543 2729 in

438 2776 667 2836 ultimis
681 2819 701 2848 ,
771 2783 830 2835 et
858 2825 859 2828 ,
885 2778 1026 2853 quia
1072 2773 1342 2833 Verbum
1395 2776 1455 2832 in
1503 2776 1679 2834 litera
1728 2779 1821 2834 est
1867 2774 2155 2833 Divinum
2205 2773 2438 2831 Verum
2485 2775 2547 2831 iu

437 2876 664 2936 ultimis
681 2921 698 2950 ,
755 2876 915 2952 quod
939 2876 1002 2935 id
1039 2892 1151 2951 per
1183 2874 1377 2934 nubes
1414 2876 1793 2954 significetur.
1876 2873 1993 2950 Qui
2028 2891 2147 2932 non
2181 2875 2329 2942 scit,
2384 2873 2543 2950 quod

438 2976 647 3036 Nubes
681 2977 744 3036 id
777 2976 1141 3052 significent,
1201 2976 1445 3036 credere
1485 2983 1721 3053 potest,
1763 2975 1922 3054 quod
1952 2976 2247 3035 Dominus
2284 2974 2362 3033 ad
2396 2974 2541 3032 ulti-

440 3096 600 3136 mum
651 3076 959 3137 ‚Iudicium
1003 3080 1292 3135 venturus
1349 3079 1426 3135 sit
1472 3080 1533 3134 in
1574 3077 1882 3150 NubibuS,
1940 3082 1999 3134 et
2054 3076 2439 3152 appariturus
2481 3077 2543 3131 in

436 3178 657 3256 gloria,
713 3179 1043 3236 secundum
1078 3175 1278 3253 Ipsius
1315 3177 1505 3236 verba
1552 3177 1717 3255 apud
1755 3175 2209 3253 Evangelistas,
2264 3175 2368 3235 ubi
2402 3176 2545 3234 dicit

438 3322 478 3353 „
493 3276 673 3340 Tunc
693 3278 942 3358 patebit
980 3276 1242 3356 siynum
1272 3275 1449 3338 Filii
1479 3277 1755 3338 hominis
1789 3277 1859 3338 in
1886 3274 2094 3350 Coelo,
2148 3281 2209 3337 et
2242 3275 2541 3336 videbunt

435 3376 689 3440 Filium
723 3377 1000 3438 hominis
1035 3376 1373 3438 venientem
1415 3379 1485 3439 in
1523 3377 1817 3439 Nubibus
1867 3375 2041 3437 Coeli
2086 3395 2229 3437 cum
2250 3375 2542 3457 potentia

435 3484 496 3539 et
548 3476 767 3559 ylorz'a
818 3476 1027 3540 multa
1051 3480 1089 3511 “
1165 3477 1390 3538 Matth:
1436 3478 1686 3539 XXIV:
1742 3481 1850 3539 30.
1932 3477 2129 3537 Marc:
2182 3477 2369 3536 XIII:
2426 3479 2535 3536 26.

435 3579 593 3640 Luc:
639 3579 825 3639 XXI:
887 3583 971 3638 27
993 3599 1010 3654 3
1080 3577 1522 3639 Consummatio
1574 3579 1835 3652 saeculi,
1892 3580 1965 3638 de
2017 3595 2137 3656 qua
2181 3578 2265 3635 ibi
2318 3580 2532 3653 agitur,

439 3686 532 3740 est
565 3681 840 3739 ultimum
875 3685 1112 3756 tempus
1148 3679 1490 3754 Ecclesiae,
1546 3686 1607 3739 et
1641 3680 1957 3739 Adventus
1994 3679 2237 3738 Domini
2273 3683 2413 3737 tunc
2450 3682 2541 3736 est

434 3779 752 3839 Revelatio
786 3780 1020 3857 IpsiuS,
1061 3797 1133 3840 ac
1167 3780 1372 3839 Divini
1408 3782 1555 3841 Veri
1592 3781 1754 3857 quod
1790 3780 1865 3838 ab
1901 3779 2065 3857 Ipse,
2103 3781 2164 3836 in
2200 3778 2404 3838 Verbo
2430 3794 2539 3854 per

435 3896 682 3938 sensum
716 3883 1030 3957 internum,
1069 3881 1212 3941 alibi
1240 3900 1419 3958 quam
1454 3884 1515 3940 in
1550 3881 1755 3941 Verbo
1782 3882 2080 3940 Dominus
2109 3896 2228 3937 non
2266 3896 2333 3938 se
2361 3894 2533 3938 reve-

434 3979 550 4052 lat,
602 3997 713 4040 nee
764 3982 937 4041 aliter
987 3984 1070 4042 ibi
1107 4000 1284 4059 quam
1330 4000 1445 4059 per
1488 3999 1733 4044 sensum
1784 3984 2116 4055 internum3
2170 3981 2442 4056 potentia
2478 3983 2535 4036 et

433 4079 629 4157 gloria
657 4084 835 4142 etiam
870 4084 1206 4161 significant
1242 4081 1510 4142 Verbum
1544 4085 1606 4142 in
1640 4098 1825 4142 sensu
1860 4084 2124 4141 interno:
2164 4080 2324 4158 quod
2357 4078 2530 4138 hodie

433 4180 497 4240 id
543 4182 857 4263 impletum
894 4187 996 4262 sit,
1058 4201 1274 4265 nempe
1329 4183 1489 4262 quod
1538 4183 1858 4244 Saeculum
1906 4185 1984 4242 sit
2043 4185 2532 4252 consummatum,
