2700 4792
317 373 532 428 CAPUT
573 373 909 430 TERTIUM.
1663 373 1843 430 VERS
1866 395 1881 428 z
1937 387 1967 436 7
1976 421 1989 434 .
2188 391 2295 442 307

209 532 442 590 duntur:
517 533 630 591 sed
699 534 842 608 quia
909 531 1004 590 hic
1076 534 1272 609 agitur
1335 534 1413 593 de
1477 533 1593 592 fide
1662 535 1969 596 charitatis
1989 583 2007 613 ,
2073 539 2299 616 aliquid

207 636 442 708 primum
487 633 721 694 dicetur
772 632 846 692 de
899 632 1015 690 fide
1066 640 1126 692 et
1173 635 1303 711 ejus
1341 634 1540 710 quali:
1598 641 1691 694 est
1735 635 1915 696 Fides
1952 640 2299 716 spirit11a1i3‚

207 740 262 792 et
315 740 402 792 est
457 735 640 792 Fides
701 751 861 792 mere
925 734 1248 808 naturalis3
1311 733 1492 794 Fides
1556 737 1883 811 spiritualis
1950 745 2045 798 est
2110 745 2301 803 omnis

209 853 275 894 ex
321 834 641 903 charitate,
697 842 757 892 et
809 839 902 892 est
951 836 1012 892 in
1065 850 1178 892 sua
1225 837 1491 894 essentia
1534 835 1827 910 charitas;
1892 837 2153 900 charitas
2190 860 2303 902 seu

205 951 362 994 amor
393 951 534 1011 erga
567 936 934 1010 proximum,
992 940 1086 992 est
1120 951 1322 994 amare
1358 951 1585 1009 verum,
1625 937 1923 994 sincerum
1960 945 2021 998 et
2045 941 2299 1016 justum,

205 1043 260 1094 et
301 1053 376 1094 ex
420 1034 578 1094 velle
625 1035 825 1094 faeere
875 1034 1010 1108 illa3
1065 1037 1372 1110 proximus
1438 1038 1594 1094 enim
1654 1037 1713 1094 in
1766 1039 2065 1112 spirituali
2112 1057 2302 1100 sensu.

203 1153 308 1194 non
355 1141 444 1194 est
489 1137 906 1211 unusquisque
955 1134 1166 1208 homo,
1221 1135 1332 1194 sed
1381 1141 1473 1195 est
1517 1135 1577 1195 id
1630 1136 1789 1211 quod
1840 1144 1930 1196 est
1973 1139 2135 1215 apud
2182 1141 2295 1199 ho-

202 1239 434 1296 minem:
487 1239 542 1294 si
592 1235 706 1294 hoc
769 1237 846 1292 sit
907 1253 1146 1303 verum,
1215 1238 1513 1295 sincerum
1568 1243 1627 1294 ει
1682 1236 1940 1313 justum,
2016 1245 2079 1299 et
2119 1233 2297 1300 homo

201 1355 266 1395 ex
297 1336 418 1394 illis
453 1342 718 1405 amatur,
769 1342 908 1394 tunc
945 1344 1180 1395 amatur
1214 1337 1520 1411 proximus
1538 1356 1556 1412 3
1612 1336 1773 1413 quod
1804 1336 1917 1397 hoc
1953 1356 2063 1414 per
2096 1340 2297 1400 chari-

199 1443 374 1496 tatem
405 1439 470 1496 in
503 1435 801 1513 spirituali
848 1453 1030 1494 sensu
1063 1435 1463 1513 intelligatur,
1520 1438 1773 1513 quisque
1807 1444 2009 1513 potest
2056 1443 2210 1500 scire
2246 1445 2301 1502 si

198 1537 368 1596 modo
398 1537 702 1612 reflectat3
756 1539 1170 1612 unusquisque
1209 1543 1370 1596 amat
1418 1537 1673 1597 alterum
1718 1555 1833 1596 non
1870 1546 2117 1616 propter
2150 1559 2297 1618 per-

197 1655 427 1712 sonam,
483 1637 594 1696 sed
627 1643 876 1714 propter
907 1636 970 1694 id
1007 1636 1168 1712 quod
1203 1644 1295 1696 est
1331 1637 1494 1714 apud
1528 1637 1724 1712 illum,
1780 1639 1919 1699 inde
1966 1647 2059 1700 est
2102 1644 2293 1700 omnis

197 1740 464 1811 amicitia,
505 1739 694 1796 omnis
730 1737 914 1811 favor,
957 1743 1016 1796 et
1055 1739 1243 1796 omnis
1279 1737 1497 1814 houm-3
1555 1755 1631 1796 ex
1680 1742 2087 1816 eo,sequitur,
2138 1741 2303 1818 qnod

197 1857 388 1898 amare
439 1839 708 1896 homines
757 1855 832 1895 ex
875 1854 1049 1912 vero,
1103 1839 1338 1897 sincero
1390 1845 1449 1897 et
1476 1839 1675 1916 justo,
1734 1857 1888 1915 quae
1942 1842 2104 1917 apud
2138 1841 2295 1918 moe,

197 1944 268 2000 sit
301 1938 860 2014 amorspiritualiS,
917 1955 1054 1996 nam
1090 1955 1298 1998 verum
1312 1983 1328 2013 ,
1384 1941 1683 1998 sincerum
1734 1946 1795 1999 et
1836 1941 2069 2017 justum
2116 1945 2297 2020 spiri-

197 2041 376 2100 tualia
413 2045 581 2112 sunt,
623 2044 762 2096 sunt
797 2041 954 2096 enim
985 2056 1018 2096 ε
1047 2037 1230 2097 Coelo
1269 2056 1306 2096 a
1339 2039 1621 2114 Domino,
1660 2057 1833 2100 nemo
1863 2043 2017 2100 enim
2056 2042 2300 2118 aliquod

197 2141 444 2208 bonum,
499 2138 658 2216 quod
694 2138 913 2196 bonum
963 2141 1022 2196 in
1059 2155 1126 2196 se
1165 2147 1284 2210 est,
1337 2141 1591 2214 cogitat,
1644 2140 1811 2209 vult,
1867 2149 1926 2198 et
1961 2141 2132 2214 facit,
2188 2142 2301 2202 sed

197 2259 361 2300 omne
415 2259 451 2298 a
484 2241 776 2312 Domine,
834 2256 904 2298 ac
951 2257 1188 2314 verum,
1245 2241 1543 2298 sincerum
1590 2247 1650 2298 et
1676 2241 1909 2316 justum
1936 2249 2095 2301 sunt
2139 2243 2301 2304 bona

196 2359 344 2416 quae
380 2343 441 2399 in
475 2358 544 2399 se
580 2340 738 2399 bona
771 2346 936 2410 sunt,
975 2356 1108 2398 cum
1139 2357 1176 2398 a
1199 2340 1488 2397 Domino:
1544 2340 1693 2397 haec
1722 2358 1875 2398 nune
1914 2349 2053 2400 sunt
2084 2345 2296 2419 proxi-

197 2459 324 2500 mus
370 2443 430 2498 in
464 2439 760 2518 spirituali
813 2427 1026 2514 seusu3
1076 2440 1214 2498 inde
1267 2446 1464 2516 patet,
1523 2439 1665 2515 quid
1709 2440 2061 2516 intelligitur
2111 2445 2173 2500 in
2222 2459 2295 2501 eo
2380 2483 2382 2485 .

202 2557 382 2598 sensu
413 2559 518 2616 per
553 2557 754 2598 amare
790 2542 1124 2616 proximum
1161 2557 1272 2598 seu
1307 2557 1419 2615 per
1457 2538 1848 2599 Chai-itatem:
1900 2539 2079 2600 Fides
2116 2543 2299 2616 spiri-

197 2640 375 2698 tualis
411 2641 540 2700 inde
579 2650 707 2711 est,
763 2657 902 2698 nam
935 2657 1107 2699 omne
1145 2639 1302 2716 quod
1354 2647 1613 2713 amatur,
1670 2639 1783 2698 hoc
1820 2639 2035 2698 dicitur
2069 2639 2300 2698 Verum

196 2759 322 2800 cum
373 2745 699 2818 cogitatur3
755 2740 913 2817 quod
961 2743 1046 2798 ita
1096 2743 1204 2813 sit,
1263 2743 1465 2798 etiam.
1491 2742 1743 2816 quisque
1796 2741 1951 2798 scire
1997 2745 2199 2816 potest
2244 2742 2300 2800 si

193 2843 478 2916 reflectit,
535 2843 786 2918 quisque
839 2843 991 2898 enim
1032 2841 1339 2900 confirmat
1382 2841 1445 2900 id
1478 2841 1638 2916 quod
1674 2847 1833 2898 amat
1882 2857 1993 2917 per
2024 2840 2202 2917 plura
2236 2843 2299 2900 in

195 2945 582 3020 cogitatione,
639 2949 700 3000 et
735 2942 962 3016 omnia,
1016 2957 1128 3017 per
1175 2958 1330 3016 quae
1366 2939 1702 3016 confirmat,
1742 2948 1919 3000 vocat
1956 2959 2129 3018 vera3
2180 2959 2299 3002 non

193 3043 428 3102 aliunde
481 3048 574 3102 est
621 3041 800 3102 alicui
835 3057 1041 3100 verum
1053 3061 1070 3116 3
1123 3040 1260 3100 inde
1315 3043 1612 3116 sequitur,
1670 3041 1831 3117 quod
1882 3041 2075 3119 qualis
2132 3059 2301 3102 amor

102 3143 109 3152 ’
195 3145 351 3220 apud
386 3145 686 3202 hominem
725 3147 845 3216 est,
902 3141 1049 3200 talia
1085 3143 1142 3200 ei
1175 3158 1321 3199 vera
1358 3143 1505 3213 sint,
1562 3141 1813 3217 proinde
1850 3143 2009 3219 quod
2044 3145 2097 3201 si
2132 3161 2299 3202 amor

193 3243 516 3320 spiritualis
568 3249 661 3302 est
707 3242 870 3319 apud
919 3259 1086 3316 eum,
1145 3242 1322 3300 etiam
1368 3257 1515 3300 vera
1562 3243 1678 3300 sint
1722 3242 2090 3319 spiritualia,
2145 3243 2301 3304 haec

197 3347 346 3402 enim
379 3362 564 3403 unum
617 3349 802 3420 agunt
837 3359 972 3402 cum
1011 3343 1140 3419 ej⁴us
1180 3359 1414 3402 amorez
1470 3344 1669 3400 omnia
1702 3361 1851 3402 vera
1883 3347 1945 3402 in
1980 3361 2098 3402 uno
2136 3361 2301 3402 com-

193 3442 392 3518 plexu,
430 3447 572 3520 quia
601 3443 941 3516 creduntur,
979 3448 1272 3502 vocantur
1296 3441 1511 3518 Fides3
1552 3443 1689 3502 inde
1724 3450 1896 3520 patet
1932 3441 2091 3519 quod
2116 3441 2299 3500 Fides

190 3545 516 3621 spiritualis
569 3546 630 3603 in
675 3559 788 3602 sua
825 3545 1090 3602 essentia
1137 3544 1216 3600 sit
1253 3541 1560 3601 Charitas:
1613 3542 1767 3601 haec
1818 3543 1892 3600 de
1928 3539 2075 3599 Fide
2112 3541 2295 3616 spiri-

191 3645 348 3704 tuali.
411 3644 593 3704 Fides
630 3649 832 3705 autem
884 3660 1047 3705 mere
1085 3642 1404 3712 natur-alie,
1457 3659 1575 3700 non
1628 3649 1722 3700 est
1756 3641 1937 3701 Fides
1964 3637 2297 3714 Ecclesiae,

188 3748 426 3805 tametsi
459 3745 606 3805 fides
636 3748 902 3818 vocatur,
941 3743 1052 3803 sed
1087 3750 1182 3804 est
1216 3743 1391 3802 modo
1428 3743 1706 3815 scientia3
1760 3757 1949 3800 causa
1984 3739 2145 3814 quod
2180 3755 2301 3798 nou

190 3847 260 3903 sit
305 3845 462 3904 fides
505 3845 848 3920 Ecclesiae,
920 3849 1016 3904 est
1063 3845 1202 3919 quia
1258 3861 1377 3902 non
1436 3839 1711 3917 procedlt
1766 3857 1841 3899 ex
1900 3854 2103 3897 amore
2154 3855 2301 3914 erga

189 3948 522 4019 proximum
557 3962 669 4005 seu
701 3945 1027 4016 charitate,
1081 3959 1237 4022 quae
1277 3949 1373 4002 est
1418 3943 1613 4018 ipsum
1664 3938 2008 4018 spirituale,
2066 3954 2143 3998 ex
2178 3955 2299 4016 quo

191 4044 364 4122 fides,
425 4045 536 4105 sed
579 4063 654 4104 ex
691 4061 892 4104 amore
939 4043 1199 4120 quodam
1247 4041 1545 4113 naturali,
1602 4043 1705 4117 qui
1751 4056 1818 4100 se
1854 4041 2041 4100 refert
2076 4039 2195 4100 vel-
2222 4038 2303 4100 ad

191 4162 450 4206 amorem
486 4149 580 4204 sui
616 4145 714 4208 vel
749 4145 828 4204 ad
863 4162 1127 4206 amorem
1163 4142 1392 4218 mundi,
1451 4147 1511 4200 et
1547 4141 1830 4216 quicquid
1880 4159 1954 4202 ex
1987 4141 2082 4201 his
2128 4157 2299 4201 amo-

189 4245 346 4304 ribus
385 4246 687 4322 procedit,
745 4251 838 4305 est
881 4245 1186 4320 naturale3
1243 4260 1411 4302 amor
1448 4241 1664 4300 format
1712 4243 1987 4318 spiritum
2024 4243 2299 4318 hominis,

1743 4336 1885 4399 20*
