2700 4792
18 4241 26 4549 -—--———-—-
18 4087 23 4232 ——v-v-—
18 4051 20 4080 -vv-
18 4027 20 4036 -
18 3947 20 3950 ψ

386 361 456 412 32
811 344 1299 402 APOCALYPSIS
1339 343 1778 403 EmecATA.
1860 343 1909 412 ς.
1956 346 2049 405 so.

385 525 602 572 sensus
655 507 866 568 literae
934 507 1155 583 Verbi,
1227 513 1543 568 vertuntur
1602 505 1765 583 apud
1828 506 1965 566 illos
2016 507 2105 564 in·
2134 505 2497 582 spiritualia,

389 612 668 687 quoniam
701 607 790 666 illi
825 608 1170 685 spirituales
1211 613 1350 665 sunt
1388 613 1449 666 et
1486 624 1605 666 non
1640 605 1977 681 naturales,
2028 607 2113 664 ita
2150 604 2341 681 Caro,
2394 607 2501 666 ubi

391 712 610 770 dicitur
649 708 723 767 de
758 709 1048 778 Domino,
1095 709 1158 766 in
1191 707 1477 766 Divinum
1512 707 1773 784 Bonum,
1828 714 1889 766 et
1924 705 2185 783 Sanguis
2214 708 2275 764 in
2312 706 2495 770 Divi-

391 829 533 869 num
569 810 824 885 Verum,
879 813 1196 884 utrumque
1239 807 1575 884 procedens
1612 824 1651 865 a
1683 806 1974 867 Domino:
2040 806 2201 883 quod
2240 805 2395 866 Caro
2432 814 2498 868 et

391 911 646 987 Sanguis
674 912 1048 968 nominentur
1081 911 1142 967 in
1181 925 1365 966 sensu
1400 908 1613 967 literae
1648 907 1867 978 Verbi,
1918 913 2013 968 est
2046 923 2233 966 causa
2268 913 2333 966 ut
2366 909 2500 984 spi-

389 1010 628 1070 ritualia
683 1008 1213 1086 correspondentia
1264 1009 1679 1084 percipiantur
1726 1009 1787 1066 in
1844 1006 2057 1083 Coe103
2110 1023 2249 1065 nam
2300 1009 2505 1067 omnia

392 1109 740 1188 Spiritualia
767 1110 1132 1170 des1nuntin
1167 1108 1494 1183 naturalia,
1552 1115 1613 1168 et
1649 1109 1707 1166 in
1754 1108 1848 1168 his
1883 1107 2109 1167 habent
2144 1124 2321 1166 suum
2354 1108 2499 1184 pla-

391 1230 532 1270 num
567 1211 866 1285 ultimum,
923 1227 1110 1286 quare
1146 1209 1427 1268 Divinum
1466 1211 1761 1269 transiens
1802 1207 2019 1268 Coelos
2058 1208 2277 1268 desinit
2308 1211 2371 1266 in
2414 1207 2497 1284 id,

394 1319 454 1372 et
487 1312 568 1370 ibi
603 1311 909 1381 subsistit,
962 1311 1370 1386 comparative
1421 1311 1577 1369 sicut
1624 1309 1837 1368 domus
1884 1326 2069 1386 super
2115 1325 2226 1367 suo
2275 1307 2501 1368 sunda-

391 1419 618 1487 mento,
677 1417 738 1470 et
771 1416 916 1469 tunc
953 1415 1048 1470 est
1094 1411 1155 1466 in
1201 1425 1310 1468 suo
1359 1408 1569 1486 ple-no,
1632 1409 1769 1470 inde
1808 1416 1901 1468 est
1937 1408 2099 1487 quod
2134 1408 2403 1469 Verbum
2439 1411 2504 1468 in

391 1514 570 1573 litera
603 1511 723 1570 tale
761 1513 865 1586 sit,
910 1516 969 1570 et
997 1509 1158 1586 quod
1193 1508 1346 1568 Caro
1390 1517 1451 1568 et
1486 1509 1743 1587 Sanguis
1782 1513 2188 1570 nominentur:
2242 1510 2353 1569 sed
2388 1527 2501 1570 us-

397 1631 515 1692 que
562 1614 852 1670 mirantur
902 1609 1148 1686 Angeli,
1215 1609 1374 1686 quod
1425 1609 1600 1690 homo
1644 1595 1987 1682 Eccfesiae,
2029 1613 2131 1687 qui
2176 1627 2251 1670 ex
2294 1609 2503 1670 Verbo

397 1715 578 1772 etiam
607 1711 934 1787 spiritualis
969 1709 1100 1769 fieri
1134 1715 1365 1786 potest,
1416 1728 1534 1770 non
1569 1711 1729 1770 ultra
1764 1727 2010 1771 sensum
2040 1711 2251 1770 literae
2286 1727 2355 1771 se
2383 1727 2503 1788 pa·-

395 1815 581 1872 tiatur
626 1811 879 1886 elevari,
937 1828 1010 1870 ac
1059 1811 1132 1869 de
1181 1810 1439 1870 Domino
1495 1819 1555 1872 et
1602 1813 1807 1888 Ipsius
1854 1811 2047 1872 Carne
2100 1818 2161 1871 et
2196 1810 2502 1888 Sanguine

396 1931 514 1972 non
563 1911 954 1988 spiritualiter
1001 1911 1111 1970 sed
1155 1913 1547 1972 materialiter
1596 1913 1890 1989 cogitare:
1946 1911 2054 1972 sed
2110 1913 2252 1989 quia
2303 1913 2504 1970 mirati

400 2019 568 2088 sunt,
627 2018 686 2072 et
721 2011 938 2071 dictum
967 2017 1061 2072 est
1093 2011 1240 2084 illis,
1277 2013 1459 2090 ‚quod
1495 2013 1799 2090 plerique,
1844 2013 2131 2090 imprimis
2168 2013 2501 2089 simpliceS,

401 2114 475 2174 de
509 2113 627 2173 illis
665 2112 1054 2188 spiritualiter
1079 2113 1376 2188 cogitent,
1418 2119 1785 2195 quapropter
1821 2114 2314 2191 exploraverunt,
2354 2127 2501 2176 num

400 2215 618 2291 aliquis
655 2213 1076 2289 spiritualiter,
1121 2219 1182 2274 et
1207 2205 1499 2290 comperti
1528 2202 1696 2289 sunt,
1739 2214 1899 2292 quod
1932 2214 2238 2291 plerique,
2278 2219 2339 2273 et
2374 2213 2502 2273 fere

399 2330 605 2374 omnes
665 2312 1006 2389 simpliceS‚
1069 2329 1205 2372 cum
1257 2313 1577 2374 obiverunt
1640 2313 1923 2374 Sanctam
1977 2314 2270 2389 Coenam,
2336 2313 2503 2372 nihil

403 2415 803 2492 cogitaverint
828 2413 902 2473 de
935 2413 1126 2473 Carne
1157 2419 1216 2474 et
1245 2413 1575 2491 Sanguine,
1624 2415 1736 2474 sed
1758 2415 1953 2474 solum
1982 2415 2057 2474 de
2094 2414 2315 2475 Sancto
2344 2414 2507 2491 quod

385 2517 517 2576 ‚illis
551 2523 692 2575 tunc
721 2533 758 2573 a
783 2515 1077 2586 Domino,
1115 2521 1174 2574 et
1199 2522 1635 2592 perceperunt,
1686 2515 1847 2592 quod
1882 2516 1997 2576 hoc
2025 2501 2256 2592 jugiter
2290 2516 2501 2591 provi-

371 2601 608 2676 ⁴deatnr
645 2633 682 2674 a
713 2616 1004 2686 Domino,
1049 2615 1124 2674 ob
1162 2632 1408 2676 causam
1441 2622 1509 2674 ut
1542 2616 1718 2676 homo
1753 2616 2064 2676 Ecclesiae
2110 2619 2171 2675 in
2205 2615 2507 2691 spirituali

395 2715 534 2776 idea
570 2723 711 2776 tunc
748 2719 858 2786 sit,
911 2724 970 2776 et
995 2734 1114 2775 non
1148 2718 1209 2774 in
1243 2716 1553 2775 materiali.
1607 2715 1783 2792 Quod
1808 2716 2133 2776 materialis
2170 2715 2503 2774 manduca-

398 2819 480 2876 tio
519 2815 828 2876 intellecta
863 2819 943 2874 sit
977 2823 1038 2876 et
1075 2824 1322 2893 recepta
1358 2819 1422 2875 in
1460 2816 1773 2886 doctrinis,
1840 2823 1933 2876 est
1968 2833 2186 2888 causa,
2242 2818 2386 2893 quia
2424 2815 2503 2875 de
2618 2859 2629 2866 .

399 2917 680 2976 Humano
715 2915 958 2974 Domini
989 2919 1402 2992 cogitaverunt
1436 2921 1591 2977 sicut
1630 2917 1702 2976 de
1738 2917 1997 2976 humano
2036 2917 2189 2976 alius
2224 2917 2503 2992 heminiS,

235 3030 358 3094 [25]
403 3023 464 3076 et
494 3032 616 3074 non
651 3021 791 3074 tunc
841 3016 1020 3074 simul
1065 3015 1138 3074 de
1187 3017 1405 3075 Divino
1449 3020 1513 3076 in
1547 3017 1823 3077 Humano
1866 3018 2069 3094 Ipsius
2081 3063 2097 3093 ,
2161 3019 2506 3094 rejicientes

396 3133 608 3176 vocem
644 3114 845 3173 Divini
881 3115 1168 3190 Humani,
1227 3122 1286 3174 et
1327 3120 1430 3193 qui
1464 3121 1549 3176 ita
1584 3119 1657 3178 de
1686 3119 1963 3178 Humano
1993 3119 2234 3178 Domini
2266 3119 2503 3194 cogi-ta·-

397 3223 642 3286 verunt,
703 3233 820 3274 non
869 3223 1196 3292 potuerunt
1233 3218 1350 3276 nisi
1399 3236 1579 3295 quam
1630 3219 2023 3278 materialiter
2067 3220 2141 3278 de
2195 3218 2387 3279 Carne
2442 3225 2509 3276 et

303 3341 312 3352 ·
400 3317 702 3394 Sanguine
741 3316 942 3394 Ipsius
981 3319 1275 3395 cogitare3
1341 3317 1517 3379 aliter
1566 3322 1623 3378 si
1670 3320 2097 3396 cogitavissent
2134 3319 2207 3380 de
2242 3319 2506 3377 Domino

398 3418 725 3478 secundum
760 3416 1110 3477 Doctrinam
1137 3419 1539 3478 universalem
1574 3420 1914 3500 Ecclesiae,
1956 3437 2113 3496 quae
2152 3427 2274 3492 est,
2340 3419 2509 3494 quod

394 3519 679 3588 Divinum
716 3526 776 3579 et
801 3518 1143 3578 Humanum
1176 3518 1376 3595 Ipsius
1414 3522 1492 3578 sit
1530 3521 1706 3580 unica
1740 3521 2033 3594 Persona,
2074 3537 2145 3580 ac
2182 3521 2509 3595 utrumque

393 3623 626 3681 unitum
661 3623 818 3680 sicut
857 3621 1054 3702 anima
1099 3627 1160 3680 ct
1203 3635 1453 3696 corpuS,
1508 3621 1783 3680 videatur
1819 3637 2005 3697 supra
2038 3638 2107 3681 n:
2155 3624 2241 3680 10
2286 3625 2347 3679 et
2386 3621 2505 3678 26.

393 3703 723 3785 Praeterea
755 3723 818 3779 in
858 3720 1062 3780 Verbo
1099 3719 1300 3781 multis
1335 3723 1397 3778 in
1431 3720 1577 3780 locis
1614 3725 1949 3780 nominatur
1996 3721 2285 3797 SanguiS,
2341 3725 2407 3778 ut
2442 3726 2523 3786 et,

395 3839 632 3898 quoque
675 3824 735 3879 in
773 3819 1174 3899 Apocalypsi,
1231 3828 1297 3879 ut
1325 3821 1474 3898 Cap:
1505 3821 1613 3881 VI:
1661 3824 1766 3882 12.
1826 3821 1973 3899 Cap:
2002 3821 2143 3881 VII:
2182 3825 2291 3881 14.
2350 3820 2507 3896 Cap:

392 3919 562 3979 VIII:
601 3926 660 3979 7.
703 3923 761 3979 ὃ.
821 3920 965 3997 Gap:
1003 3922 1117 3982 XI:
1155 3923 1216 3982 6.
1273 3921 1424 3999 Gap:
1462 3922 1608 3982 XII:
1651 3926 1766 3982 11.
1808 3921 1956 3999 Cap:
1993 3922 2165 3982 XIV:
2200 3923 2311 3980 20.
2350 3919 2503 3997 Cap:

391 4018 562 4079 XVI:
607 4021 666 4078 3.
712 4023 774 4078 4.
821 4023 880 4079 6.
951 4021 1098 4100 Cap:
1140 4022 1377 4083 XVIII:
1410 4026 1534 4083 24.
1592 4023 1741 4100 Gap:
1789 4023 1967 4084 XIX:
2016 4027 2077 4081 2.
2130 4025 2245 4098 133
2314 4039 2505 4099 quare

393 4119 572 4184 velim
597 4121 660 4178 in
690 4123 1078 4198 sequentibus
1115 4142 1227 4201 per
1257 4121 1435 4199 plura
1474 4124 1850 4200 confirmare,
1894 4120 2053 4201 quod
2091 4139 2202 4201 per
2240 4122 2504 4199 Sangui—-
