2700 4792
375 330 618 388 CAPUT
667 329 969 390 PRIMUM.
1229 355 1235 360 ·
1735 329 1945 386 VERS:
1994 344 2081 396 10.
2260 345 2331 398 55

198 489 472 571 pelago,
524 490 630 550 ubi
662 490 884 568 plures¹
910 489 1066 550 aliae
1101 484 1377 567 Insulae3
1414 489 1553 550 inde
1590 509 1833 568 quoque
1870 497 1992 562 est,
2030 493 2188 568 quod
2216 504 2331 572 ‘per

201 592 546 653 Graeciam
579 592 640 649 in
675 590 880 651 Verbo
919 593 1101 650 etiam
1135 589 1544 667 significentur
1582 583 1811 652 Gentes
1848 593 2027 668 tales,
2064 601 2133 652 ut
2168 581 2330 672 apud

197 691 536 752 Danielem
575 691 732 768 Cap:
771 691 951 750 VIII:
997 694 1109 749 21.
1182 690 1342 767 Cap:
1380 690 1475 750 X:
1518 693 1629 750 20.
1688 691 1847 768 Cap:
1882 693 2012 752 XI:
2054 697 2117 752 2.
2172 693 2324 754 Joh:

197 789 365 855 XII:
421 793 534 851 20.
587 795 698 850 21.
753 791 954 850 Marc:
1014 783 1166 850 VII:
1229 794 1341 850 26.
1394 807 1535 868 seq:
1625 791 1799 868 Quod
1844 795 2043 852 omnia
2084 795 2330 852 nomina

199 894 486 954 locorum
517 894 580 950 in
614 891 818 952 Verbo
854 891 1188 968 significent
1222 876 1353 966 ’τι-ἀει,
1412 891 1689 950 videatur
1738 911 1808 951 n:
1854 895 2065 952 1224.
2112 897 2139 952 1
2161 896 2323 953 264.

213 995 439 1053 1876.
488 993 700 1052 1888.
743 993 956 1052 4310.
991 994 1204 1049 4442.
1254 993 1516 1052 10329.
1602 991 1777 1068 Quod
1812 991 2057 1052 Insulae
2094 994 2325 1070 signifi·-

205 1100 354 1154 cent
392 1092 624 1154 Gentes
659 1109 819 1168 quae
854 1107 1212 1152 accessurae
1259 1091 1336 1149 ad
1375 1109 1583 1150 verum
1621 1093 1845 1151 cultum
1882 1092 2033 1162 Dei,
2094 1100 2331 1152 constat

206 1213 290 1254 ex
325 1192 851 1269 sequentibus-‘iris
887 1193 1067 1275 locis;
1124 1191 1286 1267 apud
1321 1192 1566 1268 Esajam
1630 1191 1761 1266 „In
1807 1192 1989 1253 Urim
2031 1191 2331 1254 honorate

205 1284 552 1368 Rhodam,
607 1291 680 1368 in
712 1290 966 1353 [nauli-9
1009 1291 1218 1352 mavis
1268 1280 1499 1350 no'men‘
1522 1291 1665 1352 Dei
1696 1289 2021 1353 &meust
2074 1293 2324 1356 XXIV:

219 1398 256 1452 1
279 1395 344 1452 5.
425 1393 604 1469 Apud
659 1393 931 1452 Eundem
994 1391 1190 1468 „Non
1241 1391 1637 1470 exstinquet,
1716 1411 1907 1472 neque
1949 1392 2325 1473 confringet,

217 1491 420 1554 donec
452 1498 652 1573 ponat
687 1491 760 1553 in
805 1499 978 1554 terra
995 1490 1328 1576 judicium
1345 1536 1363 1563 ,
1412 1498 1472 1552 et
1507 1493 1577 1552 in
1620 1490 1754 1572 leffe
1791 1493 2017 1572 Ipeiue
2064 1492 2331 1555 Insulae

211 1598 485 1674 sperent.
555 1591 822 1654 Gamate
861 1591 1137 1654 Jehovae
1169 1592 1491 1652 canticum
1524 1611 1781 1669 novum,
1846 1591 2071 1654 laudes
2104 1593 2329 1675 Ipsius

209 1693 652 1756 extremitates
689 1700 894 1754 tem-ae
909 1739 926 1766 ,
969 1691 1408 1754 descendentes
1434 1713 1639 1767 mare,
1692 1692 2043 1755 Insulae-et
2076 1692 2332 1755 habita.-

214 1792 415 1856 tbrea
437 1791 708 1854 illarum
741 1799 976 1874 ponent
1011 1793 1286 1856 Jehovae
1333 1790 1649 1874 gloriam,
1703 1801 1763 1859 et
1796 1793 2054 1855 lemae-m
2100 1793 2329 1875 Ipsius

212 1896 290 1957 i‘n
321 1887 576 1955 Imulis
613 1894 1128 1955 annuntiabunffl
1167 1893 1377 1954 XLII:
1414 1899 1477 1954 4.
1516 1897 1623 1953 10.
1665 1898 1774 1954 12.
1840 1896 2023 1972 Apud
2058 1895 2328 1954 Eundem

215 1992 600 2074 „Attendite
631 1992 900 2055 Insulae
935 1993 1027 2054 ad
1065 1993 1203 2064 Me,
1257 1999 1319 2053 et
1356 1991 1715 2055 auscultate
1742 1992 1975 2074 populi
2006 2014 2041 2053 e
2074 1991 2327 2075 lonqin-

211 2099 383 2177 φιλῶ(
423 2095 662 2154 XLIX:
697 2098 771 2154 ,1.
828 2095 1012 2173 Apud
1045 2094 1316 2154 Eundem
1373 2094 1505 2168 „In
1529 2093 1639 2154 Me
1670 2093 1937 2157 Insulae
1967 2095 2326 2174 sperabunt,

215 2202 278 2257 et
338 2215 528 2276 super
585 2193 838 2257 brachio
889 2214 1023 2256 meo
1075 2193 1432 2276 confident“
1496 2195 1608 2254 LI:
1672 2198 1730 2256 5.
1814 2196 1997 2274 Apud
2056 2195 2329 2255 Eundem

219 2295 444 2373 „Mihi
488 2292 754 2357 Insulae
795 2296 1134 2378 confident,
1189 2313 1499 2375 navesque
1538 2295 2009 2357 Tharoehz'sch“
2062 2296 2209 2380 LX:
2265 2298 2322 2354 9.

215 2397 400 2474 Apud
435 2395 478 2455 J
482 2398 764 2454 eremiam
801 2395 1096 2471 „Audite
1128 2395 1314 2456 verba
1347 2394 1625 2457 Jehovae
1664 2395 1931 2467 Gema,
1976 2401 2040 2456 et
2074 2408 2325 2456 annun-

222 2496 384 2557 tiate
433 2494 506 2554 in
555 2491 806 2556 Insulis
856 2515 890 2554 e
940 2493 1328 2576 lonqinqu0“
1376 2497 1632 2557 XXXI:
1679 2501 1789 2557 10.
1860 2496 2044 2573 Apud
2077 2494 2327 2571 Zepha-

219 2599 384 2656 niam
427 2592 761 2669 „Jekovah
809 2596 1142 2656 emaoiabz’t
1187 2615 1401 2656 omnes
1455 2595 1605 2656 deo-s·
1652 2603 1856 2657 tem-ae
1868 2642 1893 2671 ‚.
1940 2600 2016 2654 ut
2064 2593 2331 2653 adorent

216 2696 447 2777 Ipsum
483 2695 748 2775 quisque
782 2694 854 2754 in
889 2715 1004 2757 ‚suo
1039 2695 1168 2758 loeo
1183 2718 1211 2769 ;
1243 2716 1483 2758 wormes
1526 2693 1793 2758 Insulae
1829 2693 2178 2758 Gentium“
2226 2691 2325 2752 II:

231 2801 350 2873 113
391 2804 452 2856 et
479 2795 651 2866 alibi,
692 2803 766 2871 ut,
796 2797 970 2875 Esaj:
1009 2798 1262 2858 XXIII:
1315 2801 1377 2857 2.
1424 2801 1485 2858 6.
1546 2797 1703 2874 Cap:
1741 2797 1917 2859 XLI:
1967 2800 2023 2854 1.
2062 2795 2115 2854 5.
2158 2792 2327 2870 Gap:

217 2897 423 2958 XLII:
486 2898 596 2957 15.
653 2885 820 2973 Cap:
857 2897 1094 2958 LXVI:
1141 2901 1253 2958 19.
1324 2898 1566 2959 Jerem:
1603 2899 1691 2958 II:
1738 2900 1845 2958 10.
1912 2896 2084 2974 Cap:
2114 2893 2331 2956 XXV:

225 3001 340 3057 22.
393 2997 678 3057 Ezechiel
717 2995 877 3073 Cap:
915 2998 1198 3058 XXVII:
1257 3001 1317 3058 3.
1368 3004 1427 3059 7.
1476 3001 1585 3060 15.
1628 3001 1741 3059 ab.
1829 2999 1921 3058 Ex
1954 2998 2048 3056 his
2082 2996 2231 3055 locis
2272 3003 2333 3054 et

225 3115 304 3158 ex
336 3097 467 3156 aliis
503 3104 767 3167 constat,
833 3098 996 3174 quod
1033 3097 1276 3159 Insulae
1327 3101 1663 3176 significent
1716 3099 1973 3170 GenteS,
2026 3101 2089 3157 in
2122 3098 2329 3174 specie

225 3202 434 3275 gentes
473 3197 672 3272 quoad
707 3198 1038 3258 doctrinam
1074 3202 1238 3274 veri,
1295 3206 1359 3259 et
1394 3201 1536 3259 alibi
1573 3200 1771 3276 quoad
1806 3199 2135 3258 doctrinam
2172 3197 2330 3267 falsi,

219 3315 358 3357 nam
396 3296 686 3374 pleraque
721 3301 782 3356 in
817 3293 1018 3360 Verbo
1057 3301 1238 3356 etiam
1274 3301 1611 3376 significant
1648 3303 1945 3376 opposita.

379 3399 488 3456 51.
555 3397 812 3474 Propter
863 3398 1113 3457 verbum
1159 3398 1305 3471 Dei,
1372 3400 1531 3476 quod
1570 3401 1863 3477 significet
1901 3405 1969 3457 ut
2006 3397 2333 3472 recipiatur

223 3498 504 3558 Divinum
541 3497 800 3572 Verum,
867 3505 1104 3558 constat
1153 3517 1226 3557 ex
1263 3499 1696 3576 significatione
1732 3499 1923 3559 Verbi
1964 3499 2113 3570 Dei,
2172 3491 2334 3570 quod

219 3601 304 3658 sit
334 3599 618 3658 Divinum
656 3598 917 3673 Verum,
975 3599 1208 3676 de.qua
1243 3617 1314 3660 n:
1360 3603 1575 3659 4692.
1626 3601 1835 3660 5075.
1882 3599 2092 3656 9987.
2166 3614 2178 3624 ·

377 3700 484 3758 52.
540 3699 616 3758 Et
640 3705 892 3776 propter
917 3701 1321 3758 testimonium
1349 3699 1505 3760 Jcsu
1542 3699 1796 3776 Christi,
1838 3696 1999 3775 quod
2042 3692 2337 3772 significet

219 3805 289 3858 ut
327 3805 692 3876 agnoscatur
727 3789 1014 3858 Divinum
1049 3801 1395 3858 Humanum
1419 3801 1691 3876 Domini,
1734 3804 1973 3860 constat
2000 3814 2075 3856 ex
2102 3793 2331 3873 signifi·

219 3901 451 3960 catione
489 3901 847 3973 testimonii,
915 3898 1075 3976 quod
1109 3903 1188 3960 sit
1224 3903 1447 3978 agnitio
1484 3901 1695 3977 corde,
1761 3900 1837 3960 de
1873 3917 1992 3976 qua
2027 3915 2213 3976 supra
2264 3915 2334 3954 n:

227 4001 337 4058 10.
381 4003 465 4058 27
489 4020 506 4075 3
547 4005 608 4057 ct
644 4015 720 4058 ex
758 4001 1193 4076 significatione
1228 4005 1531 4062 nominum
1566 4000 1721 4060 Jesu
1758 4000 2009 4074 Christi,
2064 3997 2225 4074 quod
2260 3999 2341 4055 sit

218 4099 513 4159 Dominus
551 4099 752 4176 quoad
784 4099 1069 4158 Divinum
1106 4102 1447 4161 Humanum
1470 4145 1485 4173 ,
1552 4100 1625 4160 de
1666 4118 1785 4176 qua
1826 4103 2010 4159 etiam
2046 4115 2234 4174 supra
2268 4115 2335 4153 n:

231 4201 342 4259 26.
425 4199 597 4262 Haec
643 4200 922 4261 dicuntur
969 4202 1044 4262 de
1097 4203 1375 4264 Ecclesia
1430 4201 1745 4277 Gentium,
1810 4219 1967 4278 quae
2020 4203 2340 4274 receptura
