2700 4792
347 350 592 408 CAPUT
653 349 1020 418 QUARTUM.
1746 349 1963 408 VERs=
2006 361 2057 414 5.
2177 309 2191 324 ἡ
2215 362 2323 416 457

171 519 214 573 1
239 516 324 590 63
392 510 551 588 quod
593 527 716 570 vex
747 507 1038 570 buccinae
1075 508 1373 588 significet
1404 509 1686 570 Divinum
1724 509 1951 570 Verum
1988 511 2185 589 quoad
2219 528 2319 572 re-

161 613 587 686 velationem,
626 611 902 669 videatur
933 626 1121 687 supra
1153 628 1212 668 n:
1258 611 1367 671 55.
1412 613 1575 669 262.
1616 609 1747 670 Vox
1774 628 1821 670 .e
1860 610 2043 671 Coelo
2078 612 2153 670 ad
2188 611 2318 671 Do·-

159 716 448 786 minum,
485 711 690 770 audita
723 716 790 769 ut
815 711 1054 785 tonitru,
1093 708 1242 769 Joh:
1269 709 1425 770 XII:
1460 712 1570 769 28.
1603 712 1713 770 29.
1754 709 1929 787 Quod
1956 712 2227 773 Jacobus
2258 719 2319 772 et

169 813 518 876 Johannes
556 813 756 874 vocati
790 809 1140 886 Boanerges
1175 809 1282 869 filii
1313 811 1594 886 tonitrui,
1647 810 1844 870 Marc:
1881 809 2006 870 III:
2052 815 2160 872 14.
2208 816 2316 871 1⁷.

365 915 526 972 274.
580 912 659 970 Et
693 918 922 988 septem
948 909 1287 986 Lampades
1322 912 1479 987 ignis
1516 910 1793 970 ardentes
1824 928 2021 970 coram
2053 912 2314 987 Throno,

177 1031 362 1092 quae
397 1018 538 1072 sunt
570 1016 802 1088 septem
831 1011 1074 1088 spiritus
1105 1009 1240 1085 Dei,
1297 1011 1457 1086 quod
1482 1010 1774 1087 significet
1808 1013 2005 1089 ipsum
2034 1012 2318 1070 Divinum

173 1096 432 1174 'Verum'
469 1113 696 1170 unitum
729 1111 950 1172 Divino
985 1110 1154 1170 Bono
1189 1109 1523 1187 procedens
1560 1128 1631 1170 ex
1670 1111 1888 1170 Divino
1925 1112 2145 1172 Amore
2180 1113 2313 1172 Do-

177 1214 369 1287 mini,
431 1217 670 1271 constat
714 1228 790 1270 >ex
842 1210 1272 1287 significatione
1328 1217 1594 1287 septem,
1655 1212 1813 1288 quod
1858 1213 1976 1271 sint
2024 1216 2221 1272 omnia
2253 1215 2319 1272 in

185 1311 552 1390 complexu3
609 1328 684 1370 ex
720 1309 1148 1388 significatione
1181 1309 1523 1387 lampadum
1572 1314 1709 1387 igne
1746 1311 2082 1384 ardentium,
2116 1330 2316 1372 coram

187 1413 466 1481 Thr0n0,
503 1411 662 1488 quod
696 1413 812 1470 sint
846 1412 1131 1471 Divinum
1164 1410 1393 1470 Verum
1428 1412 1653 1468 unitum
1690 1411 1909 1471 Divino
1942 1411 2111 1470 Bono
2165 1429 2311 1488 pro-

191 1513 426 1574 cedens
478 1529 515 1570 a
548 1512 767 1571 Divino
803 1512 1021 1572 Amore
1056 1510 1326 1586 Domini3
1394 1510 1706 1588 lampades·
1767 1513 1919 1570 enim
1982 1511 2315 1588 significant

190 1631 346 1676 vera
357 1658 374 1689 ,
430 1613 569 1672 inde
605 1617 839 1688 septem
873 1611 1187 1688 lampades
1225 1629 1399 1670 omne
1434 1627 1644 1670 verum
1677 1613 1737 1670 in
1774 1611 2115 1688 complexu,
2153 1611 2317 1689 quod

192 1720 296 1774 est
329 1714 612 1774 Divinum
636 1711 881 1782 Verum,
923 1717 983 1770 et
1017 1713 1174 1788 ignis
1211 1711 1507 1788 significat
1539 1711 1759 1771 bonum
1796 1715 2042 1788 amoris3
2082 1716 2143 1771 et
2178 1715 2320 1788 quia

189 1814 514 1892 lampades
551 1815 722 1871 visae
759 1818 928 1870 erant
963 1811 1242 1872 ardentes
1279 1829 1480 1871 coram
1518 1812 1760 1872 Throno
1798 1829 1987 1889 super
2022 1830 2141 1889 quo
2176 1813 2313 1872 Do-

191 1917 423 1986 minus,
477 1911 844 1990 significatur
896 1911 1055 1988 quod
1089 1911 1237 1971 illud
1273 1929 1349 1972 ex
1384 1911 1657 1972 Domino.
1743 1913 1899 1991 Quia
1934 1931 2046 1990 per
2075 1919 2312 1989 septem

195 2013 460 2091 Spiritus
505 2013 652 2085 Dei,
720 2011 1126 2088 significantur
1183 2015 1383 2072 omnia
1426 2029 1576 2072 vera
1624 2012 1791 2073 Coeli
1841 2019 1901 2071 et
1934 2015 2244 2074 Ecclesiae
2281 2031 2319 2072 a

190 2115 492 2189 Domine,
541 2118 609 2173 ut
645 2129 832 2188 supra
889 2131 964 2172 n:
1013 2114 1147 2172 183
1207 2119 1519 2172 ostensum
1554 2113 1856 2188 videatur,
1908 2114 2044 2173 ideo
2082 2114 2315 2189 dicitur,

80 2280 92 2286 ,
193 2231 358 2291 quae
418 2220 560 2274 sunt
621 2217 856 2288 septem
903 2215 1154 2290 spiritus
1215 2212 1350 2271 Dei.
1457 2211 1631 2289 Quod
1690 2219 1927 2290 septem
1987 2213 2319 2289 significent

199 2315 427 2389 omnia,
477 2314 753 2373 videatur
787 2328 976 2389 supra
1009 2331 1076 2371 n:
1120 2314 1297 2372 256:
1347 2311 1508 2388 quod
1563 2313 1715 2388 ignis
1768 2313 2063 2388 significet
2094 2313 2317 2373 bonum

210 2414 455 2487 amoris,
492 2433 558 2472 n:
603 2415 766 2474 934.
807 2415 1023 2476 4906.
1069 2413 1276 2472 5215.
1323 2413 1536 2471 6314.
1583 2414 1793 2472 6832.
1840 2414 2099 2471 10055.
2139 2414 2316 2489 Quod

203 2509 522 2587 lampades
555 2514 882 2592 significent
915 2530 1083 2587 vera,
1129 2529 1284 2589 quae
1320 2528 1468 2572 vera
1500 2511 1640 2571 fidei
1674 2517 1982 2584 vocantur,
2033 2519 2312 2573 constare

197 2615 410 2690 potest
445 2628 518 2672 ex
549 2613 638 2673 his
676 2614 825 2673 locis
869 2615 928 2671 in
963 2612 1198 2688 Verb03
1253 2612 1418 2690 apud
1454 2613 1750 2673 Davidem
1789 2609 2129 2689 „Lampas
2153 2610 2315 2690 pedi

196 2731 334 2772 ‘meo
385 2710 648 2776 Verbum
687 2719 900 2783 tuum,
925 2747 928 2750 ⁴
957 2717 1018 2772 et
1069 2709 1188 2774 lua·
1228 2712 1495 2774 semitae
1530 2731 1701 2773 meae
1710 2715 1748 2746 “
1804 2711 2005 2771 Psalm
2026 2731 2045 2770 ι
2082 2710 2309 2771 CXIX:

209 2817 240 2871 1
259 2814 375 2890 053
413 2813 681 2874 Verbum
711 2815 926 2874 dicitur
959 2813 1212 2890 lampas,
1253 2816 1392 2891 quia
1420 2819 1515 2875 est
1536 2813 1817 2872 Divinum
1844 2812 2091 2876 Verum.
2128 2811 2311 2888 Apud

197 2913 464 2973 Eundem
525 2957 562 2990 „
587 2913 692 2975 Tu
725 2911 1064 2976 illuminas
1107 2910 1471 2994 lampadem
1513 2932 1747 2983 meam,
1803 2910 2085 2974 Jehovalz
2122 2910 2313 2975 Deua
2395 2886 2401 2892 ’
2435 2965 2443 2969 a

200 3009 519 3092 splendere
539 3014 717 3095 facit
752 3014 1036 3076 tenebras
1069 3032 1244 3075 meaa
1267 3017 1306 3048 “
1355 3014 1589 3074 Psalm:
1625 3013 1872 3075 XVIII:
1915 3018 1949 3074 2
1967 3018 2033 3090 9;
2090 3013 2314 3074 illumi-

203 3130 342 3172 nare
377 3113 719 3190 lampadem
767 3114 1065 3192 significat
1115 3115 1417 3175 illustrare
1464 3115 1833 3174 intellectum
1884 3133 1993 3192 per
2025 3115 2311 3176 Divinum

201 3212 454 3291 Verum3
507 3221 566 3274 et
601 3215 920 3293 splendere
957 3216 1157 3274 facere
1190 3216 1486 3290 tenebras,
1525 3216 1818 3293 significat
1846 3216 2141 3294 dissipare
2177 3215 2311 3276 luce

202 3316 327 3372 veri
371 3314 528 3374 falsa
575 3317 965 3392 ignorantiae.
1033 3315 1215 3392 Apud
1249 3311 1476 3376 Luca'm
1546 3361 1583 3390 „
1606 3314 1808 3378 Sunio
1860 3313 2062 3376 lumbi
2113 3315 2311 3380 vestri

204 3411 404 3488 cincti,
442 3419 503 3474 et
527 3412 858 3495 lampades
901 3412 1170 3476 lucentes
1181 3417 1219 3450 “
1257 3416 1411 3476 XII:
1456 3417 1567 3490 353
1608 3433 1720 3492 per
1744 3415 1981 3474 lumbos
2010 3399 2335 3492 quierunt

205 3515 406 3590 cincti,
462 3512 829 3593 significatur
859 3515 1082 3576 bonum
1117 3519 1366 3590 ameria,
1418 3515 1694 3574 videatur
1726 3532 1798 3572 n:
1834 3515 2047 3572 3021.
2091 3516 2306 3573 4280.

209 3615 413 3674 4462.
461 3615 668 3676 5050.
716 3617 924 3676 5051.
973 3617 1179 3676 5052.
1223 3618 1445 3688 99615
1506 3619 1567 3672 et
1598 3631 1709 3689 per
1743 3611 2053 3688 lampades
2089 3611 2305 3672 lucen-

202 3717 308 3788 tes,
343 3715 752 3790 significantur
786 3734 932 3778 vera
967 3715 1106 3779 fidei
1143 3732 1216 3774 ex
1250 3715 1408 3773 bono
1440 3714 1675 3771 amoris.
1732 3711 1916 3788 Apud
1936 3711 2309 3773 Matthaeum

209 3810 539 3887 „Luoma
563 3816 846 3895 emporis
875 3821 970 3876 eet
999 3812 1248 3886 oculum
1275 3813 1338 3874 ai
1362 3809 1583 3872 oculu-s·
1608 3811 1822 3886 bonus,
1854 3815 2057 3872 totum
2082 3829 2312 3892 corpu-9

205 3917 294 3972 est
319 3910 602 3977 lucidum
613 3935 642 3988 ;
681 3916 746 3976 εἰ
772 3913 994 3978 oculus·
1029 3912 1270 3992 mala-3,
1311 3918 1515 3974 totum
1551 3929 1777 3992 eomas
1818 3915 1915 3971 est
1953 3911 2308 3972 obtenebra-

210 4017 369 4086 tum;
405 4013 471 4074 ei
495 4035 644 4096 erqo
672 4013 884 4088 lumen
908 4015 1202 4093 tenebrae,
1239 4019 1515 4096 quantae
1539 4013 1864 4074 tembraff
1891 4013 1999 4074 VI:
2034 4016 2147 4073 22.
2179 4013 2307 4089 233

210 4111 422 4174 Oculus
461 4115 674 4177 dicitur
705 4117 804 4180 hic
838 4119 1087 4178 lucerna
1121 4133 1232 4178 seu
1266 4117 1501 4194 lampas
1533 4115 1759 4189 lucenS,
1800 4117 1941 4193 quia
1978 4115 2184 4176 oculus
2222 4115 2307 4174 si·
2420 4141 2427 4150 ·

207 4213 432 4292 gnificat
465 4218 836 4280 intellectum
873 4220 1034 4289 veri,
1079 4223 1140 4278 et
1171 4218 1310 4279 inde
1345 4235 1585 4302 quoque
1620 4233 1828 4278 verum
1864 4217 2009 4278 fidei
2020 4237 2037 4293 3
2082 4223 2143 4276 et
2172 4218 2311 4292 quia
