2700 4792
230 383 238 388 ,
329 316 569 372 CAPUT
625 317 926 377 nmmum,
1751 313 1962 377 vnn&
2008 332 2061 384 5.
2220 334 2290 386 27

32 485 81 540 9
166 476 342 552 quod
381 483 478 536 est
519 478 778 552 primum
829 480 892 534 et
937 476 1284 551 primarium
1323 475 1456 552 ejus
1475 519 1491 550 ,
1547 476 1599 534 si
1633 475 1917 540 Divinmn
1950 477 2295 538 Humanum

155 577 418 636 Domini
460 581 822 654 agnosceret
857 580 918 634 et
953 574 1242 634 erederet.

327 682 443 738 27.
534 677 678 753 Ipse
730 675 936 734 Testis
981 674 1209 750 fidelis,
1285 674 1445 752 quod
1494 675 1787 754 significet
1838 695 1875 736 a
1929 677 2062 755 Quo
2118 697 2291 740 omne

151 780 480 840 verum,in
519 777 688 837 coelo
701 823 718 853 ,
777 781 1014 835 constat
1055 793 1130 834 ex
1163 775 1597 853 significatione
1636 777 1839 838 Testis
1874 779 2099 851 fidelis,
2154 797 2291 840 eum

152 879 236 938 de
280 879 578 948 Domino,
649 877 808 955 quod
859 879 940 936 sit
993 878 1214 954 agnitio
1266 877 1473 936 Divini
1524 877 1789 938 Humani
1844 897 1883 938 a
1932 879 2067 956 Quo
2116 897 2289 942 omne

154 997 380 1040 verum
429 980 490 1037 in
529 977 745 1046 Coele,
790 975 862 1036 de
894 994 1014 1053 qua
1049 978 1346 1054 sequitur3
1388 975 1549 1054 quod
1576 977 1809 1038 dicatur
1840 982 1903 1038 in
1940 979 2155 1056 Coele,
2196 989 2291 1040 est

155 1083 311 1156 quia
344 1080 634 1142 Divinum
670 1079 902 1140 Verum
935 1076 1271 1154 procedens
1312 1095 1391 1137 ex
1424 1077 1645 1138 Divino
1672 1079 1841 1138 Bono
1876 1081 2120 1140 Domini
2146 1081 2290 1140 facit

158 1179 422 1240 Coelum
466 1182 530 1238 in
581 1179 905 1254 communi,
977 1183 1038 1238 et
1073 1177 1236 1255 apud
1279 1181 1743 1254 unumquemvis
1778 1180 2075 1256 Angelum
2110 1180 2193 1239 ibi
2227 1182 2289 1240 in

154 1279 560 1358 particulari,
609 1279 770 1356 quod
803 1281 890 1338 ita
925 1281 1034 1349 sit,
1072 1277 1350 1338 videatur
1376 1280 1437 1336 in
1464 1277 1667 1354 Opere
1706 1279 1779 1339 de
1824 1279 2026 1340 Coeno
2064 1301 2141 1340 nv
2175 1281 2285 1340 IN-

156 1399 409 1450 rmmo,
459 1399 517 1438 n:
564 1381 672 1440 13.
721 1381 967 1442 126ad
1008 1381 1175 1453 1403
1233 1385 1296 1438 et
1329 1379 1493 1456 quod
1532 1397 1570 1437 a
1608 1379 1827 1438 Divino
1862 1381 2141 1459 Humano
2176 1382 2283 1458 Ip-

161 1481 321 1550 sius,
355 1499 414 1538 n:
453 1486 483 1539 7
513 1481 593 1540 ad
635 1483 733 1538 12.
777 1481 862 1537 78
897 1480 974 1538 ad
1008 1480 1119 1537 86.
1169 1478 1465 1538 Dominus
1506 1481 1703 1555 quoad
1736 1481 2022 1540 Divinum
2048 1482 2284 1542 Huma-

160 1597 314 1638 num
353 1580 570 1640 dicitur
625 1581 828 1640 Testis
876 1579 1099 1653 fidelis»,
1157 1583 1300 1656 quia
1331 1580 1625 1638 Divinum
1677 1582 1904 1650 Verum
1952 1583 2287 1660 procedens

159 1699 242 1740 ex
294 1681 444 1757 Ipso
493 1683 556 1740 in
599 1681 782 1740 Coelo
830 1686 1096 1740 testatur
1131 1680 1205 1739 de
1259 1680 1443 1757 Ipso:
1482 1680 1614 1740 hoe
1663 1680 2097 1742 Testimonium
2130 1687 2289 1744 inest

160 1781 596 1840 universaliter
629 1781 850 1840 Divino
897 1782 1058 1841 Vero
1105 1780 1190 1840 ibi
1201 1801 1218 1856 3
1253 1773 1435 1856 .'quod
1492 1788 1767 1842 constare
1822 1789 2023 1859 potest
2074 1800 2144 1844 ex
2192 1801 2281 1858 eo,

169 1881 336 1958 quod
391 1882 614 1960 Angeli
661 1885 960 1941 interioris
1011 1881 1182 1941 Coeli
1227 1899 1346 1940 non
1392 1883 1627 1958 possint
1676 1883 1855 1942 aliter·
1894 1886 2159 1962 cogitare
2210 1886 2284 1946 de

162 1982 396 2042 Divino
435 2001 614 2059 quam
651 1982 764 2041 sub
799 1983 1080 2043 Humana
1117 1983 1338 2058 forma,
1377 1985 1463 2040 ita
1492 1981 1565 2041 de
1601 1983 1820 2042 Divino
1854 1983 2166 2060 Humane,
2208 2004 2285 2044 ex

162 2100 396 2152 eausa,
465 2085 610 2159 quia
653 2082 940 2142 Divinum
998 2083 1338 2142 Humanum
1384 2082 1625 2142 Domini
1676 2083 1889 2161 implet
1936 2088 2285 2145 universum

164 2181 428 2242 Coelum
465 2200 536 2243 ae
573 2184 790 2243 format
823 2183 1004 2253 illud,
1041 2190 1102 2242 et
1139 2185 1529 2260 cogitationes
1557 2184 1941 2260 Angelorum,
1962 2169 2188 2246 vadunt
2225 2193 2285 2246 et

52 2324 60 2332 -
160 2284 360 2343 fluunt
396 2285 729 2342 secundum
767 2284 1017 2343 somnam
1063 2281 1261 2354 Coeli,
1322 2284 1599 2344 videatur
1631 2287 1692 2344 in
1730 2283 1933 2362 Opere
1968 2303 2155 2364 supra
2192 2288 2281 2346 ci-

159 2389 330 2454 tato,
382 2401 456 2440 n:
502 2384 586 2442 59
619 2383 698 2442 ad
736 2387 897 2444 102.
943 2385 1086 2467 200
1127 2383 1204 2442 ad
1245 2387 1408 2443 212.
1468 2385 1605 2444 265
1639 2384 1714 2443 ad
1742 2386 1925 2444 2⁷5:
1980 2387 2116 2445 inde
2166 2395 2277 2458 est,

163 2482 339 2559 quod
374 2481 810 2542 Testimonium
859 2485 899 2544 J
905 2501 1014 2543 esu
1067 2482 1288 2544 Christi
1322 2485 1619 2562 significet
1664 2486 2025 2562 agnitionem
2078 2485 2283 2544 Divini

159 2582 418 2642 Domini
463 2584 526 2640 in
574 2583 852 2642 Humano
887 2585 1116 2660 IpsiuS‚
1181 2586 1256 2646 de
1307 2603 1427 2662 qua
1478 2603 1696 2662 supra,
1756 2603 1829 2642 n:
1869 2588 1979 2644 10.
2062 2585 2150 2642 Ex
2187 2584 2281 2644 his

161 2690 366 2760 patet,
427 2683 572 2760 quid
605 2686 664 2742 in
701 2691 884 2744 sensu
920 2686 1216 2762 spirituali
1263 2685 1617 2762 intelligitur
1650 2703 1762 2761 per
1799 2685 2037 2744 Testari
2072 2693 2132 2744 et
2164 2703 2280 2761 per
2390 2687 2397 2690 ’

165 2775 604 2844 Testimonium
637 2787 702 2846 in
731 2787 1120 2863 sequentibus
1148 2786 1244 2846 his
1270 2786 1421 2846 loeis
1461 2783 1835 2860 „Iohannes
1875 2781 1996 2866 (hic
2040 2785 2277 2846 Johan-

163 2899 272 2944 nes
306 2884 610 2968 Baptista)
641 2885 810 2946 venit
843 2885 916 2946 in
945 2884 1437 2960 Testimonium,
1474 2892 1549 2947 ut
1581 2885 1955 2948 Testaretur
1981 2885 2059 2946 de
2080 2885 2277 2960 Luce,

163 2989 236 3043 ut
271 3003 482 3046 omnes
516 2985 834 3048 crederent
859 3005 979 3066 per
1021 2984 1248 3047 illum:
1306 3005 1432 3047 non
1474 2992 1612 3048 erat
1660 2984 1773 3048 ille
1805 2986 1992 3063 Imm,
2058 2986 2172 3047 sed
2207 2993 2282 3048 ut

169 3081 544 3146 Testaretur
587 3086 664 3146 de
698 3085 872 3148 Luce
880 3107 912 3158 ,·
964 3092 1103 3149 erat
1135 3086 1295 3148 Luoe
1330 3106 1481 3148 vera
1514 3107 1672 3167 quae
1705 3085 2002 3148 illustrat
2037 3107 2283 3150 omnem

164 3182 516 3246 hominem:
573 3192 632 3246 et
663 3186 812 3266 Eyo
849 3186 1005 3262 vidi,
1043 3193 1106 3248 et
1147 3185 1453 3248 Testatus
1490 3191 1679 3257 sum“
1718 3189 1952 3250 Johan:
2005 3189 2054 3248 I:
2112 3195 2165 3247 7.
2214 3192 2277 3248 8,

165 3273 290 3371 [st]
333 3285 420 3344 34
439 3306 458 3361 3
496 3287 629 3346 Lux
671 3288 968 3364 significat
992 3289 1280 3348 Divinum
1315 3289 1544 3348 Verum
1554 3309 1571 3364 3
1612 3306 1796 3365 quare
1832 3291 2129 3364 Dominus
2167 3306 2283 3348 vo·-

167 3391 342 3442 eatur
378 3385 464 3445 ibi
497 3387 632 3446 Lux
665 3405 814 3446 vera
859 3406 1014 3465 quae
1062 3387 1361 3448 illuminat
1406 3405 1639 3448 omnem
1686 3389 2015 3466 hominem3
2072 3395 2274 3460 aete-

166 3486 312 3544 stari
359 3487 433 3546 de
479 3487 646 3546 Luce
684 3489 980 3564 signifieat
1015 3491 1378 3566 agnitionem
1426 3489 1629 3548 Divini
1664 3489 1926 3548 Humani
1961 3473 2164 3566 Ipsius
2202 3505 2278 3546 ex

171 3582 306 3658 Quo
341 3587 626 3646 Divinum
663 3588 890 3648 Verum
926 3591 1227 3666 procedit3
1284 3589 1447 3665 quod
1480 3591 1613 3648 Lux
1664 3590 1959 3666 significet
1992 3589 2278 3647 Divinum

169 3681 395 3760 Verum
441 3689 777 3764 procedens
831 3707 867 3746 a
914 3689 1200 3764 Domin0,
1260 3689 1537 3748 videatur
1572 3693 1631 3748 in
1683 3689 1883 3766 Opere
1944 3689 2017 3748 de
2076 3687 2279 3748 Coeno

165 3800 239 3842 nr
294 3784 605 3858 Inrnnno,
677 3791 738 3847 in
791 3789 1060 3849 Articulo
1121 3791 1195 3849 de
1246 3790 1412 3850 Luce
1465 3790 1663 3862 Coeli,
1716 3809 1774 3848 n:
1822 3792 1955 3848 126
1991 3789 2067 3848 ad
2106 3792 2275 3850 140:

167 3885 324 3959 apud
350 3887 624 3948 Eundem
653 3933 692 3964 „
716 3887 842 3950 Vos
867 3889 1146 3951 misistis
1184 3879 1320 3978 [ad]
1351 3889 1705 3951 Johamwm
1720 3935 1737 3960 ‚
1770 3896 1833 3953 et
1856 3889 2159 3952 Testatus
2182 3896 2281 3950 est

168 3983 457 4050 veritati:
531 4008 644 4068 eqo
699 4007 840 4050 vero
889 4008 1014 4052 non
1047 3992 1124 4052 ab
1185 3989 1433 4052 homine
1474 3989 1935 4053 Testimonium
1986 3991 2225 4070 accipio
2238 3995 2275 4026 “

169 4080 248 4143 V:
301 4089 412 4148 33.
466 4091 590 4150 34:
663 4091 824 4168 apud
869 4091 1138 4152 Eundem
1192 4090 1437 4167 „Jesue
1478 4089 1689 4159 dimit,
1737 4109 1919 4152 amere,
1952 4092 2098 4152 dieo
2138 4091 2273 4166 tibi,

169 4185 325 4260 quod
375 4207 534 4268 quae
568 4189 807 4253 seimus
871 4188 1232 4272 loquamur,
1283 4198 1354 4252 et
1392 4209 1551 4270 quae
1598 4189 1883 4252 vidimus
1936 4197 2237 4252 testemur
2250 4212 2273 4252 :
