2700 4792
35 481 64 508 φ

37 557 55 599 ρ

293 368 530 426 CAPUT
575 368 922 428 TERTIUM
1506 369 1717 426 VERS·
1766 379 1991 435 15.1e.
2146 385 2255 438 365

155 549 347 591 verum
405 530 600 588 solum
664 545 776 605 per
829 529 1248 604 cogitationem
1297 527 1641 606 obscuram,
1718 549 1837 592 non
1891 539 2095 594 autem
2143 553 2259 614 per

35 643 37 658 ·
153 633 516 690 affectionem
569 645 728 705 quae
777 634 871 687 est
907 627 1216 688 charitatis
1233 672 1250 702 ,
1307 628 1463 688 haec
1502 634 1659 692 enim
1704 631 1871 692 nulla
1920 640 2042 705 est,
2105 651 2259 714 qua-

151 737 384 808 propter
423 747 536 807 per
571 728 943 787 affectionem
995 745 1150 808 quae
1184 728 1334 802 illie,
1404 747 1559 805 quae
1608 737 1702 792 est
1744 733 1977 794 affectio
2033 739 2255 798 amoris

34 851 37 902 ζ
153 835 230 891 sni
279 837 342 892 et
379 828 617 898 mundi,
669 829 970 905 conjuncti
1030 835 1171 887 sunt
1204 830 1433 889 inferno
1453 850 1485 907 ς,
1524 833 1661 892 inde
1706 839 1982 895 constare
2022 843 2257 913 potest,

34 983 37 1004 2
152 932 295 1009 quod
355 933 480 989 sint
517 931 670 988 inter
711 927 943 987 coelum
993 937 1054 986 et
1089 930 1421 1000 infernum,
1484 939 1763 1010 spectant
1810 951 2027 1012 nempe
2066 936 2257 996 oculis

34 1043 36 1086 ;
151 1033 218 1091 ad
251 1030 522 1099 coelum,
572 1035 632 1089 et
667 1029 844 1088 corde
887 1028 964 1086 ad
991 1029 1320 1106 infernnm3
1370 1037 1432 1089 et
1470 1035 1571 1108 qui
1611 1035 1698 1092 ita
1724 1032 1950 1093 faciunt
1984 1035 2073 1093 illi
2109 1052 2275 1112 pro--

151 1133 440 1209 phanant3
499 1145 570 1188 ac
611 1129 1116 1205 prophanatorum
1165 1145 1294 1188 sors
1341 1132 1403 1188 in
1448 1131 1639 1192 altera
1656 1134 1797 1194 ‘vita
1825 1135 2081 1194 omnium
2106 1151 2257 1212 pes-

151 1236 283 1292 sima
339 1238 468 1306 est3
537 1229 918 1306 prophanare
971 1236 1066 1288 est
1127 1229 1375 1290 credere
1427 1233 1662 1307 Deum,
1714 1232 2015 1309 Verbum,
2072 1237 2257 1294 vitam

151 1339 483 1400 aeternam,
536 1335 597 1387 et
630 1329 807 1406 plura
844 1345 998 1404 quae
1041 1331 1102 1387 in
1145 1347 1328 1388 sensu
1372 1331 1583 1392 literae
1623 1332 1812 1392 Verbi
1850 1333 2150 1409 dicuntur,
2194 1342 2255 1394 et

150 1449 328 1509 nsque
359 1433 572 1489 vivere
604 1435 812 1488 contra
836 1428 956 1488 illa.
1011 1429 1160 1490 Inde
1203 1447 1360 1489 nunc
1388 1438 1497 1506 est,
1540 1433 1699 1508 quod
1732 1433 1980 1509 dicatur,
2029 1437 2257 1494 utinam

148 1533 388 1611 frigidus
447 1546 614 1590 esses
675 1534 780 1587 aut
827 1528 1092 1601 calidus,
1159 1547 1299 1588 nam
1356 1534 1459 1608 qui
1511 1532 1760 1610 frigidus
1814 1541 1935 1609 est,
1989 1533 2103 1594 hoc
2140 1541 2253 1611 est,

149 1634 370 1716 absque
422 1629 576 1700 fide,
628 1647 748 1688 non
786 1628 1152 1706 prophanat,
1214 1647 1326 1690 nec
1368 1635 1471 1709 qui
1508 1631 1767 1708 calidus,
1818 1633 1933 1694 hoc
1976 1641 2105 1709 est,
2160 1637 2259 1696 cni

149 1734 268 1792 sola
302 1731 608 1792 charitasz
665 1728 806 1806 qnid
841 1730 1244 1808 Prophanatio
1260 1775 1278 1806 ,
1336 1739 1397 1792 et
1448 1732 1644 1811 qualis
1698 1733 1831 1809 illa,
1882 1734 2161 1795 videatur
2192 1739 2256 1796 in

147 1834 473 1894 Docrnma
517 1830 732 1892 Noun
783 1829 1266 1890 Hmnoeommn
1325 1851 1397 1892 n:
1461 1835 1489 1892 1
1510 1834 1616 1893 69.
1669 1837 1698 1892 1
1718 1838 1838 1894 ⁷2:
1888 1842 1949 1894 et
2003 1835 2147 1912 qnid
2196 1843 2259 1897 et

152 1935 336 2011 qualis
394 1931 544 1990 fides
583 1932 961 2008 persuasiva,
1015 1948 1087 1990 n:
1143 1933 1279 1992 116
1332 1933 1411 1993 ad
1458 1935 1630 2010 1193
1702 1940 1826 1994 turn
1882 1935 2045 2013 qnod
2093 1937 2261 1996 nulla

148 2035 284 2094 fides
325 2031 658 2109 spiritualis
687 2032 794 2104 sit,
837 2030 940 2088 ubi
979 2048 1096 2092 non
1137 2032 1431 2108 chax-itae,
1470 2036 1533 2093 in
1560 2032 1870 2110 Opusculo
1900 2037 1973 2096 de
2010 2036 2257 2098 Una-nuo

149 2135 388 2194 Jnmcxo
444 2151 516 2190 nt
565 2133 652 2191 33
697 2130 775 2188 ad
815 2132 927 2190 39.
985 2133 1205 2192 Paucis
1242 2151 1399 2194 nunc
1437 2134 1667 2195 dicetur
1722 2135 1861 2211 quid
1910 2136 2041 2196 sola
2090 2136 2253 2198 Cha-

149 2238 316 2309 ritas;
373 2231 652 2292 Charitas
693 2233 756 2288 in
796 2247 862 2290 se
901 2239 1175 2307 spectata
1211 2240 1306 2294 est
1335 2233 1571 2293 affectio
1616 2235 1979 2310 spiritualis3
2037 2243 2099 2296 at
2124 2238 2259 2298 sola

151 2335 404 2395 charitas
459 2337 553 2392 eet
593 2330 826 2390 affectio
893 2333 1182 2392 naturalis
1241 2340 1300 2392 et
1341 2351 1460 2393 non
1502 2335 1827 2410 spiritualis
1843 2354 1859 2411 3
1914 2336 2051 2412 ipsa
2103 2341 2257 2398 enim

151 2435 453 2502 Chai-itae,
505 2449 660 2508 quae
699 2437 790 2490 est
827 2431 1060 2492 affectio
1107 2435 1433 2511 spiritualis
1452 2477 1469 2506 ,
1523 2435 1811 2494 formatur
1846 2452 1959 2512 per
1997 2453 2144 2496 vera
2183 2456 2259 2497 ex

151 2535 384 2601 Vei-bc,
433 2539 490 2590 et
519 2539 804 2607 quantum
847 2549 959 2608 per
993 2532 1100 2592 illa
1139 2535 1458 2605 formatur,
1500 2541 1729 2594 tantum
1758 2535 2087 2612 spiritualis
2130 2545 2255 2613 est3

149 2639 214 2693 at
249 2631 384 2692 sola
423 2631 694 2707 charitaS,
738 2649 892 2708 quae
933 2639 1026 2692 est
1068 2634 1301 2696 affectio
1328 2635 1639 2710 naturalia,
1688 2652 1807 2694 non
1833 2635 2121 2694 formatur
2146 2653 2258 2712 per

151 2735 354 2812 aliqua
387 2749 534 2792 vera
589 2749 665 2791 ex
709 2732 946 2808 Verbo,
1003 2734 1113 2793 sed
1162 2738 1366 2795 existit
1417 2735 1578 2812 apud
1612 2736 1909 2795 hominem
1970 2752 2041 2796 ex
2082 2736 2257 2795 audi-

151 2837 306 2894 tione
347 2832 862 2911 praedicationum
895 2841 1138 2910 praeter
1174 2835 1332 2912 qnod
1368 2835 1638 2895 attendat
1674 2835 1753 2895 ad
1790 2852 1938 2896 vera
1973 2841 2033 2896 et
2067 2836 2261 2896 discat

149 2935 278 3011 illa3
332 2933 586 3012 proinde
622 2933 752 2992 sola
786 2933 1047 2994 charitas
1099 2939 1278 2997 etiam
1327 2941 1422 2996 est
1454 2935 1687 3012 absque
1724 2935 1871 3012 fide,
1924 2953 2063 2996 nam
2108 2935 2257 2998 fides

153 3037 404 3102 estvm-i
441 3011 505 3092 et
533 3051 742 3092 verum
779 3041 874 3093 est
905 3034 1064 3097 fidei.

304 3136 472 3193 233.
540 3134 754 3209 Itaque
803 3136 945 3210 quia
989 3137 1228 3215 tepidus
1279 3154 1376 3212 ee,
1444 3137 1604 3213 quod
1651 3136 1943 3214 significet
1986 3138 2123 3198 illos
2162 3141 2263 3215 qui

151 3238 358 3293 vivunt
416 3251 492 3293 ex
539 3233 810 3292 doctrina
867 3234 942 3295 de
992 3238 1123 3297 sola
1173 3237 1290 3296 fide
1351 3243 1413 3296 et
1438 3237 1869 3315 justificatione
1930 3239 2257 3316 perillam,

153 3341 386 3394 constat
423 3351 500 3392 ex
533 3333 960 3410 significatione
997 3338 1208 3415 tepidi,
1253 3337 1413 3413 quod
1448 3339 1565 3396 sint
1602 3333 1705 3414 qni
1738 3339 1895 3398 inter
1929 3338 2163 3398 coelum
2200 3346 2261 3398 et

150 3435 446 3494 infernum
481 3439 650 3504 sunt,
699 3442 758 3494 et
791 3451 902 3511 per
936 3435 998 3496 id
1032 3440 1302 3497 serviunt
1357 3437 1589 3497 duobus
1627 3438 1877 3497 dominis
1894 3456 1911 3513 3
1968 3437 2127 3515 quod
2171 3437 2260 3495 illi

151 3537 247 3610 qui
283 3537 584 3612 cogitant,
629 3533 879 3594 credunt
913 3545 974 3596 et
1007 3541 1212 3597 vivunt
1247 3555 1323 3597 ex
1360 3537 1627 3598 doctrina
1661 3538 1737 3596 de
1770 3538 1903 3598 sola
1936 3537 2053 3596 fide
2090 3541 2151 3596 et
2184 3535 2260 3595 de

141 3635 566 3710 justificatione
602 3651 712 3710 per
745 3635 939 3710 illam,
991 3638 1146 3698 tales
1182 3640 1333 3712 sint,
1372 3636 1634 3696 nondum
1670 3643 1877 3695 notum
1913 3644 2037 3712 est,
2100 3653 2257 3714 qua-

145 3742 394 3812 propter
429 3735 927 3795 manifestabiturz
965 3745 1106 3798 eunt
1130 3738 1246 3796 duo
1277 3744 1471 3796 status
1505 3734 1647 3793 fidei
1672 3741 1735 3793 et
1760 3737 1896 3794 inde
1925 3739 2105 3810 vitae,
2144 3753 2256 3797 sen

144 3839 304 3895 vitae
342 3841 404 3894 et
437 3834 574 3893 inde
609 3833 750 3892 fidei
783 3836 1088 3897 hominum
1125 3841 1226 3914 qni
1259 3841 1320 3895 in
1354 3834 1659 3909 Ecclesia,
1707 3851 1863 3893 unus
1902 3841 1995 3893 est
2032 3851 2107 3892 ex
2142 3835 2257 3894 do-

145 3937 362 4010 ctrina,
407 3940 469 3994 et
503 3933 656 3993 alter
691 3943 785 3995 est
821 3956 894 3996 ex
931 3939 1133 3998 Verbo
1171 3944 1274 3996 aut
1311 3953 1386 3995 ex
1420 3933 1876 3994 Praedicatione
1916 3951 1990 3992 ex
2030 3933 2249 4010 Verb03

147 4036 306 4112 quod
341 4035 462 4094 duo
496 4033 559 4092 hi
591 4041 787 4096 status
825 4039 941 4098 sint
956 4082 973 4114 ,
1023 4039 1126 4097 vix
1163 4038 1379 4112 aliquis
1415 4036 1579 4093 novit
1589 4053 1605 4108 3
1662 4033 1824 4110 quod
1867 4039 2071 4094 tamen
2122 4035 2261 4110 sint,

146 4143 202 4194 et
235 4135 405 4212 quod
437 4133 600 4210 apnd
633 4135 866 4211 aliquos
903 4156 1087 4198 unum
1125 4143 1334 4214 agant,
1387 4143 1448 4194 et
1482 4134 1647 4211 apud
1679 4134 1885 4211 plures
1924 4153 2041 4194 non
2076 4153 2265 4196 unum

145 4242 352 4312 agant,
407 4235 608 4294 datum
660 4241 754 4298 est
801 4256 912 4315 per
944 4239 1141 4296 vivam
1187 4238 1620 4313 experientiam
1674 4236 1838 4312 apud
1872 4237 2121 4313 spiritus
2159 4254 2265 4295 re·-
