<?xml version="1.0" encoding="UTF-8"?>
<!DOCTYPE html PUBLIC "-//W3C//DTD XHTML 1.0 Transitional//EN"
    "http://www.w3.org/TR/xhtml1/DTD/xhtml1-transitional.dtd">
<html xmlns="http://www.w3.org/1999/xhtml" xml:lang="en" lang="en">
 <head>
  <title>
</title>
<meta http-equiv="Content-Type" content="text/html;charset=utf-8" />
  <meta name='ocr-system' content='tesseract 3.04.00' />
  <meta name='ocr-capabilities' content='ocr_page ocr_carea ocr_par ocr_line ocrx_word'/>
</head>
<body>
  <div class='ocr_page' id='page_1' title='image "./apocalypsisexpl01unkngoog_0452.png"; bbox 0 0 2700 4792; ppageno 0'>
   <div class='ocr_carea' id='block_1_1' title="bbox 393 269 2175 368">
    <p class='ocr_par' dir='ltr' id='par_1_1' title="bbox 393 269 2175 368">
     <span class='ocr_line' id='line_1_1' title="bbox 393 269 2175 368; baseline -0.011 0"><span class='ocrx_word' id='word_1_1' title='bbox 393 311 506 368; x_wconf 72' lang='lat' dir='ltr'><strong>us</strong></span> <span class='ocrx_word' id='word_1_2' title='bbox 733 269 1226 356; x_wconf 64' lang='lat' dir='ltr'><strong>Aroe-Amrffls</strong></span> <span class='ocrx_word' id='word_1_3' title='bbox 1269 297 1703 356; x_wconf 70' lang='lat' dir='ltr'><strong>Exrch‘rA.</strong></span> <span class='ocrx_word' id='word_1_4' title='bbox 1772 297 1819 367; x_wconf 83' lang='lat'><strong>§-</strong></span> <span class='ocrx_word' id='word_1_5' title='bbox 1860 305 1987 360; x_wconf 71' lang='lat'><strong>26⁹-</strong></span> <span class='ocrx_word' id='word_1_6' title='bbox 2041 303 2175 359; x_wconf 64' lang='lat'><strong>270.</strong></span> 
     </span>
    </p>
   </div>
   <div class='ocr_carea' id='block_1_2' title="bbox 191 455 2569 4252">
    <p class='ocr_par' dir='ltr' id='par_1_2' title="bbox 369 455 2563 2224">
     <span class='ocr_line' id='line_1_2' title="bbox 392 455 2563 540; baseline -0.001 -18"><span class='ocrx_word' id='word_1_7' title='bbox 392 463 756 540; x_wconf 78' lang='lat' dir='ltr'><strong>periturum,</strong></span> <span class='ocrx_word' id='word_1_8' title='bbox 813 457 890 520; x_wconf 81' lang='lat' dir='ltr'><strong>de</strong></span> <span class='ocrx_word' id='word_1_9' title='bbox 939 475 1058 536; x_wconf 84' lang='lat' dir='ltr'><strong>quo</strong></span> <span class='ocrx_word' id='word_1_10' title='bbox 1111 459 1316 537; x_wconf 84' lang='lat' dir='ltr'><strong>Apoc:</strong></span> <span class='ocrx_word' id='word_1_11' title='bbox 1355 457 1542 522; x_wconf 86' lang='lat' dir='ltr'>XXI:</span> <span class='ocrx_word' id='word_1_12' title='bbox 1588 461 1621 518; x_wconf 91' lang='lat'>1</span> <span class='ocrx_word' id='word_1_13' title='bbox 1642 501 1661 530; x_wconf 90' lang='lat'>‚</span> <span class='ocrx_word' id='word_1_14' title='bbox 1712 455 1877 534; x_wconf 81' lang='lat' dir='ltr'><strong>quod</strong></span> <span class='ocrx_word' id='word_1_15' title='bbox 1920 455 2315 534; x_wconf 77' lang='lat' dir='ltr'><strong>obscurabat3</strong></span> <span class='ocrx_word' id='word_1_16' title='bbox 2386 459 2563 520; x_wconf 76' lang='lat' dir='ltr'><strong>inde</strong></span> 
     </span>
     <span class='ocr_line' id='line_1_3' title="bbox 395 555 2561 640; baseline -0.001 -18"><span class='ocrx_word' id='word_1_17' title='bbox 395 567 488 622; x_wconf 78' lang='lat' dir='ltr'><strong>est</strong></span> <span class='ocrx_word' id='word_1_18' title='bbox 521 559 686 640; x_wconf 83' lang='lat' dir='ltr'><strong>quod</strong></span> <span class='ocrx_word' id='word_1_19' title='bbox 711 559 944 622; x_wconf 81' lang='lat' dir='ltr'><strong>dicatur</strong></span> <span class='ocrx_word' id='word_1_20' title='bbox 967 558 1102 636; x_wconf 65' lang='lat' dir='ltr'><strong>Iria,</strong></span> <span class='ocrx_word' id='word_1_21' title='bbox 1143 566 1206 620; x_wconf 84' lang='lat' dir='ltr'><strong>et</strong></span> <span class='ocrx_word' id='word_1_22' title='bbox 1231 559 1365 637; x_wconf 79' lang='lat' dir='ltr'><strong>ejus</strong></span> <span class='ocrx_word' id='word_1_23' title='bbox 1403 560 1687 620; x_wconf 78' lang='lat' dir='ltr'><strong>circuitus</strong></span> <span class='ocrx_word' id='word_1_24' title='bbox 1723 557 1935 620; x_wconf 75' lang='lat' dir='ltr'><strong>similis</strong></span> <span class='ocrx_word' id='word_1_25' title='bbox 1962 555 2303 634; x_wconf 77' lang='lat' dir='ltr'><strong>smaragdo.</strong></span> <span class='ocrx_word' id='word_1_26' title='bbox 2344 557 2561 636; x_wconf 84' lang='lat' dir='ltr'><strong>Quod</strong></span> 
     </span>
     <span class='ocr_line' id='line_1_4' title="bbox 391 657 2551 737; baseline -0.001 -15"><span class='ocrx_word' id='word_1_27' title='bbox 391 661 509 722; x_wconf 81' lang='lat' dir='ltr'><strong>Iris</strong></span> <span class='ocrx_word' id='word_1_28' title='bbox 544 659 840 737; x_wconf 79' lang='lat' dir='ltr'><strong>significet</strong></span> <span class='ocrx_word' id='word_1_29' title='bbox 872 659 1162 720; x_wconf 86' lang='lat' dir='ltr'><strong>Divinum</strong></span> <span class='ocrx_word' id='word_1_30' title='bbox 1195 659 1423 720; x_wconf 85' lang='lat' dir='ltr'><strong>Verum</strong></span> <span class='ocrx_word' id='word_1_31' title='bbox 1460 663 1523 718; x_wconf 85' lang='lat' dir='ltr'><strong>in</strong></span> <span class='ocrx_word' id='word_1_32' title='bbox 1556 658 1759 719; x_wconf 73' lang='lat' dir='ltr'><strong>coelis</strong></span> <span class='ocrx_word' id='word_1_33' title='bbox 1796 659 1857 716; x_wconf 85' lang='lat' dir='ltr'><strong>in</strong></span> <span class='ocrx_word' id='word_1_34' title='bbox 1890 673 2004 717; x_wconf 83' lang='lat' dir='ltr'><strong>suo</strong></span> <span class='ocrx_word' id='word_1_35' title='bbox 2040 657 2248 718; x_wconf 81' lang='lat' dir='ltr'><strong>ordine</strong></span> <span class='ocrx_word' id='word_1_36' title='bbox 2284 663 2353 718; x_wconf 78' lang='lat' dir='ltr'><strong>et</strong></span> <span class='ocrx_word' id='word_1_37' title='bbox 2384 658 2551 722; x_wconf 82' lang='lat' dir='ltr'><strong>inde</strong></span> 
     </span>
     <span class='ocr_line' id='line_1_5' title="bbox 369 757 2546 838; baseline -0.002 -16"><span class='ocrx_word' id='word_1_38' title='bbox 369 761 456 822; x_wconf 77' lang='lat' dir='ltr'><strong>‘in</strong></span> <span class='ocrx_word' id='word_1_39' title='bbox 489 778 604 822; x_wconf 80' lang='lat' dir='ltr'><strong>sua</strong></span> <span class='ocrx_word' id='word_1_40' title='bbox 627 759 1088 838; x_wconf 81' lang='lat' dir='ltr'><strong>pulchritudine,</strong></span> <span class='ocrx_word' id='word_1_41' title='bbox 1127 767 1224 820; x_wconf 87' lang='lat' dir='ltr'><strong>est</strong></span> <span class='ocrx_word' id='word_1_42' title='bbox 1249 761 1393 837; x_wconf 80' lang='lat' dir='ltr'><strong>quia</strong></span> <span class='ocrx_word' id='word_1_43' title='bbox 1416 759 1681 820; x_wconf 78' lang='lat' dir='ltr'><strong>infinitae</strong></span> <span class='ocrx_word' id='word_1_44' title='bbox 1706 759 2037 818; x_wconf 80' lang='lat' dir='ltr'><strong>varietates</strong></span> <span class='ocrx_word' id='word_1_45' title='bbox 2065 757 2216 817; x_wconf 88' lang='lat' dir='ltr'><strong>Veri</strong></span> <span class='ocrx_word' id='word_1_46' title='bbox 2252 774 2329 818; x_wconf 85' lang='lat' dir='ltr'><strong>ex</strong></span> <span class='ocrx_word' id='word_1_47' title='bbox 2364 757 2546 818; x_wconf 80' lang='lat' dir='ltr'><strong>bono</strong></span> 
     </span>
     <span class='ocr_line' id='line_1_6' title="bbox 393 857 2533 936; baseline -0.003 -12"><span class='ocrx_word' id='word_1_48' title='bbox 393 865 456 924; x_wconf 85' lang='lat' dir='ltr'><strong>in</strong></span> <span class='ocrx_word' id='word_1_49' title='bbox 491 861 692 922; x_wconf 78' lang='lat' dir='ltr'><strong>coelis</strong></span> <span class='ocrx_word' id='word_1_50' title='bbox 739 867 907 935; x_wconf 76' lang='lat' dir='ltr'><strong>sunt,</strong></span> <span class='ocrx_word' id='word_1_51' title='bbox 979 866 1042 920; x_wconf 89' lang='lat' dir='ltr'><strong>et</strong></span> <span class='ocrx_word' id='word_1_52' title='bbox 1101 877 1238 922; x_wconf 84' lang='lat' dir='ltr'><strong>eum</strong></span> <span class='ocrx_word' id='word_1_53' title='bbox 1295 859 1441 919; x_wconf 82' lang='lat' dir='ltr'><strong>illae</strong></span> <span class='ocrx_word' id='word_1_54' title='bbox 1500 864 2031 936; x_wconf 79' lang='lat' dir='ltr'><strong>repraesentantur</strong></span> <span class='ocrx_word' id='word_1_55' title='bbox 2088 875 2203 935; x_wconf 83' lang='lat' dir='ltr'><strong>per</strong></span> <span class='ocrx_word' id='word_1_56' title='bbox 2261 857 2533 934; x_wconf 70' lang='lat' dir='ltr'><strong>color-ee,</strong></span> 
     </span>
     <span class='ocr_line' id='line_1_7' title="bbox 395 959 2535 1039; baseline -0.003 -15"><span class='ocrx_word' id='word_1_57' title='bbox 395 965 619 1024; x_wconf 75' lang='lat' dir='ltr'><strong>sistunt</strong></span> <span class='ocrx_word' id='word_1_58' title='bbox 655 967 970 1039; x_wconf 85' lang='lat' dir='ltr'><strong>aspectum</strong></span> <span class='ocrx_word' id='word_1_59' title='bbox 996 961 1435 1038; x_wconf 82' lang='lat' dir='ltr'><strong>pulcherrimae</strong></span> <span class='ocrx_word' id='word_1_60' title='bbox 1460 959 1637 1020; x_wconf 86' lang='lat' dir='ltr'><strong>Iridis</strong></span> <span class='ocrx_word' id='word_1_61' title='bbox 1652 979 1669 1036; x_wconf 80' lang='lat'><em>3</em></span> <span class='ocrx_word' id='word_1_62' title='bbox 1702 959 1844 1022; x_wconf 85' lang='lat' dir='ltr'><strong>inde</strong></span> <span class='ocrx_word' id='word_1_63' title='bbox 1874 964 1986 1030; x_wconf 84' lang='lat' dir='ltr'><strong>est,</strong></span> <span class='ocrx_word' id='word_1_64' title='bbox 2022 959 2187 1036; x_wconf 86' lang='lat' dir='ltr'><strong>quod</strong></span> <span class='ocrx_word' id='word_1_65' title='bbox 2210 959 2326 1018; x_wconf 83' lang='lat' dir='ltr'><strong>Iris</strong></span> <span class='ocrx_word' id='word_1_66' title='bbox 2356 959 2535 1019; x_wconf 78' lang='lat' dir='ltr'><strong>faeta</strong></span> 
     </span>
     <span class='ocr_line' id='line_1_8' title="bbox 395 1057 2538 1138; baseline -0.001 -16"><span class='ocrx_word' id='word_1_67' title='bbox 395 1065 476 1124; x_wconf 82' lang='lat' dir='ltr'><strong>sit</strong></span> <span class='ocrx_word' id='word_1_68' title='bbox 509 1063 746 1138; x_wconf 82' lang='lat' dir='ltr'><strong>signum</strong></span> <span class='ocrx_word' id='word_1_69' title='bbox 779 1059 1040 1121; x_wconf 78' lang='lat' dir='ltr'><strong>foederis</strong></span> <span class='ocrx_word' id='word_1_70' title='bbox 1099 1067 1240 1138; x_wconf 84' lang='lat' dir='ltr'><strong>post</strong></span> <span class='ocrx_word' id='word_1_71' title='bbox 1275 1060 1595 1132; x_wconf 83' lang='lat' dir='ltr'><strong>diluvium,</strong></span> <span class='ocrx_word' id='word_1_72' title='bbox 1653 1059 1885 1120; x_wconf 68' lang='lat' dir='ltr'><strong>Genese</strong></span> <span class='ocrx_word' id='word_1_73' title='bbox 1922 1057 2108 1119; x_wconf 83' lang='lat' dir='ltr'>VIII:</span> <span class='ocrx_word' id='word_1_74' title='bbox 2156 1061 2240 1119; x_wconf 91' lang='grc'><strong>12</strong></span> <span class='ocrx_word' id='word_1_75' title='bbox 2282 1059 2365 1118; x_wconf 76' lang='lat' dir='ltr'><strong>ad</strong></span> <span class='ocrx_word' id='word_1_76' title='bbox 2408 1062 2445 1118; x_wconf 86' lang='lat'><strong>1</strong></span> <span class='ocrx_word' id='word_1_77' title='bbox 2468 1065 2538 1120; x_wconf 78' lang='lat'><strong>7:</strong></span> 
     </span>
     <span class='ocr_line' id='line_1_9' title="bbox 397 1157 2538 1240; baseline -0.001 -18"><span class='ocrx_word' id='word_1_78' title='bbox 397 1163 556 1240; x_wconf 84' lang='lat' dir='ltr'><strong>quod</strong></span> <span class='ocrx_word' id='word_1_79' title='bbox 587 1165 650 1222; x_wconf 86' lang='lat' dir='ltr'><strong>in</strong></span> <span class='ocrx_word' id='word_1_80' title='bbox 687 1161 888 1222; x_wconf 79' lang='lat' dir='ltr'><strong>coelis</strong></span> <span class='ocrx_word' id='word_1_81' title='bbox 922 1159 1186 1222; x_wconf 84' lang='lat' dir='ltr'><strong>infinitae</strong></span> <span class='ocrx_word' id='word_1_82' title='bbox 1222 1161 1567 1220; x_wconf 77' lang='lat' dir='ltr'><strong>varietates</strong></span> <span class='ocrx_word' id='word_1_83' title='bbox 1604 1163 1749 1236; x_wconf 77' lang='lat' dir='ltr'><strong>sint,</strong></span> <span class='ocrx_word' id='word_1_84' title='bbox 1789 1159 2065 1220; x_wconf 83' lang='lat' dir='ltr'><strong>videatur</strong></span> <span class='ocrx_word' id='word_1_85' title='bbox 2098 1160 2163 1218; x_wconf 86' lang='lat' dir='ltr'><strong>in</strong></span> <span class='ocrx_word' id='word_1_86' title='bbox 2198 1157 2409 1238; x_wconf 84' lang='lat' dir='ltr'><strong>Opere</strong></span> <span class='ocrx_word' id='word_1_87' title='bbox 2452 1159 2538 1220; x_wconf 88' lang='lat' dir='ltr'><strong>de</strong></span> 
     </span>
     <span class='ocr_line' id='line_1_10' title="bbox 397 1259 2549 1338; baseline -0.002 -14"><span class='ocrx_word' id='word_1_88' title='bbox 397 1263 606 1324; x_wconf 68' lang='lat' dir='ltr'><strong>Ounno</strong></span> <span class='ocrx_word' id='word_1_89' title='bbox 640 1281 720 1322; x_wconf 72' lang='lat' dir='ltr'><strong>m·</strong></span> <span class='ocrx_word' id='word_1_90' title='bbox 753 1261 1030 1322; x_wconf 66' lang='lat' dir='ltr'><strong>Immo</strong></span> <span class='ocrx_word' id='word_1_91' title='bbox 1077 1279 1156 1322; x_wconf 69' lang='lat' dir='ltr'><strong>na</strong></span> <span class='ocrx_word' id='word_1_92' title='bbox 1199 1263 1308 1322; x_wconf 85' lang='grc'><strong>56.</strong></span> <span class='ocrx_word' id='word_1_93' title='bbox 1349 1262 1517 1322; x_wconf 84' lang='grc'><strong>405.</strong></span> <span class='ocrx_word' id='word_1_94' title='bbox 1562 1262 1723 1320; x_wconf 89' lang='grc'><strong>418.</strong></span> <span class='ocrx_word' id='word_1_95' title='bbox 1768 1262 1945 1334; x_wconf 83' lang='lat'>4863</span> <span class='ocrx_word' id='word_1_96' title='bbox 2000 1265 2063 1320; x_wconf 85' lang='lat' dir='ltr'><strong>et</strong></span> <span class='ocrx_word' id='word_1_97' title='bbox 2106 1261 2167 1320; x_wconf 88' lang='lat' dir='ltr'><strong>in</strong></span> <span class='ocrx_word' id='word_1_98' title='bbox 2199 1259 2549 1338; x_wconf 81' lang='lat' dir='ltr'><strong>Opusculo·</strong></span> 
     </span>
     <span class='ocr_line' id='line_1_11' title="bbox 395 1358 2537 1438; baseline -0 -15"><span class='ocrx_word' id='word_1_99' title='bbox 395 1363 472 1424; x_wconf 84' lang='lat' dir='ltr'><strong>de</strong></span> <span class='ocrx_word' id='word_1_100' title='bbox 496 1361 749 1426; x_wconf 70' lang='lat' dir='ltr'><strong>Unvmo</strong></span> <span class='ocrx_word' id='word_1_101' title='bbox 775 1362 1043 1433; x_wconf 64' lang='lat' dir='ltr'><strong>«lumem,</strong></span> <span class='ocrx_word' id='word_1_102' title='bbox 1073 1379 1132 1422; x_wconf 70' lang='lat' dir='ltr'><strong>nx</strong></span> <span class='ocrx_word' id='word_1_103' title='bbox 1169 1365 1198 1422; x_wconf 88' lang='lat'>1</span> <span class='ocrx_word' id='word_1_104' title='bbox 1217 1363 1278 1438; x_wconf 81' lang='lat'><strong>33</strong></span> <span class='ocrx_word' id='word_1_105' title='bbox 1320 1363 1469 1424; x_wconf 86' lang='lat' dir='ltr'><strong>etin</strong></span> <span class='ocrx_word' id='word_1_106' title='bbox 1493 1360 1771 1422; x_wconf 72' lang='lat' dir='ltr'><strong>Aaoms</strong></span> <span class='ocrx_word' id='word_1_107' title='bbox 1800 1358 2219 1423; x_wconf 73' lang='lat' dir='ltr'><strong>Gonnus-rmus</strong></span> <span class='ocrx_word' id='word_1_108' title='bbox 2255 1378 2314 1420; x_wconf 81' lang='lat' dir='ltr'><strong>n:</strong></span> <span class='ocrx_word' id='word_1_109' title='bbox 2353 1361 2537 1422; x_wconf 87' lang='grc'><strong>684.</strong></span> 
     </span>
     <span class='ocr_line' id='line_1_12' title="bbox 403 1459 2533 1539; baseline -0.003 -13"><span class='ocrx_word' id='word_1_110' title='bbox 403 1465 564 1526; x_wconf 87' lang='grc'><strong>690.</strong></span> <span class='ocrx_word' id='word_1_111' title='bbox 607 1464 820 1524; x_wconf 81' lang='grc'><strong>3744.</strong></span> <span class='ocrx_word' id='word_1_112' title='bbox 867 1462 1076 1523; x_wconf 84' lang='grc'><strong>5598.</strong></span> <span class='ocrx_word' id='word_1_113' title='bbox 1124 1463 1333 1524; x_wconf 87' lang='grc'><strong>7236.</strong></span> <span class='ocrx_word' id='word_1_114' title='bbox 1382 1462 1591 1526; x_wconf 80' lang='grc'><strong>7833.</strong></span> <span class='ocrx_word' id='word_1_115' title='bbox 1638 1462 1849 1522; x_wconf 88' lang='grc'><strong>7836.</strong></span> <span class='ocrx_word' id='word_1_116' title='bbox 1896 1463 2123 1520; x_wconf 82' lang='lat'>9002:</span> <span class='ocrx_word' id='word_1_117' title='bbox 2180 1459 2344 1539; x_wconf 83' lang='lat' dir='ltr'><strong>quod</strong></span> <span class='ocrx_word' id='word_1_118' title='bbox 2392 1459 2533 1520; x_wconf 89' lang='lat' dir='ltr'><strong>Co-</strong></span> 
     </span>
     <span class='ocr_line' id='line_1_13' title="bbox 393 1553 2529 1638; baseline -0.001 -14"><span class='ocrx_word' id='word_1_119' title='bbox 393 1557 556 1626; x_wconf 75' lang='lat' dir='ltr'><strong>lores</strong></span> <span class='ocrx_word' id='word_1_120' title='bbox 589 1565 652 1622; x_wconf 86' lang='lat' dir='ltr'><strong>in</strong></span> <span class='ocrx_word' id='word_1_121' title='bbox 687 1562 870 1624; x_wconf 84' lang='lat' dir='ltr'><strong>Coelo</strong></span> <span class='ocrx_word' id='word_1_122' title='bbox 904 1569 1242 1638; x_wconf 77' lang='lat' dir='ltr'><strong>appareant</strong></span> <span class='ocrx_word' id='word_1_123' title='bbox 1277 1579 1353 1622; x_wconf 84' lang='lat' dir='ltr'><strong>ex</strong></span> <span class='ocrx_word' id='word_1_124' title='bbox 1376 1562 1523 1624; x_wconf 70' lang='lat' dir='ltr'><strong>‚luce</strong></span> <span class='ocrx_word' id='word_1_125' title='bbox 1560 1561 1659 1636; x_wconf 87' lang='lat' dir='ltr'><strong>ibi,</strong></span> <span class='ocrx_word' id='word_1_126' title='bbox 1702 1567 1763 1622; x_wconf 87' lang='lat' dir='ltr'><strong>et</strong></span> <span class='ocrx_word' id='word_1_127' title='bbox 1799 1553 1961 1638; x_wconf 57' lang='lat' dir='ltr'><strong>quod</strong></span> <span class='ocrx_word' id='word_1_128' title='bbox 1992 1562 2113 1620; x_wconf 81' lang='lat' dir='ltr'><strong>sint</strong></span> <span class='ocrx_word' id='word_1_129' title='bbox 2146 1561 2280 1638; x_wconf 80' lang='lat' dir='ltr'><strong>ejus</strong></span> <span class='ocrx_word' id='word_1_130' title='bbox 2316 1561 2529 1621; x_wconf 83' lang='lat' dir='ltr'><strong>modi-</strong></span> 
     </span>
     <span class='ocr_line' id='line_1_14' title="bbox 393 1663 2525 1740; baseline -0.001 -16"><span class='ocrx_word' id='word_1_131' title='bbox 393 1665 701 1724; x_wconf 76' lang='lat' dir='ltr'><strong>ficationes</strong></span> <span class='ocrx_word' id='word_1_132' title='bbox 747 1671 808 1722; x_wconf 86' lang='lat' dir='ltr'><strong>et</strong></span> <span class='ocrx_word' id='word_1_133' title='bbox 853 1663 1326 1740; x_wconf 72' lang='lat' dir='ltr'><strong>variegatione3‚</strong></span> <span class='ocrx_word' id='word_1_134' title='bbox 1383 1681 1459 1723; x_wconf 86' lang='lat' dir='ltr'><strong>n:</strong></span> <span class='ocrx_word' id='word_1_135' title='bbox 1506 1665 1715 1722; x_wconf 84' lang='lat'>1042.</span> <span class='ocrx_word' id='word_1_136' title='bbox 1772 1663 1984 1722; x_wconf 88' lang='grc'><strong>1043.</strong></span> <span class='ocrx_word' id='word_1_137' title='bbox 2044 1663 2525 1730; x_wconf 62' lang='lat'><strong>1053.,1624.</strong></span> 
     </span>
     <span class='ocr_line' id='line_1_15' title="bbox 399 1762 2529 1840; baseline -0.001 -14"><span class='ocrx_word' id='word_1_138' title='bbox 399 1764 614 1826; x_wconf 82' lang='grc'><strong>3993.</strong></span> <span class='ocrx_word' id='word_1_139' title='bbox 653 1763 867 1823; x_wconf 81' lang='grc'><strong>4530.</strong></span> <span class='ocrx_word' id='word_1_140' title='bbox 911 1762 1124 1822; x_wconf 84' lang='grc'><strong>4922.</strong></span> <span class='ocrx_word' id='word_1_141' title='bbox 1169 1766 1397 1839; x_wconf 66' lang='grc'><strong>47425</strong></span> <span class='ocrx_word' id='word_1_142' title='bbox 1436 1770 1497 1822; x_wconf 87' lang='lat' dir='ltr'><strong>et</strong></span> <span class='ocrx_word' id='word_1_143' title='bbox 1533 1762 1691 1840; x_wconf 87' lang='lat' dir='ltr'><strong>quod</strong></span> <span class='ocrx_word' id='word_1_144' title='bbox 1728 1763 1961 1824; x_wconf 76' lang='lat' dir='ltr'><strong>colores</strong></span> <span class='ocrx_word' id='word_1_145' title='bbox 1996 1767 2339 1840; x_wconf 74' lang='lat' dir='ltr'><strong>appareant</strong></span> <span class='ocrx_word' id='word_1_146' title='bbox 2364 1764 2529 1824; x_wconf 80' lang='lat' dir='ltr'><strong>varii</strong></span> 
     </span>
     <span class='ocr_line' id='line_1_16' title="bbox 395 1861 2519 1941; baseline -0.001 -17"><span class='ocrx_word' id='word_1_147' title='bbox 395 1861 724 1924; x_wconf 83' lang='lat' dir='ltr'><strong>seeundum</strong></span> <span class='ocrx_word' id='word_1_148' title='bbox 750 1863 1076 1922; x_wconf 83' lang='lat' dir='ltr'><strong>varie-tates</strong></span> <span class='ocrx_word' id='word_1_149' title='bbox 1113 1868 1378 1922; x_wconf 83' lang='lat' dir='ltr'><strong>statuum</strong></span> <span class='ocrx_word' id='word_1_150' title='bbox 1411 1865 1543 1924; x_wconf 85' lang='lat' dir='ltr'><strong>veri</strong></span> <span class='ocrx_word' id='word_1_151' title='bbox 1580 1880 1656 1922; x_wconf 81' lang='lat' dir='ltr'><strong>ex</strong></span> <span class='ocrx_word' id='word_1_152' title='bbox 1682 1863 1859 1934; x_wconf 88' lang='lat' dir='ltr'><strong>bono,</strong></span> <span class='ocrx_word' id='word_1_153' title='bbox 1896 1868 1959 1922; x_wconf 89' lang='lat' dir='ltr'><strong>et</strong></span> <span class='ocrx_word' id='word_1_154' title='bbox 1980 1862 2129 1922; x_wconf 75' lang='lat' dir='ltr'><strong>inde</strong></span> <span class='ocrx_word' id='word_1_155' title='bbox 2164 1861 2519 1941; x_wconf 85' lang='lat' dir='ltr'><strong>intelligen-</strong></span> 
     </span>
     <span class='ocr_line' id='line_1_17' title="bbox 391 1962 2516 2040; baseline 0 -17"><span class='ocrx_word' id='word_1_156' title='bbox 391 1965 516 2024; x_wconf 85' lang='lat' dir='ltr'><strong>tiae</strong></span> <span class='ocrx_word' id='word_1_157' title='bbox 543 1969 604 2023; x_wconf 87' lang='lat' dir='ltr'><strong>et</strong></span> <span class='ocrx_word' id='word_1_158' title='bbox 627 1963 978 2040; x_wconf 83' lang='lat' dir='ltr'><strong>sapientiae,</strong></span> <span class='ocrx_word' id='word_1_159' title='bbox 1015 1979 1085 2022; x_wconf 87' lang='lat' dir='ltr'><strong>n:</strong></span> <span class='ocrx_word' id='word_1_160' title='bbox 1121 1965 1332 2026; x_wconf 85' lang='lat'>4530.</span> <span class='ocrx_word' id='word_1_161' title='bbox 1364 1965 1579 2024; x_wconf 85' lang='grc'><strong>4922.</strong></span> <span class='ocrx_word' id='word_1_162' title='bbox 1623 1965 1835 2024; x_wconf 87' lang='grc'><strong>4677.</strong></span> <span class='ocrx_word' id='word_1_163' title='bbox 1870 1964 2083 2034; x_wconf 78' lang='lat'>9466:</span> <span class='ocrx_word' id='word_1_164' title='bbox 2121 1963 2281 2040; x_wconf 84' lang='lat' dir='ltr'><strong>quod</strong></span> <span class='ocrx_word' id='word_1_165' title='bbox 2309 1962 2516 2024; x_wconf 80' lang='lat' dir='ltr'><strong>Irides</strong></span> 
     </span>
     <span class='ocr_line' id='line_1_18' title="bbox 391 2063 2506 2142; baseline 0 -18"><span class='ocrx_word' id='word_1_166' title='bbox 391 2067 454 2124; x_wconf 85' lang='lat' dir='ltr'><strong>in</strong></span> <span class='ocrx_word' id='word_1_167' title='bbox 485 2063 676 2126; x_wconf 87' lang='lat' dir='ltr'><strong>Coelo</strong></span> <span class='ocrx_word' id='word_1_168' title='bbox 709 2071 1067 2140; x_wconf 70' lang='lat' dir='ltr'><strong>appareant,</strong></span> <span class='ocrx_word' id='word_1_169' title='bbox 1117 2063 1276 2126; x_wconf 84' lang='lat' dir='ltr'><strong>unde</strong></span> <span class='ocrx_word' id='word_1_170' title='bbox 1327 2070 1389 2124; x_wconf 86' lang='lat' dir='ltr'><strong>et</strong></span> <span class='ocrx_word' id='word_1_171' title='bbox 1437 2063 1605 2142; x_wconf 79' lang='lat' dir='ltr'><strong>quid,</strong></span> <span class='ocrx_word' id='word_1_172' title='bbox 1655 2082 1725 2124; x_wconf 85' lang='lat' dir='ltr'><strong>n:</strong></span> <span class='ocrx_word' id='word_1_173' title='bbox 1770 2066 1981 2124; x_wconf 88' lang='grc'><strong>1042.</strong></span> <span class='ocrx_word' id='word_1_174' title='bbox 2030 2064 2239 2125; x_wconf 80' lang='lat'>1043.</span> <span class='ocrx_word' id='word_1_175' title='bbox 2284 2065 2506 2125; x_wconf 87' lang='grc'><strong>1623.</strong></span> 
     </span>
     <span class='ocr_line' id='line_1_19' title="bbox 405 2165 870 2224; baseline -0.002 -1"><span class='ocrx_word' id='word_1_176' title='bbox 405 2168 434 2223; x_wconf 89' lang='grc'><strong>1</strong></span> <span class='ocrx_word' id='word_1_177' title='bbox 451 2167 488 2224; x_wconf 91' lang='grc'><strong>6</strong></span> <span class='ocrx_word' id='word_1_178' title='bbox 503 2169 538 2224; x_wconf 89' lang='grc'><strong>2</strong></span> <span class='ocrx_word' id='word_1_179' title='bbox 551 2167 613 2224; x_wconf 87' lang='grc'><strong>4.</strong></span> <span class='ocrx_word' id='word_1_180' title='bbox 662 2167 688 2222; x_wconf 94' lang='grc'><strong>1</strong></span> <span class='ocrx_word' id='word_1_181' title='bbox 709 2165 747 2223; x_wconf 87' lang='grc'><strong>6</strong></span> <span class='ocrx_word' id='word_1_182' title='bbox 759 2167 794 2222; x_wconf 93' lang='grc'><strong>2</strong></span> <span class='ocrx_word' id='word_1_183' title='bbox 813 2166 870 2224; x_wconf 88' lang='grc'><strong>5.</strong></span> 
     </span>
    </p>

    <p class='ocr_par' dir='ltr' id='par_1_3' title="bbox 391 2264 2519 2946">
     <span class='ocr_line' id='line_1_20' title="bbox 552 2264 2519 2344; baseline 0.002 -22"><span class='ocrx_word' id='word_1_184' title='bbox 552 2268 586 2322; x_wconf 92' lang='grc'><strong>2</strong></span> <span class='ocrx_word' id='word_1_185' title='bbox 605 2266 710 2323; x_wconf 92' lang='grc'><strong>70.</strong></span> <span class='ocrx_word' id='word_1_186' title='bbox 763 2266 842 2324; x_wconf 88' lang='lat' dir='ltr'><strong>Et</strong></span> <span class='ocrx_word' id='word_1_187' title='bbox 877 2266 1098 2326; x_wconf 81' lang='lat' dir='ltr'><strong>circum</strong></span> <span class='ocrx_word' id='word_1_188' title='bbox 1137 2265 1445 2326; x_wconf 84' lang='lat' dir='ltr'><strong>Thronum</strong></span> <span class='ocrx_word' id='word_1_189' title='bbox 1492 2264 1689 2324; x_wconf 86' lang='lat' dir='ltr'><strong>throni</strong></span> <span class='ocrx_word' id='word_1_190' title='bbox 1733 2265 1945 2344; x_wconf 84' lang='lat' dir='ltr'><strong>viginti</strong></span> <span class='ocrx_word' id='word_1_191' title='bbox 1996 2271 2059 2325; x_wconf 85' lang='lat' dir='ltr'><strong>et</strong></span> <span class='ocrx_word' id='word_1_192' title='bbox 2107 2271 2392 2342; x_wconf 79' lang='lat' dir='ltr'><strong>quatuor,</strong></span> <span class='ocrx_word' id='word_1_193' title='bbox 2450 2274 2519 2326; x_wconf 84' lang='lat' dir='ltr'><strong>et</strong></span> 
     </span>
     <span class='ocr_line' id='line_1_21' title="bbox 395 2363 2517 2444; baseline 0 -18"><span class='ocrx_word' id='word_1_194' title='bbox 395 2381 580 2443; x_wconf 87' lang='lat' dir='ltr'><strong>super</strong></span> <span class='ocrx_word' id='word_1_195' title='bbox 613 2363 840 2426; x_wconf 79' lang='lat' dir='ltr'><strong>thronis</strong></span> <span class='ocrx_word' id='word_1_196' title='bbox 875 2365 999 2426; x_wconf 81' lang='lat' dir='ltr'><strong>vidi</strong></span> <span class='ocrx_word' id='word_1_197' title='bbox 1033 2367 1240 2444; x_wconf 80' lang='lat' dir='ltr'><strong>viginti</strong></span> <span class='ocrx_word' id='word_1_198' title='bbox 1277 2373 1337 2426; x_wconf 87' lang='lat' dir='ltr'><strong>et</strong></span> <span class='ocrx_word' id='word_1_199' title='bbox 1376 2372 1641 2443; x_wconf 83' lang='lat' dir='ltr'><strong>quatuor</strong></span> <span class='ocrx_word' id='word_1_200' title='bbox 1675 2367 1945 2426; x_wconf 81' lang='lat' dir='ltr'><strong>seniores</strong></span> <span class='ocrx_word' id='word_1_201' title='bbox 1982 2366 2323 2438; x_wconf 81' lang='lat' dir='ltr'><strong>sedentes,·</strong></span> <span class='ocrx_word' id='word_1_202' title='bbox 2346 2366 2517 2442; x_wconf 82' lang='lat' dir='ltr'><strong>quod</strong></span> 
     </span>
     <span class='ocr_line' id='line_1_22' title="bbox 391 2464 2515 2545; baseline -0.001 -18"><span class='ocrx_word' id='word_1_203' title='bbox 391 2465 686 2545; x_wconf 76' lang='lat' dir='ltr'><strong>significet</strong></span> <span class='ocrx_word' id='word_1_204' title='bbox 720 2469 918 2526; x_wconf 81' lang='lat' dir='ltr'><strong>omnia</strong></span> <span class='ocrx_word' id='word_1_205' title='bbox 942 2483 1092 2526; x_wconf 81' lang='lat' dir='ltr'><strong>vera</strong></span> <span class='ocrx_word' id='word_1_206' title='bbox 1127 2483 1204 2526; x_wconf 78' lang='lat' dir='ltr'><strong>ex</strong></span> <span class='ocrx_word' id='word_1_207' title='bbox 1235 2466 1393 2526; x_wconf 91' lang='lat' dir='ltr'><strong>bono</strong></span> <span class='ocrx_word' id='word_1_208' title='bbox 1428 2469 1489 2524; x_wconf 86' lang='lat' dir='ltr'><strong>in</strong></span> <span class='ocrx_word' id='word_1_209' title='bbox 1520 2464 1717 2527; x_wconf 81' lang='lat' dir='ltr'><strong>Coelis</strong></span> <span class='ocrx_word' id='word_1_210' title='bbox 1754 2467 2166 2542; x_wconf 81' lang='lat' dir='ltr'><strong>superioribus</strong></span> <span class='ocrx_word' id='word_1_211' title='bbox 2192 2484 2231 2528; x_wconf 79' lang='lat' dir='ltr'><strong>a</strong></span> <span class='ocrx_word' id='word_1_212' title='bbox 2254 2467 2515 2528; x_wconf 81' lang='lat' dir='ltr'><strong>Domino</strong></span> 
     </span>
     <span class='ocr_line' id='line_1_23' title="bbox 392 2565 2513 2646; baseline -0 -18"><span class='ocrx_word' id='word_1_213' title='bbox 392 2567 835 2628; x_wconf 79' lang='lat' dir='ltr'><strong>ordinata&#39;ante</strong></span> <span class='ocrx_word' id='word_1_214' title='bbox 862 2565 1186 2637; x_wconf 80' lang='lat' dir='ltr'><strong>Judieium,</strong></span> <span class='ocrx_word' id='word_1_215' title='bbox 1221 2573 1457 2642; x_wconf 80' lang='lat' dir='ltr'><strong>constat</strong></span> <span class='ocrx_word' id='word_1_216' title='bbox 1492 2585 1569 2627; x_wconf 78' lang='lat' dir='ltr'><strong>ex</strong></span> <span class='ocrx_word' id='word_1_217' title='bbox 1594 2566 2025 2644; x_wconf 78' lang='lat' dir='ltr'><strong>significatione</strong></span> <span class='ocrx_word' id='word_1_218' title='bbox 2064 2567 2291 2628; x_wconf 86' lang='lat' dir='ltr'><strong>Throni</strong></span> <span class='ocrx_word' id='word_1_219' title='bbox 2324 2584 2513 2646; x_wconf 79' lang='lat' dir='ltr'><strong>super</strong></span> 
     </span>
     <span class='ocr_line' id='line_1_24' title="bbox 395 2655 2511 2746; baseline 0 -18"><span class='ocrx_word' id='word_1_220' title='bbox 395 2685 515 2746; x_wconf 86' lang='lat' dir='ltr'><strong>quo</strong></span> <span class='ocrx_word' id='word_1_221' title='bbox 549 2667 804 2738; x_wconf 78' lang='lat' dir='ltr'><strong>sedens,</strong></span> <span class='ocrx_word' id='word_1_222' title='bbox 855 2667 1014 2744; x_wconf 87' lang='lat' dir='ltr'><strong>quod</strong></span> <span class='ocrx_word' id='word_1_223' title='bbox 1049 2668 1128 2726; x_wconf 84' lang='lat' dir='ltr'><strong>sit</strong></span> <span class='ocrx_word' id='word_1_224' title='bbox 1159 2667 1457 2726; x_wconf 75' lang='lat' dir='ltr'>Dominus</span> <span class='ocrx_word' id='word_1_225' title='bbox 1509 2667 1707 2744; x_wconf 81' lang='lat' dir='ltr'><strong>quoad</strong></span> <span class='ocrx_word' id='word_1_226' title='bbox 1739 2655 2009 2728; x_wconf 85' lang='lat' dir='ltr'><strong>ultimum</strong></span> <span class='ocrx_word' id='word_1_227' title='bbox 2045 2667 2088 2728; x_wconf 74' lang='lat' dir='ltr'><strong>,J</strong></span> <span class='ocrx_word' id='word_1_228' title='bbox 2092 2667 2376 2743; x_wconf 77' lang='lat' dir='ltr'><strong>adiciam,</strong></span> <span class='ocrx_word' id='word_1_229' title='bbox 2428 2667 2511 2729; x_wconf 82' lang='lat' dir='ltr'><strong>de</strong></span> 
     </span>
     <span class='ocr_line' id='line_1_25' title="bbox 399 2767 2505 2846; baseline 0 -19"><span class='ocrx_word' id='word_1_230' title='bbox 399 2785 520 2846; x_wconf 80' lang='lat' dir='ltr'><strong>qua</strong></span> <span class='ocrx_word' id='word_1_231' title='bbox 553 2785 691 2828; x_wconf 83' lang='lat' dir='ltr'><strong>mox</strong></span> <span class='ocrx_word' id='word_1_232' title='bbox 727 2786 926 2845; x_wconf 86' lang='lat' dir='ltr'><strong>supra,</strong></span> <span class='ocrx_word' id='word_1_233' title='bbox 965 2785 1036 2828; x_wconf 82' lang='lat' dir='ltr'><strong>n:</strong></span> <span class='ocrx_word' id='word_1_234' title='bbox 1067 2771 1231 2838; x_wconf 85' lang='grc'><strong>267,</strong></span> <span class='ocrx_word' id='word_1_235' title='bbox 1268 2775 1330 2828; x_wconf 89' lang='lat' dir='ltr'><strong>et</strong></span> <span class='ocrx_word' id='word_1_236' title='bbox 1366 2767 1524 2843; x_wconf 87' lang='lat' dir='ltr'><strong>quod</strong></span> <span class='ocrx_word' id='word_1_237' title='bbox 1553 2767 1832 2828; x_wconf 81' lang='lat' dir='ltr'><strong>Thronus</strong></span> <span class='ocrx_word' id='word_1_238' title='bbox 1856 2767 2151 2845; x_wconf 78' lang='lat' dir='ltr'><strong>significet</strong></span> <span class='ocrx_word' id='word_1_239' title='bbox 2184 2768 2505 2842; x_wconf 77' lang='lat' dir='ltr'><strong>Judioium,</strong></span> 
     </span>
     <span class='ocr_line' id='line_1_26' title="bbox 397 2867 2510 2946; baseline 0.002 -21"><span class='ocrx_word' id='word_1_240' title='bbox 397 2885 468 2926; x_wconf 81' lang='lat' dir='ltr'><strong>n:</strong></span> <span class='ocrx_word' id='word_1_241' title='bbox 511 2871 546 2926; x_wconf 88' lang='grc'><strong>2</strong></span> <span class='ocrx_word' id='word_1_242' title='bbox 565 2869 686 2942; x_wconf 78' lang='lat'><strong>533</strong></span> <span class='ocrx_word' id='word_1_243' title='bbox 755 2885 833 2928; x_wconf 81' lang='lat' dir='ltr'><strong>ex</strong></span> <span class='ocrx_word' id='word_1_244' title='bbox 878 2867 1313 2946; x_wconf 81' lang='lat' dir='ltr'><strong>significatione</strong></span> <span class='ocrx_word' id='word_1_245' title='bbox 1357 2870 1569 2945; x_wconf 86' lang='lat' dir='ltr'><strong>viginti</strong></span> <span class='ocrx_word' id='word_1_246' title='bbox 1603 2874 1861 2945; x_wconf 83' lang='lat' dir='ltr'><strong>quatuor</strong></span> <span class='ocrx_word' id='word_1_247' title='bbox 1906 2869 2253 2929; x_wconf 81' lang='lat' dir='ltr'><strong>thronorum</strong></span> <span class='ocrx_word' id='word_1_248' title='bbox 2288 2872 2510 2930; x_wconf 73' lang='lat' dir='ltr'><strong>eii-eum</strong></span> 
     </span>
    </p>

    <p class='ocr_par' dir='ltr' id='par_1_4' title="bbox 191 2965 2569 3848">
     <span class='ocr_line' id='line_1_27' title="bbox 191 2965 2509 3054; baseline 0 -25"><span class='ocrx_word' id='word_1_249' title='bbox 191 2967 356 3029; x_wconf 75' lang='grc'><strong>[296]</strong></span> <span class='ocrx_word' id='word_1_250' title='bbox 398 2965 583 3040; x_wconf 80' lang='lat' dir='ltr'><strong>illum,</strong></span> <span class='ocrx_word' id='word_1_251' title='bbox 615 2973 688 3026; x_wconf 84' lang='lat' dir='ltr'><strong>-et</strong></span> <span class='ocrx_word' id='word_1_252' title='bbox 715 2969 924 3043; x_wconf 83' lang='lat' dir='ltr'><strong>viginti</strong></span> <span class='ocrx_word' id='word_1_253' title='bbox 953 2975 1213 3044; x_wconf 81' lang='lat' dir='ltr'><strong>quatuor</strong></span> <span class='ocrx_word' id='word_1_254' title='bbox 1247 2968 1545 3028; x_wconf 83' lang='lat' dir='ltr'><strong>seniorum</strong></span> <span class='ocrx_word' id='word_1_255' title='bbox 1581 2984 1766 3045; x_wconf 84' lang='lat' dir='ltr'><strong>super</strong></span> <span class='ocrx_word' id='word_1_256' title='bbox 1798 2967 1939 3040; x_wconf 80' lang='lat' dir='ltr'><strong>illis,</strong></span> <span class='ocrx_word' id='word_1_257' title='bbox 1957 2968 2135 3054; x_wconf 31' lang='lat' dir='ltr'><strong>‘quod</strong></span> <span class='ocrx_word' id='word_1_258' title='bbox 2160 2971 2279 3029; x_wconf 76' lang='lat' dir='ltr'><strong>sint</strong></span> <span class='ocrx_word' id='word_1_259' title='bbox 2310 2971 2509 3030; x_wconf 79' lang='lat' dir='ltr'><strong>omnia</strong></span> 
     </span>
     <span class='ocr_line' id='line_1_28' title="bbox 393 3066 2507 3154; baseline 0.005 -34"><span class='ocrx_word' id='word_1_260' title='bbox 393 3081 542 3125; x_wconf 79' lang='lat' dir='ltr'><strong>vera</strong></span> <span class='ocrx_word' id='word_1_261' title='bbox 575 3066 730 3126; x_wconf 83' lang='lat' dir='ltr'><strong>coeli</strong></span> <span class='ocrx_word' id='word_1_262' title='bbox 761 3069 822 3124; x_wconf 86' lang='lat' dir='ltr'><strong>in</strong></span> <span class='ocrx_word' id='word_1_263' title='bbox 860 3067 1174 3145; x_wconf 86' lang='lat' dir='ltr'><strong>complexu</strong></span> <span class='ocrx_word' id='word_1_264' title='bbox 1203 3068 1478 3128; x_wconf 82' lang='lat' dir='ltr'><strong>ordinata</strong></span> <span class='ocrx_word' id='word_1_265' title='bbox 1514 3075 1653 3128; x_wconf 78' lang='lat' dir='ltr'><strong>ante</strong></span> <span class='ocrx_word' id='word_1_266' title='bbox 1670 3068 1983 3146; x_wconf 82' lang='lat' dir='ltr'><strong>judicium,</strong></span> <span class='ocrx_word' id='word_1_267' title='bbox 2017 3071 2227 3146; x_wconf 81' lang='lat' dir='ltr'><strong>viginti</strong></span> <span class='ocrx_word' id='word_1_268' title='bbox 2256 3077 2507 3154; x_wconf 84' lang='lat' dir='ltr'><strong>quatuor</strong></span> 
     </span>
     <span class='ocr_line' id='line_1_29' title="bbox 393 3164 2503 3248; baseline 0.003 -24"><span class='ocrx_word' id='word_1_269' title='bbox 393 3164 730 3242; x_wconf 80' lang='lat' dir='ltr'><strong>significant</strong></span> <span class='ocrx_word' id='word_1_270' title='bbox 765 3168 964 3225; x_wconf 84' lang='lat' dir='ltr'><strong>omnia</strong></span> <span class='ocrx_word' id='word_1_271' title='bbox 973 3211 992 3242; x_wconf 86' lang='lat'><strong><em>,</em></strong></span> <span class='ocrx_word' id='word_1_272' title='bbox 1031 3183 1102 3226; x_wconf 84' lang='lat' dir='ltr'><strong>ac</strong></span> <span class='ocrx_word' id='word_1_273' title='bbox 1139 3167 1335 3228; x_wconf 85' lang='lat' dir='ltr'><strong>throni</strong></span> <span class='ocrx_word' id='word_1_274' title='bbox 1360 3169 1685 3246; x_wconf 84' lang='lat' dir='ltr'><strong>judicium,</strong></span> <span class='ocrx_word' id='word_1_275' title='bbox 1724 3187 1796 3229; x_wconf 79' lang='lat' dir='ltr'><strong>ae</strong></span> <span class='ocrx_word' id='word_1_276' title='bbox 1836 3172 2104 3234; x_wconf 76' lang='lat' dir='ltr'><strong>seniores</strong></span> <span class='ocrx_word' id='word_1_277' title='bbox 2140 3169 2275 3230; x_wconf 84' lang='lat' dir='ltr'><strong>illos</strong></span> <span class='ocrx_word' id='word_1_278' title='bbox 2314 3172 2413 3248; x_wconf 87' lang='lat' dir='ltr'><strong>qui</strong></span> <span class='ocrx_word' id='word_1_279' title='bbox 2441 3173 2503 3231; x_wconf 86' lang='lat' dir='ltr'><strong>in</strong></span> 
     </span>
     <span class='ocr_line' id='line_1_30' title="bbox 392 3266 2504 3354; baseline 0.004 -29"><span class='ocrx_word' id='word_1_280' title='bbox 392 3266 552 3326; x_wconf 83' lang='lat' dir='ltr'><strong>veris</strong></span> <span class='ocrx_word' id='word_1_281' title='bbox 607 3282 682 3326; x_wconf 81' lang='lat' dir='ltr'><strong>ex</strong></span> <span class='ocrx_word' id='word_1_282' title='bbox 717 3267 872 3326; x_wconf 86' lang='lat' dir='ltr'><strong>bono</strong></span> <span class='ocrx_word' id='word_1_283' title='bbox 907 3273 1073 3342; x_wconf 79' lang='lat' dir='ltr'><strong>sunt,</strong></span> <span class='ocrx_word' id='word_1_284' title='bbox 1131 3273 1192 3326; x_wconf 91' lang='lat' dir='ltr'><strong>et</strong></span> <span class='ocrx_word' id='word_1_285' title='bbox 1243 3267 1545 3330; x_wconf 79' lang='lat' dir='ltr'><strong>abstracte</strong></span> <span class='ocrx_word' id='word_1_286' title='bbox 1579 3286 1728 3329; x_wconf 82' lang='lat' dir='ltr'><strong>vera</strong></span> <span class='ocrx_word' id='word_1_287' title='bbox 1786 3287 1863 3330; x_wconf 79' lang='lat' dir='ltr'><strong>ex</strong></span> <span class='ocrx_word' id='word_1_288' title='bbox 1896 3269 2082 3346; x_wconf 79' lang='lat' dir='ltr'><strong>bon03</strong></span> <span class='ocrx_word' id='word_1_289' title='bbox 2138 3271 2299 3354; x_wconf 86' lang='lat' dir='ltr'><strong>quod</strong></span> <span class='ocrx_word' id='word_1_290' title='bbox 2356 3269 2504 3332; x_wconf 82' lang='lat' dir='ltr'><strong>coeli</strong></span> 
     </span>
     <span class='ocr_line' id='line_1_31' title="bbox 393 3366 2501 3446; baseline 0.002 -19"><span class='ocrx_word' id='word_1_291' title='bbox 393 3367 736 3444; x_wconf 79' lang='lat' dir='ltr'><strong>superiores</strong></span> <span class='ocrx_word' id='word_1_292' title='bbox 780 3366 876 3426; x_wconf 82' lang='lat' dir='ltr'><strong>hie</strong></span> <span class='ocrx_word' id='word_1_293' title='bbox 919 3367 1355 3446; x_wconf 84' lang='lat' dir='ltr'><strong>intelligantur,</strong></span> <span class='ocrx_word' id='word_1_294' title='bbox 1412 3376 1505 3430; x_wconf 83' lang='lat' dir='ltr'><strong>est</strong></span> <span class='ocrx_word' id='word_1_295' title='bbox 1554 3370 1695 3446; x_wconf 83' lang='lat' dir='ltr'><strong>quia</strong></span> <span class='ocrx_word' id='word_1_296' title='bbox 1730 3387 1935 3430; x_wconf 80' lang='lat' dir='ltr'><strong>omnes</strong></span> <span class='ocrx_word' id='word_1_297' title='bbox 1994 3370 2079 3430; x_wconf 87' lang='lat' dir='ltr'><strong>ibi</strong></span> <span class='ocrx_word' id='word_1_298' title='bbox 2127 3372 2381 3432; x_wconf 78' lang='lat' dir='ltr'><strong>iuveris</strong></span> <span class='ocrx_word' id='word_1_299' title='bbox 2426 3389 2501 3432; x_wconf 84' lang='lat' dir='ltr'><strong>ex</strong></span> 
     </span>
     <span class='ocr_line' id='line_1_32' title="bbox 395 3467 2491 3552; baseline 0 -24"><span class='ocrx_word' id='word_1_300' title='bbox 395 3467 550 3530; x_wconf 79' lang='lat' dir='ltr'><strong>bono</strong></span> <span class='ocrx_word' id='word_1_301' title='bbox 578 3470 797 3529; x_wconf 72' lang='lat' dir='ltr'><strong>amoris</strong></span> <span class='ocrx_word' id='word_1_302' title='bbox 825 3474 983 3538; x_wconf 84' lang='lat' dir='ltr'><strong>sunt,</strong></span> <span class='ocrx_word' id='word_1_303' title='bbox 1021 3474 1082 3528; x_wconf 90' lang='lat' dir='ltr'><strong>et</strong></span> <span class='ocrx_word' id='word_1_304' title='bbox 1106 3471 1251 3552; x_wconf 82' lang='lat' dir='ltr'><strong>quia</strong></span> <span class='ocrx_word' id='word_1_305' title='bbox 1274 3471 1338 3528; x_wconf 90' lang='lat' dir='ltr'><strong>in</strong></span> <span class='ocrx_word' id='word_1_306' title='bbox 1363 3487 1500 3530; x_wconf 81' lang='lat' dir='ltr'><strong>mox</strong></span> <span class='ocrx_word' id='word_1_307' title='bbox 1528 3469 1925 3547; x_wconf 82' lang='lat' dir='ltr'><strong>sequentibus</strong></span> <span class='ocrx_word' id='word_1_308' title='bbox 1952 3470 2169 3530; x_wconf 80' lang='lat' dir='ltr'><strong>dieitur</strong></span> <span class='ocrx_word' id='word_1_309' title='bbox 2196 3469 2270 3532; x_wconf 82' lang='lat' dir='ltr'><strong>de</strong></span> <span class='ocrx_word' id='word_1_310' title='bbox 2302 3469 2491 3530; x_wconf 78' lang='lat' dir='ltr'><strong>Caelis</strong></span> 
     </span>
     <span class='ocr_line' id='line_1_33' title="bbox 394 3568 2499 3654; baseline 0.001 -26"><span class='ocrx_word' id='word_1_311' title='bbox 394 3569 802 3630; x_wconf 80' lang='lat' dir='ltr'><strong>inferioribus:</strong></span> <span class='ocrx_word' id='word_1_312' title='bbox 859 3568 1022 3645; x_wconf 86' lang='lat' dir='ltr'><strong>quod</strong></span> <span class='ocrx_word' id='word_1_313' title='bbox 1053 3571 1262 3647; x_wconf 82' lang='lat' dir='ltr'><strong>viginti</strong></span> <span class='ocrx_word' id='word_1_314' title='bbox 1298 3578 1556 3647; x_wconf 82' lang='lat' dir='ltr'><strong>quatuor</strong></span> <span class='ocrx_word' id='word_1_315' title='bbox 1591 3570 1927 3647; x_wconf 79' lang='lat' dir='ltr'><strong>significent</strong></span> <span class='ocrx_word' id='word_1_316' title='bbox 1960 3573 2190 3642; x_wconf 84' lang='lat' dir='ltr'><strong>omnia,</strong></span> <span class='ocrx_word' id='word_1_317' title='bbox 2244 3575 2332 3654; x_wconf 73' lang='lat' dir='ltr'><strong>est</strong></span> <span class='ocrx_word' id='word_1_318' title='bbox 2362 3572 2499 3654; x_wconf 79' lang='lat' dir='ltr'><strong>quia</strong></span> 
     </span>
     <span class='ocr_line' id='line_1_34' title="bbox 392 3669 2497 3747; baseline 0 -18"><span class='ocrx_word' id='word_1_319' title='bbox 392 3669 498 3729; x_wconf 84' lang='lat' dir='ltr'><strong>ille</strong></span> <span class='ocrx_word' id='word_1_320' title='bbox 531 3685 815 3730; x_wconf 81' lang='lat' dir='ltr'><strong>numerus</strong></span> <span class='ocrx_word' id='word_1_321' title='bbox 851 3669 1042 3729; x_wconf 83' lang='lat' dir='ltr'><strong>simile</strong></span> <span class='ocrx_word' id='word_1_322' title='bbox 1079 3669 1375 3746; x_wconf 79' lang='lat' dir='ltr'><strong>significat</strong></span> <span class='ocrx_word' id='word_1_323' title='bbox 1410 3687 1544 3730; x_wconf 86' lang='lat' dir='ltr'><strong>eum</strong></span> <span class='ocrx_word' id='word_1_324' title='bbox 1580 3687 1829 3731; x_wconf 82' lang='lat' dir='ltr'><strong>numero</strong></span> <span class='ocrx_word' id='word_1_325' title='bbox 1863 3669 2187 3732; x_wconf 80' lang='lat' dir='ltr'><strong>duodeeim</strong></span> <span class='ocrx_word' id='word_1_326' title='bbox 2202 3715 2219 3747; x_wconf 90' lang='lat'>‚</span> <span class='ocrx_word' id='word_1_327' title='bbox 2260 3677 2320 3730; x_wconf 85' lang='lat' dir='ltr'><strong>et</strong></span> <span class='ocrx_word' id='word_1_328' title='bbox 2352 3670 2497 3730; x_wconf 85' lang='lat' dir='ltr'><strong>duo-</strong></span> 
     </span>
     <span class='ocr_line' id='line_1_35' title="bbox 396 3768 2569 3848; baseline 0.001 -20"><span class='ocrx_word' id='word_1_329' title='bbox 396 3768 588 3830; x_wconf 78' lang='lat' dir='ltr'><strong>decim</strong></span> <span class='ocrx_word' id='word_1_330' title='bbox 649 3769 988 3848; x_wconf 80' lang='lat' dir='ltr'><strong>significant</strong></span> <span class='ocrx_word' id='word_1_331' title='bbox 1045 3772 1244 3830; x_wconf 76' lang='lat' dir='ltr'><strong>omnia</strong></span> <span class='ocrx_word' id='word_1_332' title='bbox 1307 3776 1369 3830; x_wconf 86' lang='lat' dir='ltr'><strong>et</strong></span> <span class='ocrx_word' id='word_1_333' title='bbox 1403 3771 1828 3847; x_wconf 78' lang='lat' dir='ltr'><strong>praedicantur</strong></span> <span class='ocrx_word' id='word_1_334' title='bbox 1862 3771 1937 3832; x_wconf 86' lang='lat' dir='ltr'><strong>de</strong></span> <span class='ocrx_word' id='word_1_335' title='bbox 1974 3773 2169 3848; x_wconf 81' lang='lat' dir='ltr'><strong>veris,</strong></span> <span class='ocrx_word' id='word_1_336' title='bbox 2234 3771 2499 3832; x_wconf 78' lang='lat' dir='ltr'><strong>videatur</strong></span> <span class='ocrx_word' id='word_1_337' title='bbox 2554 3825 2569 3840; x_wconf 83' lang='lat'><em>,</em></span> 
     </span>
    </p>

    <p class='ocr_par' dir='ltr' id='par_1_5' title="bbox 323 3867 2499 4252">
     <span class='ocr_line' id='line_1_36' title="bbox 323 3867 2499 3950; baseline 0.002 -22"><span class='ocrx_word' id='word_1_338' title='bbox 323 3875 325 3877; x_wconf 81' lang='grc'><strong>’</strong></span> <span class='ocrx_word' id='word_1_339' title='bbox 394 3887 464 3928; x_wconf 80' lang='lat' dir='ltr'><strong>n:</strong></span> <span class='ocrx_word' id='word_1_340' title='bbox 511 3869 669 3930; x_wconf 86' lang='grc'><strong>577.</strong></span> <span class='ocrx_word' id='word_1_341' title='bbox 725 3871 940 3930; x_wconf 87' lang='grc'><strong>2089.</strong></span> <span class='ocrx_word' id='word_1_342' title='bbox 1001 3871 1214 3930; x_wconf 88' lang='grc'><strong>2129.</strong></span> <span class='ocrx_word' id='word_1_343' title='bbox 1269 3867 1484 3931; x_wconf 84' lang='grc'><strong>2130.</strong></span> <span class='ocrx_word' id='word_1_344' title='bbox 1542 3873 1755 3932; x_wconf 86' lang='grc'><strong>3272.</strong></span> <span class='ocrx_word' id='word_1_345' title='bbox 1802 3871 2015 3932; x_wconf 84' lang='grc'><strong>3858.</strong></span> <span class='ocrx_word' id='word_1_346' title='bbox 2061 3872 2287 3947; x_wconf 76' lang='lat'>391-35</span> <span class='ocrx_word' id='word_1_347' title='bbox 2348 3872 2499 3950; x_wconf 83' lang='lat' dir='ltr'><strong>quod</strong></span> 
     </span>
     <span class='ocr_line' id='line_1_37' title="bbox 395 3971 2493 4049; baseline 0.003 -23"><span class='ocrx_word' id='word_1_348' title='bbox 395 3982 678 4027; x_wconf 80' lang='lat' dir='ltr'><strong>uumerus</strong></span> <span class='ocrx_word' id='word_1_349' title='bbox 713 3971 922 4045; x_wconf 84' lang='lat' dir='ltr'><strong>viginti</strong></span> <span class='ocrx_word' id='word_1_350' title='bbox 958 3977 1213 4048; x_wconf 79' lang='lat' dir='ltr'><strong>quatuor</strong></span> <span class='ocrx_word' id='word_1_351' title='bbox 1247 3971 1441 4031; x_wconf 82' lang='lat' dir='ltr'><strong>simile</strong></span> <span class='ocrx_word' id='word_1_352' title='bbox 1477 3971 1772 4049; x_wconf 77' lang='lat' dir='ltr'><strong>significet</strong></span> <span class='ocrx_word' id='word_1_353' title='bbox 1818 3987 1960 4032; x_wconf 82' lang='lat' dir='ltr'><strong>eum</strong></span> <span class='ocrx_word' id='word_1_354' title='bbox 1990 3987 2238 4032; x_wconf 86' lang='lat' dir='ltr'><strong>numero</strong></span> <span class='ocrx_word' id='word_1_355' title='bbox 2275 3971 2493 4032; x_wconf 83' lang='lat' dir='ltr'><strong>duode-</strong></span> 
     </span>
     <span class='ocr_line' id='line_1_38' title="bbox 395 4063 2493 4150; baseline 0.004 -27"><span class='ocrx_word' id='word_1_356' title='bbox 395 4063 542 4134; x_wconf 84' lang='lat' dir='ltr'><strong>cim,</strong></span> <span class='ocrx_word' id='word_1_357' title='bbox 575 4067 676 4123; x_wconf 78' lang='lat' dir='ltr'><strong>&#39;est</strong></span> <span class='ocrx_word' id='word_1_358' title='bbox 711 4069 853 4140; x_wconf 80' lang='lat' dir='ltr'><strong>quia</strong></span> <span class='ocrx_word' id='word_1_359' title='bbox 883 4069 987 4128; x_wconf 85' lang='lat' dir='ltr'><strong>ille</strong></span> <span class='ocrx_word' id='word_1_360' title='bbox 1023 4077 1116 4131; x_wconf 83' lang='lat' dir='ltr'><strong>est</strong></span> <span class='ocrx_word' id='word_1_361' title='bbox 1149 4069 1373 4148; x_wconf 82' lang='lat' dir='ltr'><strong>duplus</strong></span> <span class='ocrx_word' id='word_1_362' title='bbox 1406 4072 1569 4150; x_wconf 78' lang='lat' dir='ltr'><strong>ejus,</strong></span> <span class='ocrx_word' id='word_1_363' title='bbox 1606 4078 1669 4132; x_wconf 89' lang='lat' dir='ltr'><strong>et</strong></span> <span class='ocrx_word' id='word_1_364' title='bbox 1702 4071 1955 4150; x_wconf 87' lang='lat' dir='ltr'><strong>duplum</strong></span> <span class='ocrx_word' id='word_1_365' title='bbox 1988 4071 2285 4150; x_wconf 77' lang='lat' dir='ltr'><strong>signifieat</strong></span> <span class='ocrx_word' id='word_1_366' title='bbox 2317 4071 2493 4132; x_wconf 81' lang='lat' dir='ltr'><strong>simile</strong></span> 
     </span>
     <span class='ocr_line' id='line_1_39' title="bbox 397 4157 2489 4252; baseline 0.003 -27"><span class='ocrx_word' id='word_1_367' title='bbox 397 4171 532 4216; x_wconf 71' lang='lat' dir='ltr'><strong>&lt;mm</strong></span> <span class='ocrx_word' id='word_1_368' title='bbox 559 4157 660 4218; x_wconf 85' lang='lat' dir='ltr'><strong>illo</strong></span> <span class='ocrx_word' id='word_1_369' title='bbox 681 4176 728 4234; x_wconf 19' lang='lat' dir='ltr'><strong>*a</strong></span> <span class='ocrx_word' id='word_1_370' title='bbox 753 4179 870 4237; x_wconf 85' lang='lat' dir='ltr'><strong>quo</strong></span> <span class='ocrx_word' id='word_1_371' title='bbox 896 4184 1008 4242; x_wconf 84' lang='lat' dir='ltr'><strong>per</strong></span> <span class='ocrx_word' id='word_1_372' title='bbox 1036 4169 1591 4246; x_wconf 79' lang='lat' dir='ltr'><strong>multiplicationem</strong></span> <span class='ocrx_word' id='word_1_373' title='bbox 1620 4173 1908 4252; x_wconf 81' lang='lat' dir='ltr'><strong>exsurgit,</strong></span> <span class='ocrx_word' id='word_1_374' title='bbox 1943 4189 2010 4235; x_wconf 85' lang='lat' dir='ltr'><strong>n:</strong></span> <span class='ocrx_word' id='word_1_375' title='bbox 2048 4172 2258 4233; x_wconf 81' lang='grc'><strong>5291.</strong></span> <span class='ocrx_word' id='word_1_376' title='bbox 2296 4173 2419 4234; x_wconf 84' lang='grc'><strong>533</strong></span> <span class='ocrx_word' id='word_1_377' title='bbox 2434 4174 2489 4233; x_wconf 76' lang='grc'><strong>5.</strong></span> 
     </span>
    </p>
   </div>
  </div>
 </body>
</html>
