2700 4792
311 377 558 434 CAPUT
599 363 1006 437 SECUNDUM.
1702 377 1911 434 vnn&
1955 390 2008 442 e.
2168 391 2267 445 ιιι

137 543 322 600 enim
376 545 582 614 potest
629 535 930 597 introduci
976 538 1038 593 in
1081 535 1416 597 Ecclesiam
1474 541 1534 594 et
1580 536 1825 596 formari
1884 536 1965 595 ad
2008 535 2275 614 Coelum,

143 643 278 699 nisi
327 656 444 714 per
483 639 850 713 cognitiones
891 651 966 692 ex
1002 635 1234 711 Verbo,
1301 636 1533 712 absque
1579 635 1701 695 illis
1754 636 1931 696 homo
1984 654 2102 697 non
2162 641 2278 698 scit

145 742 324 800 viam
363 738 444 796 ad
485 735 750 805 coelum,
789 741 849 795 et
875 735 1106 812 absque
1135 736 1254 794 illis
1283 737 1579 795 Dominus
1615 753 1735 794 non
1766 742 1969 814 potest
2002 737 2275 800 habitare

147 839 329 916 apud
363 837 570 912 illum}
611 835 771 912 quod
805 835 1035 911 absque
1074 835 1511 912 cognitionibus
1539 838 1669 895 veri
1706 843 1766 896 et
1798 837 1941 896 boni
1968 855 2045 896 ex
2072 837 2274 898 Verbo

147 956 342 999 nemo
380 939 538 996 sciat
575 935 802 1013 aliquid
837 935 910 993 de
948 936 1232 1010 Domino,
1273 937 1348 996 de
1389 934 1575 995 Coelo
1610 937 1931 1012 Angelico,
1970 937 2043 995 dc
2072 937 2273 998 chari-

147 1047 289 1099 tate
335 1043 399 1096 et
431 1036 586 1105 fide,
635 1041 839 1094 notum
867 1051 1004 1094 esse
1041 1043 1276 1113 potest3
1331 1043 1393 1096 et
1428 1035 1590 1112 quod
1622 1036 1801 1096 homo
1836 1053 1955 1095 non
1990 1038 2123 1108 scit,
2160 1037 2275 1096 hoc

148 1157 284 1198 non
319 1133 590 1214 cogitare
634 1141 867 1212 potest,
921 1137 1006 1193 ita
1056 1153 1168 1195 nec
1197 1135 1397 1210 velle,
1460 1137 1713 1210 proinde
1762 1153 1875 1195 nec
1920 1137 2164 1196 credere
2214 1144 2277 1196 et

153 1255 407 1313 amare;
461 1235 598 1294 inde
632 1241 835 1311 patet,
893 1236 1054 1312 quod
1102 1235 1280 1295 homo
1321 1253 1435 1313 per
1472 1238 1840 1311 cognitiones
1886 1236 2081 1296 discat
2118 1238 2275 1296 viam

157 1339 242 1398 ad
293 1337 558 1396 coelum:
599 1334 759 1411 quod
785 1335 1014 1412 absque
1047 1336 1481 1412 cognitionibus
1518 1337 1649 1394 veri
1687 1342 1749 1395 et
1784 1336 1925 1396 boni
1960 1355 2037 1395 ex
2069 1336 2275 1397 Verbo

155 1439 464 1499 Dominus
503 1452 620 1494 non
654 1436 848 1511 possit
885 1435 1100 1495 adesse
1138 1443 1198 1495 et
1234 1436 1453 1495 ducere
1495 1436 1811 1509 hominem,
1850 1439 2031 1497 etiam
2066 1442 2274 1496 notum

167 1545 305 1611 est,
343 1554 477 1593 nam
521 1537 623 1612 qui
661 1534 806 1592 nihil
843 1538 1007 1594 novit
1043 1536 1116 1594 de
1151 1536 1441 1610 Domino,
1489 1535 1563 1594 de
1616 1534 1830 1611 Coelo,
1868 1537 1943 1596 de
1980 1536 2273 1596 charitate

169 1644 241 1698 et
275 1635 422 1710 fide,
461 1637 590 1714 ejus
627 1651 796 1693 mens
833 1635 1197 1711 spiritualis,
1221 1652 1412 1712 squae
1448 1653 1619 1696 mens
1648 1637 1923 1712 superior
1958 1643 2051 1697 est
2088 1643 2149 1696 et
2176 1637 2271 1697 vi·

165 1754 318 1797 sura
354 1754 464 1813 per
513 1736 714 1794 lucem
761 1734 942 1810 coeli,
1005 1752 1202 1794 vacua
1249 1741 1374 1807 est,
1430 1743 1491 1795 et
1533 1736 1679 1795 nihil
1724 1737 1909 1796 habet
1945 1753 2020 1796 ex
2053 1737 2273 1796 Divino

158 1841 226 1897 in
277 1853 382 1911 se,
447 1843 508 1895 et
559 1843 760 1894 tamen
802 1833 1098 1893 Dominus
1149 1853 1268 1895 non
1329 1842 1529 1912 potest
1584 1853 1719 1896 esse
1768 1837 1929 1914 apud
1976 1836 2275 1896 hominem

163 1955 350 2014 quam
407 1938 466 1994 in
515 1951 624 1994 suo
673 1935 836 2012 apud
885 1935 1054 1994 illum
1069 1979 1086 2010 ,
1141 1935 1256 1994 hoc
1306 1942 1429 2011 est,
1492 1937 1552 1994 in
1592 1936 1709 1995 illis
1762 1955 1917 2014 quae
1965 1937 2041 1995 ab
2093 1937 2271 2014 Ipso3

160 2037 304 2096 inde
342 2043 453 2106 est,
503 2035 664 2112 quod
699 2035 920 2094 dictum
949 2037 1046 2105 sit,
1099 2035 1258 2112 quod
1290 2034 1585 2096 Dominus
1622 2054 1740 2096 non
1773 2039 1969 2115 possit
2002 2036 2273 2096 habitare

163 2137 333 2214 apud
367 2135 686 2210 hominem,
724 2137 840 2194 nisi
873 2137 924 2194 is
952 2137 1015 2194 in
1049 2136 1485 2212 cognitionibus
1520 2138 1649 2195 veri
1696 2143 1755 2195 et
1783 2138 1923 2196 boni
1958 2153 2035 2196 ex
2068 2135 2275 2196 Verbo

165 2239 275 2311 sit,
333 2242 393 2294 et
443 2236 580 2295 inde
627 2238 690 2294 in
725 2235 887 2294 Vita.
967 2236 1061 2294 Ex
1111 2236 1205 2294 his
1254 2243 1320 2294 ut
1368 2239 1430 2295 in
1477 2253 1711 2294 summa
1758 2239 2057 2312 sequitur,
2115 2236 2275 2311 quod
2326 2241 2335 2254 ““

163 2337 344 2395 homo
413 2335 702 2394 naturalis
768 2353 1150 2412 nequaquam
1209 2318 1339 2394 fieri
1403 2338 1596 2412 possit
1656 2337 1982 2411 spiritualis
2040 2335 2271 2411 absque

167 2437 610 2512 cognitionibus
664 2437 792 2494 veri
843 2443 903 2494 et
945 2435 1087 2494 boni
1139 2453 1215 2495 ex
1269 2435 1490 2494 Verbo.
1590 2435 1767 2511 Quod
1811 2453 1923 2511 per
1972 2435 2271 2510 Angelum

168 2535 492 2594 Ecclesiae
531 2535 984 2610 Smyrnaeorum
1018 2535 1431 2613 intelligantur
1478 2534 1567 2594 illi
1610 2537 1767 2592 intra
1798 2534 2135 2594 Ecclesiam
2170 2535 2272 2609 qui

173 2633 394 2694 volunt
453 2633 780 2710 intelligere
841 2635 1110 2694 Verbum
1173 2645 1233 2697 et
1279 2635 1537 2694 nondum
1593 2633 1961 2710 intelligunt,
2018 2637 2078 2691 et
2124 2631 2265 2692 inde
2307 2633 2473 2698 [100]

165 2751 388 2813 parum
443 2734 640 2794 adhuc
688 2735 749 2792 in
801 2735 1236 2812 cognitionibus
1284 2737 1417 2794 veri
1464 2741 1525 2795 et
1570 2734 1713 2793 boni
1752 2738 1919 2808 sunt,
1985 2747 2135 2809 quas
2171 2736 2268 2790 ta-

165 2853 306 2895 men
361 2834 734 2909 desiderant,
811 2844 907 2894 est
965 2838 1106 2912 quia
1152 2837 1241 2895 illi
1291 2835 1353 2893 in
1420 2835 1732 2895 affectione
1780 2835 1911 2892 veri
1974 2830 2273 2910 spirituali

170 2941 334 3008 sunt,
409 2942 471 2996 et
527 2937 629 3011 qui
688 2937 750 2992 in
812 2935 1122 2994 affectione
1183 2938 1310 2996 veri
1370 2935 1667 3012 spirituali
1728 2940 1893 3008 sunt,
1970 2934 2150 2992 etiam
2208 2934 2272 2992 in

171 3039 298 3093 vita
333 3037 636 3094 charitatis
674 3042 844 3108 sunt,
913 3053 1050 3093 nam
1109 3036 1247 3096 inde
1295 3035 1417 3094 illis
1456 3035 1689 3094 affectio
1730 3032 2091 3111 spiritualiS,
2153 3033 2268 3094 ali-

173 3134 332 3192 unde
369 3135 585 3193 h-omini
635 3152 754 3194 non
817 3141 909 3192 est
956 3136 1266 3211 spirituale
1323 3153 1501 3212 quam
1550 3152 1626 3194 ex
1676 3135 1997 3210 charitate3
2064 3135 2166 3211 qui
2210 3136 2271 3194 in

177 3233 480 3292 affectione
527 3233 634 3292 illa
687 3240 858 3306 sunt,
925 3233 1012 3292 illi
1063 3236 1306 3295 student
1358 3235 1592 3310 Verb0,
1662 3243 1722 3295 et
1762 3235 1906 3294 nihil
1965 3235 2105 3312 plus
2158 3233 2271 3293 de·-

173 3332 436 3393 siderant
489 3351 668 3410 quam
717 3333 1051 3408 intelligere
1105 3333 1281 3409 illud,
1349 3341 1410 3393 et
1458 3337 1599 3410 quia
1631 3335 2088 3394 innumerabilia
2126 3333 2274 3392 inibi

170 3440 306 3494 sunt
341 3451 498 3511 quae
545 3451 665 3492 non
701 3432 1069 3509 intelligunt,
1123 3437 1401 3509 quoniam
1440 3435 1705 3494 Verbum
1739 3438 1799 3493 in
1840 3437 1979 3493 sinu
2025 3449 2139 3492 suo
2176 3436 2272 3489 est

168 3532 510 3611 spirituale,
551 3539 611 3590 et
647 3532 762 3592 hoc
797 3532 1046 3591 includit
1077 3533 1306 3592 infinita
1347 3534 1619 3603 Arcana,
1658 3535 1794 3593 ideo
1834 3532 2011 3592 homo
2052 3545 2269 3605 quam-

165 3633 264 3692 diu
299 3633 500 3692 adhuc
536 3634 597 3690 in
634 3631 851 3690 mundo
889 3635 1068 3701 vivit,
1131 3639 1192 3692 et
1227 3640 1373 3712 tunc
1406 3648 1481 3692 ex
1517 3633 1771 3692 naturali
1806 3632 2045 3688 homine
2084 3627 2269 3701 videt,

163 3751 380 3810 parum
413 3737 618 3808 potest
667 3734 730 3790 in
759 3732 1192 3807 cognitionibus
1230 3735 1359 3792 veri
1396 3739 1472 3812 'et
1517 3733 1657 3791 boni
1694 3747 1862 3803 osse,
1918 3727 2028 3786 sed
2076 3724 2273 3786 solum

163 3836 222 3891 in
254 3831 704 3901 communibus,
732 3832 948 3908 quibus
977 3848 1170 3910 usque
1226 3833 1571 3908 implantari
1617 3834 1872 3906 possunt
1922 3831 2271 3917 innumera-

161 3932 302 3991 bilia
329 3931 570 4008 quando
603 3933 666 3990 in
691 3930 974 3990 mundum
1003 3933 1378 4009 spiritualem
1411 3947 1523 3989 seu
1552 3928 1801 3988 Coelum
1838 3929 2032 3986 venit:
2070 3926 2273 3999 homo,

167 4035 262 4107 qui
307 4034 372 4089 in
408 4030 722 4090 affectione
758 4033 885 4090 veri
934 4049 1009 4092 ex
1047 4035 1273 4108 origine
1313 4029 1607 4106 spirituali
1645 4034 1773 4103 est,
1826 4029 1877 4086 is
1915 4030 2033 4088 scit
2083 4025 2271 4087 multo
2356 4047 2371 4064 ··

164 4131 336 4206 plura
391 4147 574 4206 quam
620 4133 814 4200 novit,
873 4149 1014 4189 nam
1067 4145 1413 4191 communes
1460 4129 1858 4205 cognitioneS,
1922 4145 2081 4206 quae
2136 4132 2279 4186 sunt

166 4231 318 4306 apud
353 4230 556 4302 illum,
613 4237 755 4290 sunt
799 4233 956 4290 sieut
1002 4249 1182 4307 vasa,
1244 4247 1401 4305 quae
1450 4229 1652 4288 multis
1708 4229 1951 4307 impleri
1994 4233 2273 4306 possunt,
