2700 4792
452 505 646 565 Num:
699 503 946 564 XXIV:
1001 505 1062 564 3.
1117 508 1182 564 4.
1247 507 1354 564 15.
1418 507 1540 582 163
1604 513 1853 583 apertus
1900 505 2089 566 oculis
2144 512 2201 564 et
2242 507 2485 567 revelatus

455 605 664 665 oculos
703 609 796 662 est
835 603 1172 664 illustratus
1211 606 1413 682 quoad
1444 605 1813 666 intellectum
1824 627 1841 682 ς
1880 607 2037 667 oculi
2070 609 2220 668 enim
2249 610 2303 666 in
2330 607 2488 666 Verbo

455 703 794 782 significant
853 705 1261 776 intellectum,
1333 706 1612 766 videatur
1660 725 1731 766 n:
1789 709 2003 767 2701.
2061 710 2263 767 4410.
2322 709 2490 766 4411.

459 807 649 866 4523
687 804 763 864 ad
793 807 1008 866 4534.
1055 807 1267 867 9051.
1308 811 1335 866 1
1358 808 1570 868 0569.
1654 807 1832 884 Quod
1864 825 1977 885 per
2008 807 2327 867 Bileamum
2356 808 2492 866 simul

453 905 864 983 intelligantur
917 909 1018 981 qni
1068 915 1269 965 amant
1321 907 1457 967 dolo
1511 908 1765 985 perdere
1810 908 1951 968 illos
1996 911 2100 994 qui
2146 907 2221 967 ab
2254 907 2492 976 Ecclesia,

457 1008 635 1067 etiam
670 1013 839 1083 patet
881 1025 955 1064 ex
1000 1024 1186 1084 supra
1228 1011 1520 1083 ostensis3
1586 1016 1647 1066 et
1686 1001 2009 1086 praeterea
2058 1011 2351 1077 continue,
2392 1025 2493 1066 cum

456 1109 749 1184 equitavit
791 1123 976 1183 super
1009 1100 1232 1178 Asina,
1299 1108 1621 1168 meditatus
1660 1115 1753 1168 est
1785 1111 2131 1187 praestigiis
2174 1111 2258 1168 uti
2289 1108 2357 1167 ad
2384 1125 2492 1184 per·
2617 1181 2619 1190 Ι

455 1207 712 1268 dendum
757 1206 910 1267 filios
960 1206 1242 1284 Israelis,
1299 1217 1361 1268 et
1414 1225 1549 1268 cum
1596 1209 1712 1269 hoc
1758 1227 1876 1269 non
1923 1213 2121 1286 potuit
2166 1209 2389 1286 aggredi
2415 1225 2495 1284 per

455 1307 940 1383 maledictiones,
1023 1309 1324 1368 consuluit
1368 1309 1595 1370 Balaco
1643 1309 1897 1386 perdere
1953 1311 2091 1370 illos
2153 1309 2395 1370 vocando
2440 1307 2495 1366 ad

455 1407 748 1469 sacrificia
785 1408 1030 1468 deorum
1069 1409 1234 1486 ejus,
1289 1414 1350 1468 et
1392 1410 1709 1470 scortando
1736 1427 1871 1469 cum
1907 1410 2147 1470 filiabus
2181 1409 2388 1483 Moabi;
2416 1425 2496 1484 per
2617 1405 2619 1484 f

451 1509 606 1570 filios
665 1507 910 1568 Isra‘e‘lis
928 1551 946 1577 ‚
1009 1525 1157 1586 qnos
1216 1510 1473 1587 perdere
1534 1510 1750 1586 voluit,
1830 1511 2202 1588 significatur
2248 1509 2489 1580 Ecclesia,

455 1612 734 1688 quoniam
771 1609 932 1686 apud
969 1609 1104 1668 illos
1142 1609 1419 1670 Ecclesia
1446 1614 1719 1671 instituta
1752 1612 1889 1687 fuit‚·
1921 1611 2199 1671 videatur
2230 1629 2295 1668 n:
2330 1611 2495 1668 6426.
2617 1611 2619 1618 '

421 1697 672 1769 ⁸880&
723 1712 935 1770 9340.
989 1711 1294 1770 Arcanum
1323 1711 1397 1770 de
1427 1715 1623 1787 asina,
1670 1729 1855 1789 snper
1890 1728 2012 1788 qua
2044 1712 2341 1771 Bileamus
2365 1710 2492 1790 equi·

452 1811 633 1884 tavit,
701 1826 856 1887 quae
907 1818 1001 1871 ter
1061 1811 1304 1870 deflexit
1354 1829 1389 1871 e
1440 1816 1540 1872 via
1598 1831 1675 1873 ex
1727 1815 1863 1872 viso
1914 1812 2153 1890 Angelo
2206 1829 2332 1871 eum
2384 1823 2494 1868 ense

455 1913 800 1987 evaginato,
840 1917 900 1969 et
935 1911 1095 1988 quod
1127 1911 1379 1988 loquuta
1413 1915 1493 1972 sit
1526 1914 1605 1973 ad
1638 1913 1972 1972 Bileamum
1990 1957 2007 1987 ,
2050 1913 2230 1972 velim
2260 1911 2348 1970 hic
2376 1925 2494 1987 pau-

453 353 562 408 184
861 343 1350 404 APOCALYPSIS
1396 345 1831 408 ΕΧΡΜΟΛΤΑ.
1908 345 1955 415 ς.
2000 355 2123 411 ιω.
2581 253 2621 485 J

2592 483 2621 548 ο,

455 2015 544 2071 cis
592 2012 924 2088 explicare:
982 2012 1292 2072 Bileamus
1356 2032 1491 2074 eum
1550 2016 1841 2090 equitavit
1893 2031 2082 2090 super
2128 2013 2338 2080 Asina,
2388 2027 2495 2068 con-

453 2115 620 2171 tinuo
656 2111 975 2171 meditatus
1013 2119 1107 2172 est
1140 2116 1499 2192 praestigias
1537 2122 1745 2174 contra
1792 2115 1947 2174 filios
1986 2113 2265 2188 Israelis,
2312 2112 2495 2170 luorum

455 2229 572 2289 quo
607 2212 1002 2271 honoraretur
1045 2215 1108 2272 in
1160 2216 1357 2274 animo
1398 2215 1529 2291 ejus
1584 2222 1740 2290 erat,
1806 2215 1965 2290 quod
2014 2218 2200 2274 etiam
2242 2219 2393 2290 patet
2440 2225 2493 2268 ex

450 2313 546 2372 his
598 2313 728 2390 ejus
773 2312 976 2372 verbis
1028 2312 1226 2388 „Non
1267 2315 1390 2375 ivit
1437 2315 1605 2376 siout
1636 2314 1968 2396 prioribus
2011 2314 2257 2376 vicibus
2300 2311 2499 2374 obviam

453 2412 1003 2476 divinationibu8“
1049 2414 1234 2476 Num:
1277 2415 1526 2478 XXIV:
1574 2419 1646 2492 13
1700 2413 1881 2476 corde
1914 2418 2095 2476 etiam
2132 2417 2499 2493 praestigiator

451 2523 615 2591 erat,
678 2531 866 2594 quare
920 2532 1055 2575 cum
1111 2533 1186 2574 ex
1229 2533 1326 2590 se,
1392 2534 1511 2575 non
1560 2516 1724 2576 aliud
1771 2519 2055 2592 cogitavit
2066 2536 2085 2591 3
2140 2534 2264 2606 per·
2295 2517 2497 2574 Asinam

449 2633 634 2694 super
687 2634 808 2694 qua
855 2617 1185 2694 equitatur,
1237 2620 1297 2676 in
1345 2633 1532 2676 sensu
1579 2617 1877 2694 spirituali
1938 2616 2131 2678 Verbi
2185 2615 2500 2696 significatur

448 2715 856 2778 intellectuale
907 2718 1306 2788 illustratum,
1372 2725 1741 2794 quapropter
1792 2719 2061 2794 equitare
2127 2735 2307 2795 super
2354 2715 2501 2774 Asina

451 2836 561 2878 seu
613 2819 776 2878 mula
833 2825 962 2882 erat
1008 2819 1241 2895 insigne
1293 2820 1511 2878 summi
1568 2818 1609 2878 J
1613 2819 1802 2878 udicis
1870 2825 1932 2877 et
1980 2819 2209 2900 Regis,
2276 2816 2503 2876 videatur

449 2935 636 2995 supra
675 2937 745 2978 n:
792 2921 913 2989 31,
981 2920 1136 2980 etin
1171 2919 1449 2978 Anonos
1488 2917 1913 2979 Gonu-:sunus
1959 2937 2026 2977 n:
2074 2922 2287 2980 2781.
2331 2915 2501 2976 5741.

251 3033 411 3096 [127]
460 3021 547 3077 92
565 3022 594 3076 1
613 3023 686 3093 23
739 3019 1010 3095 Angelus
1047 3005 1184 3078 cum
1221 3036 1366 3078 ense
1412 3022 1729 3095 evaginato
1763 3019 2058 3096 significat
2090 3020 2364 3079 Divinum
2402 3014 2502 3073 Ve-

447 3135 580 3178 rum
639 3117 947 3178 illustrans
1011 3128 1072 3178 et
1119 3135 1397 3196 pugnans
1464 3127 1673 3180 contra
1725 3120 1975 3194 falsum,
2044 3120 2315 3180 videatur
2360 3116 2505 3177 etiam

449 3235 640 3295 supra
686 3237 757 3277 n:
816 3221 986 3278 131:
1040 3221 1177 3278 inde
1231 3239 1343 3297 per
1399 3221 1557 3296 quod
1603 3222 1777 3279 asina
1829 3227 1921 3279 ter
1980 3219 2290 3280 deflexerit
2344 3236 2375 3278 e
2414 3215 2500 3284 via»

450 3319 820 3396 significatur
856 3320 1018 3396 quod
1051 3319 1390 3379 intellectus
1438 3321 1774 3380 illustratus
1820 3338 1941 3380 non
1980 3321 2358 3380 concordaret
2398 3327 2504 3374 cum
2622 3361 2624 3402 ἱ

451 3423 812 3499 cogitatione
862 3421 1371 3497 praestigiatoris,
1438 3421 1597 3499 quod
1634 3423 1815 3482 etiam
1858 3420 2211 3498 intelligitur
2242 3435 2347 3499 per
2378 3409 2502 3492 quod
2622 3415 2624 3456 ἴ

448 3521 718 3600 Angelus
757 3521 902 3580 dixit
939 3520 1014 3578 ad
1057 3519 1391 3580 Bileamum
1441 3521 1654 3597 „Ecce
1695 3539 1807 3601 eqo
1854 3521 2030 3581 eoeivi
2074 3521 2145 3581 in
2188 3520 2499 3582 adversum

447 3622 600 3701 quia
633 3617 812 3682 mala
847 3625 945 3680 eet
970 3620 1078 3681 via
1115 3639 1326 3681 eoram
1364 3625 1501 3682 φησί·
1557 3623 1741 3682 Num:
1778 3621 1998 3683 XXII:
2042 3624 2128 3680 32
2150 3640 2166 3696 ;
2228 3637 2337 3700 per
2376 3617 2501 3674 viam

446 3726 508 3782 in
535 3739 718 3781 sensu
755 3721 1051 3797 spirituali
1073 3721 1259 3781 Verbi
1294 3723 1664 3798 significatur
1690 3723 1752 3781 id
1788 3722 1948 3798 quod
1980 3721 2159 3781 homo
2195 3741 2269 3782 ex
2298 3713 2499 3778 intenti-

449 3839 563 3882 one
593 3822 832 3898 cogitat,
872 3822 1148 3883 videatur
1173 3825 1234 3880 in
1263 3820 1465 3898 Opere
1494 3823 1567 3882 de
1600 3822 1811 3882 Coeno
1846 3841 1925 3880 nr
1951 3822 2225 3882 Iun-enno
2250 3837 2330 3880 n:
2370 3812 2499 3876 479·

456 3923 613 3980 534.
653 3923 812 3994 590,
843 3929 904 3982 et
929 3925 992 3982 in
1011 3921 1322 4000 Opusculo
1351 3923 1427 3982 de
1450 3922 1697 3984 Ummo
1724 3923 1983 3983 Jumcio·
1997 3939 2054 3980 n:
2089 3925 2211 3998 483
2244 3917 2391 3998 quod
2412 3913 2496 3972 de·

441 4026 642 4081 tentus
670 4024 748 4082 sit
777 4040 815 4081 a
849 4024 1207 4102 cogitatione
1241 4029 1302 4081 et
1334 4025 1662 4083 intentione
1697 4023 2043 4099 praestigiis
2072 4023 2274 4083 utendi
2308 4034 2408 4097 per
2433 4012 2494 4068 ti·

439 4139 666 4182 moreni
701 4125 906 4183 mortis
920 4169 936 4199 ,
985 4130 1156 4201 patet
1185 4123 1262 4181 ab
1302 4123 1522 4200 Angeli
1558 4123 1733 4182 dictis
1770 4123 1847 4182 ad
1880 4121 2049 4182 illum
2098 4121 2298 4199 „Nisi
2324 4111 2497 4178 Asina

443 4219 822 4285 declinasset
865 4241 1076 4284 coram
1123 4237 1246 4298 me,
1303 4221 1518 4301 utique
1562 4222 1759 4284 etiam
1806 4239 1971 4284 nuno
2022 4227 2082 4282 te
2126 4209 2491 4286 occidissmn“
