2700 4792
371 343 1057 424 CAPUTJJSECUNDUM.
1136 383 1163 406 .
1550 347 1763 414 VERS:
1810 358 2053 425 12-17.
2212 364 2322 433 15⁸1

195 505 484 570 Habetis
507 525 728 568 aierem
753 502 988 568 audiat
1009 503 1170 586 quid
1193 503 1469 586 apiriam
1488 503 1651 569 dicit
1666 504 2013 572 Ecclesia:
2050 511 2329 578 vincente·

199 608 372 670 dabo
411 604 522 668 illa·
545 605 724 668 edere
761 606 840 668 de
865 625 1104 668 manna
1143 606 1547 668 abscondito.-
1592 611 1653 666 et
1678 606 1837 678 dabo
1865 607 1973 672 illi
2006 609 2323 678 calcabam

195 705 464 778 album,
527 712 588 766 et
618 707 688 767 in
721 705 964 771 calculo
1013 725 1235 770 nomen
1261 725 1495 769 novum
1527 707 1865 787 amptum,
1928 712 2098 790 quod
2140 734 2319 780 nemo

194 807 384 870 novit
411 807 552 870 nisi
573 806 686 886 qui
709 807 959 887 accipit.
999 808 1074 866 Et
1102 799 1332 884 Angelo
1364 811 1425 866 in
1450 807 1745 884 Pergamo
1762 810 2075 872 Ecclesiae
2102 816 2316 894 scribe,

195 908 508 986 significat
533 906 612 968 ad
639 905 1110 968 recordationem
1137 907 1256 968 illis
1285 910 1443 966 intra
1458 908 1792 970 Ecclesiam
1820 913 1925 986 qui
1948 907 2318 975 iri-tentatio·-

203 1009 393 1068 nibus
429 1015 606 1067 sunt:
661 1008 815 1068 haec
847 1005 992 1068 dicit
1019 1008 1248 1068 habens
1287 1008 1673 1084 romphaeam
1702 1013 2022 1086 ancipitem
2058 1021 2313 1092 acutam,

207 1109 518 1186 significat
556 1109 878 1168 Dominum
924 1109 1042 1185 Qui
1087 1108 1254 1168 solus
1289 1110 1350 1167 in
1400 1110 1823 1169 tentationibus
1859 1119 2114 1188 pugnat:
2176 1119 2319 1176 novi

203 1226 398 1286 opera
426 1209 866 1286 tua,significat
891 1217 1154 1268 amorem
1185 1216 1244 1267 et
1271 1207 1469 1268 fidem:
1498 1209 1601 1268 ubi
1624 1209 1880 1284 habitae,
1902 1212 2195 1289 significat
2222 1217 2316 1290 in-

201 1318 296 1370 ter
327 1326 490 1386 quos
521 1327 682 1368 nnnc
699 1312 873 1369 vivit:
912 1311 1017 1369 ubi
1037 1309 1284 1370 thronus
1311 1309 1593 1384 Satanae,
1622 1309 1917 1386 significat
1936 1313 2038 1372 ubi
2062 1322 2317 1391 regnant

207 1413 408 1472 omnia
453 1409 642 1470 falsa:
727 1416 786 1470 et
838 1417 1006 1470 tenes
1051 1410 1284 1470 Nomen
1332 1428 1559 1484 meum,
1610 1409 1902 1488 significat
1954 1415 2315 1490 agnitionem

209 1509 414 1570 nivini
439 1511 504 1568 in
533 1509 812 1570 Humano
838 1511 1068 1586 Ipsius:
1111 1517 1174 1569 et
1197 1528 1316 1570 non
1343 1513 1579 1586 negasti
1610 1510 1805 1586 fidem,
1846 1514 2139 1590 signifieat
2166 1531 2311 1577 con-

215 1613 496 1670 stantiam
547 1611 605 1666 in
670 1613 864 1670 veris:
927 1617 988 1668 et
1031 1613 1094 1669 in
1149 1610 1370 1672 diebus
1404 1613 1465 1670 in
1514 1612 1731 1687 quibus
1752 1613 2035 1690 ‘Antipas
2084 1623 2314 1692 martyr

213 1727 376 1770 mens
417 1710 616 1770 fidelis
665 1713 768 1786 qui
807 1713 1044 1770 occisus
1083 1711 1247 1788 apud
1279 1729 1417 1786 voe,
1468 1711 1763 1788 significat
1813 1717 1873 1772 in
1923 1734 1993 1774 co
2034 1722 2309 1792 tempore

209 1817 268 1870 et
306 1818 480 1870 statu
519 1829 638 1888 qno
689 1810 825 1870 odio
875 1812 1178 1870 hab-entur
1227 1829 1434 1874 omnes
1480 1815 1583 1889 qui
1632 1813 1918 1876 Divinum
1967 1817 2313 1882 ‚Humanum

206 1911 454 1971 Domini
500 1911 886 1988 profitentur:
941 1911 1046 1972 ubi
1087 1912 1320 1972 habitat
1368 1913 1655 1989 Satanae,
1722 1915 2017 1992 significat
2064 1918 2141 1977 ab
2192 1918 2313 1980 illis

208 2015 309 2089 qui
335 2015 402 2071 in
440 2013 710 2072 doctrina
761 2015 1024 2073 omnium
1079 2013 1365 2072 salsorum
1402 2021 1567 2078 sunt:
1630 2015 1740 2074 sed
1774 2017 1967 2076 habeo
2019 2018 2314 2102 adversae

209 2119 266 2172 te
318 2130 549 2190 panca,
599 2115 898 2190 significat
947 2112 1106 2190 qnod
1155 2112 1487 2174 cavendum
1534 2117 1643 2174 sit:
1700 2117 1865 2192 quod
1910 2118 2141 2182 habeas
2186 2120 2315 2182 illie

207 2220 482 2276 tenentes
529 2215 861 2286 doctrinam
903 2214 1184 2288 Balaam,
1248 2217 1353 2291 qui
1399 2215 1657 2275 docebat
1708 2216 2000 2278 Balacnm
2048 2219 2309 2296 objicere

209 2314 560 2374 scandalum
599 2332 798 2374 coram
832 2314 970 2374 filiis
1006 2314 1252 2375 Israelis
1267 2359 1286 2390 ,
1324 2315 1621 2392 significat
1662 2315 1799 2378 illos
1838 2316 1943 2395 qui
1981 2319 2179 2396 quoad
2211 2325 2308 2380 in·

208 2413 522 2474 tellectum
570 2415 852 2477 illustrati
900 2421 1040 2474 sunt
1089 2422 1148 2474 et
1198 2416 1415 2475 docent
1444 2433 1633 2490 .vera,
1708 2417 1819 2477 sed
1866 2433 2059 2494 usque
2106 2427 2311 2481 amant

216 2513 362 2570 dolo
403 2515 650 2588 perdere
681 2516 816 2574 illos
854 2517 954 2592 qui
999 2515 1076 2575 ab
1115 2516 1419 2576 Ecclesia:
1474 2516 1653 2576 edere
1682 2517 2015 2593 idolothyta
2048 2525 2109 2578 et
2135 2536 2307 2580 scor·

220 2612 360 2687 tari,
394 2613 680 2690 significat
702 2623 764 2674 ut
785 2617 1056 2676 imbuant
1084 2616 1244 2676 mala
1279 2623 1340 2676 et
1370 2616 1507 2677 inde
1538 2616 1723 2676 falsa:
1760 2619 1847 2674 ita
1872 2616 2061 2676 habes
2090 2607 2201 2706 [et]
2242 2626 2309 2680 tu

215 2719 490 2774 tenentes
525 2715 846 2776 doctrinam
880 2713 1310 2776 Nicolaitarum
1341 2717 1503 2792 quod
1540 2716 1670 2788 odi,
1710 2716 2005 2794 significat
2037 2718 2173 2778 illos
2208 2722 2310 2796 qui

209 2822 494 2889 separant
529 2816 748 2876 bonum
777 2835 812 2874 a
837 2835 980 2875 vcro
1017 2834 1124 2876 seu
1157 2817 1507 2876 charitatem
1546 2835 1581 2874 a
1618 2817 1767 2894 fide,
1822 2817 1979 2892 quod
2016 2825 2111 2882 est
2148 2835 2301 2878 con·-

205 2919 306 2972 tra
337 2913 620 2976 Divinum
657 2917 956 2978 ordinem:
1011 2919 1302 2993 resipisce
1323 2961 1340 2990 ,
1378 2917 1675 2994 significat
1708 2919 2193 2982 dissociationem
2228 2919 2308 2982 ab

217 3013 361 3076 illis:
413 3020 510 3076 sin
545 3019 776 3092 minus,
841 3021 1076 3078 veniam
1124 3016 1232 3076 tibi
1285 3021 1431 3093 cite,
1486 3028 1547 3078 et
1588 3020 1869 3096 pugnabo
1918 3027 2125 3082 contra
2174 3022 2311 3084 illos

213 3117 534 3192 romphaea
589 3121 710 3176 oris
759 3119 907 3187 mei,
959 3119 1254 3195 significat
1308 3123 1365 3178 si
1416 3137 1561 3192 non,
1626 3137 1763 3179 cum
1813 3122 2070 3183 visitatio
2127 3122 2307 3198 venit,

211 3217 362 3290 quod
397 3218 856 3294 dispergentur:
909 3220 1140 3280 habens
1196 3233 1401 3279 aurem
1439 3219 1644 3292 audiat
1691 3221 1835 3298 quid
1888 3225 2133 3299 spiritus
2170 3224 2313 3282 dicit

210 3313 526 3388 EcclesiiS‚
583 3319 880 3394 significat
916 3320 1076 3395 quod
1113 3321 1214 3395 qui
1247 3320 1527 3395 intelligit
1561 3322 1891 3391 auscultet,
1947 3325 2091 3398 quid
2130 3324 2308 3382 Divi·-

207 3431 342 3475 num
387 3417 621 3478 Verum
673 3419 1010 3494 procedens
1060 3438 1098 3478 a
1145 3420 1403 3480 Domino
1448 3421 1624 3480 docet
1672 3429 1733 3482 et
1768 3423 1909 3482 dicit
1938 3424 2058 3485 illis
2096 3422 2199 3495 qui
2234 3421 2309 3480 ab

204 3514 480 3579 Ecclesia
514 3518 718 3594 Ipsius
747 3526 924 3578 sunt:
970 3521 1238 3583 evincenti
1283 3521 1439 3580 dabo
1478 3521 1654 3581 edere
1692 3523 1766 3580 de
1800 3539 2019 3580 manna
2054 3521 2311 3578 abscon-

205 3614 352 3691 dito,
409 3618 708 3695 significat
755 3621 828 3678 iis
845 3663 861 3695 ,
921 3623 1024 3696 qui
1061 3623 1122 3680 in
1165 3622 1594 3683 tentationibus
1648 3625 1923 3691 vincunt,
1976 3617 2310 3704 jucundum

205 3721 425 3778 amoris
481 3720 766 3781 coelestis
815 3738 888 3780 ex
933 3721 1158 3781 Divino
1211 3721 1489 3782 Humano
1543 3721 1813 3780 Domini:
1886 3711 1945 3776 et
2005 3717 2159 3776 dabo
2222 3718 2311 3777 illi

205 3817 504 3880 calculum
558 3820 790 3896 album,
857 3821 1154 3898 significat
1193 3823 1548 3898 sapientiam
1602 3827 1663 3878 et
1708 3819 2194 3895 intelligentiam:
2250 3824 2357 3878 et·

199 3917 260 3976 in
292 3919 532 3980 calculo
571 3937 790 3980 nomen
834 3939 1056 3980 novum
1109 3925 1401 3999 scriptum
1450 3919 1609 4003 quod
1648 3936 1821 3980 nemo
1858 3923 2023 3979 novit
2057 3921 2176 3979 nisi.
2210 3922 2311 3997 qui

203 4021 454 4096 accipit,
518 4020 816 4098 significat
856 4027 1084 4082 >etatum
1139 4025 1306 4084 vitae
1354 4024 1653 4086 interioris
1710 4023 1977 4099 ignotum
2038 4022 2313 4087 omnibus

203 4127 444 4192 praeter
479 4121 598 4180 illis
637 4123 742 4198 qui
773 4125 836 4182 in
868 4140 940 4183 eo
969 4125 1131 4182 sunt.

353 4225 386 4280 l
407 4221 517 4280 30.
601 4222 678 4280 Et
731 4223 966 4301 Angelo
1017 4225 1077 4282 in
1125 4223 1425 4301 Pergamo
1480 4224 1794 4286 Ecclesiae
1858 4224 2083 4296 scribe,
2145 4221 2313 4297 quod
