2700 4792
369 387 610 443 CAPUT
649 385 1056 446 SECUNDUM.
1686 390 1903 447 vnn&
1962 402 2059 455 2⁷.
2216 401 2325 460 243

207 548 543 610 clauditur:
609 553 668 606 et
695 549 836 623 quia
871 548 1069 606 omnia
1099 546 1260 605 mala
1295 554 1356 606 et
1390 543 1544 607 falsa
1576 551 1638 608 in
1662 552 1921 611 naturali
1954 553 2191 615 homine
2226 573 2327 616 re-

210 651 447 719 sident,
503 647 640 706 ideo
681 647 786 705 illa
822 649 1103 724 castigari
1151 653 1212 706 et
1247 647 1512 724 dispergi
1548 649 1767 709 debent
1800 669 1911 728 per
1948 651 2121 730 talia,
2169 668 2326 732 quae

209 753 398 810 etiam
435 748 539 822 ibi,
585 765 740 823 quae
779 754 920 806 sunt
947 765 1094 806 vera
1118 750 1178 806 in
1207 746 1469 806 naturali
1496 750 1760 825 homine3
1800 770 1947 812 vera
1970 757 2032 812 in
2069 757 2329 816 naturali

209 850 457 910 homine
495 858 634 907 sunt
669 847 996 906 scientifica
1031 855 1093 907 et
1127 850 1524 924 cognitioneS,
1572 867 1649 908 ex
1684 852 1900 926 quibus
1936 854 2111 913 homo
2148 862 2327 914 natu-

207 951 423 1010 raliter
455 951 719 1024 cogitare
741 989 758 1016 ,
808 950 1202 1022 ratiocinari,
1236 954 1296 1007 et
1330 948 1689 1010 concludere
1726 959 1928 1028 potest
1963 954 2037 1012 de
2072 957 2233 1016 veris
2266 965 2327 1018 et
2365 971 2526 1034 [164]

207 1052 390 1111 bonis
415 1049 748 1122 Ecclesiae,
793 1055 854 1107 et
894 1048 968 1107 de
1005 1048 1174 1108 falsis
1203 1055 1264 1106 et
1291 1049 1469 1107 malis
1508 1067 1664 1127 quae
1702 1051 1822 1110 illis
1852 1055 2131 1129 opposita
2166 1063 2324 1127 sunt,
2404 1109 2419 1122 ,

215 1159 285 1212 et
321 1150 458 1210 inde
493 1152 556 1208 in
600 1148 859 1224 quadam
905 1149 1304 1208 illustratione
1341 1150 1600 1209 naturali
1638 1168 1775 1211 esse
1804 1170 1941 1211 cum
1974 1154 2123 1230 legit
2164 1155 2325 1215 Ver-

209 1255 392 1325 bum3
442 1250 711 1310 Verbum
749 1249 999 1323 enim-in
1034 1249 1211 1307 litera
1246 1249 1478 1326 absque
1516 1250 1913 1313 illustratione
1949 1271 2068 1312 non
2101 1255 2325 1316 intelli-

207 1357 407 1431 gitur,
456 1357 517 1410 et
549 1351 868 1409 illustratio
907 1356 999 1409 est
1032 1347 1133 1409 vel
1168 1351 1501 1427 spiritualis
1536 1351 1637 1411 vel
1672 1354 1965 1413 naturalis
1984 1375 2001 1430 3
2050 1354 2321 1415 illustra-

207 1457 294 1513 tio
345 1451 678 1529 spiritualis
727 1451 902 1509 modo
948 1450 1124 1508 datur
1170 1451 1333 1527 apud
1379 1450 1543 1527 illos,
1625 1455 1726 1527 qui
1771 1454 2116 1529 spirituales
2164 1463 2319 1532 sunt,

209 1558 320 1631 qui
365 1559 508 1612 sunt
545 1553 646 1628 qui
691 1554 752 1610 in
797 1551 956 1610 bono
1003 1553 1220 1610 amoris
1267 1558 1328 1610 et
1374 1551 1682 1611 charitatis
1728 1562 1895 1629 sunt,
1970 1561 2030 1614 et
2072 1555 2212 1616 inde
2262 1560 2326 1617 in

207 1657 408 1730 veris3
477 1663 538 1710 at
571 1652 890 1710 illustratio
927 1651 1121 1710 solum
1156 1652 1448 1711 naturalis
1485 1652 1646 1730 apud
1690 1653 1825 1714 illos
1880 1656 1983 1731 qui
2016 1657 2325 1718 naturales

207 1761 387 1829 sunt,
425 1753 701 1812 videatur
735 1755 795 1811 in
823 1751 1022 1828 Opere
1059 1751 1134 1810 de
1161 1750 1365 1810 Conco
1402 1771 1479 1811 nr
1511 1753 1793 1813 Inmane
1843 1773 1913 1814 n:
1966 1757 2121 1816 153.
2156 1757 2321 1832 425,

211 1842 441 1945 {455,]
474 1861 534 1913 et
570 1869 756 1929 supra
781 1871 844 1910 n:
893 1855 1062 1911 140:
1093 1853 1254 1929 apud
1279 1853 1416 1912 illos
1447 1857 1626 1914 etiam
1654 1857 1755 1931 qui
1781 1856 2129 1933 spirituales
2164 1865 2323 1928 sunt,

207 1958 356 2015 dum
385 1957 594 2013 vivunt
625 1957 685 2012 in
711 1953 948 2024 munde,
991 1959 1084 2011 est
1115 1953 1432 2012 illustratio
1458 1957 1517 2012 in
1542 1955 1818 2030 naturali,
1854 1955 1963 2016 sed
1987 1959 2190 2017 existit
2217 1957 2323 2017 illa

209 2057 292 2116 ab
325 2057 724 2114 illustratione
760 2057 822 2112 in
867 2053 1194 2131 spirituali3
1251 2073 1389 2113 nam
1426 2054 1585 2131 apud
1622 2055 1759 2115 illos
1801 2057 1993 2116 influit
2026 2057 2320 2117 Dominus

209 2176 326 2234 per
367 2155 742 2233 spiritualem
784 2170 895 2214 seu
919 2155 1216 2212 internum
1255 2155 1554 2215 hominem
1598 2159 1659 2213 in
1695 2158 2029 2217 naturalem
2064 2175 2175 2218 seu
2212 2175 2317 2218 ex·
2423 2152 2428 2157 ’

209 2265 476 2331 ternum,
554 2261 613 2313 et
652 2257 738 2314 sic
789 2254 1084 2313 illuminat
1132 2255 1320 2326 hunc,
1374 2273 1450 2314 ex
1497 2272 1615 2331 qua
1656 2257 2089 2318 illuminatione
2143 2258 2320 2318 homo

209 2359 382 2416 videt
418 2355 560 2434 quid
591 2371 802 2415 verum
843 2361 902 2413 et
935 2353 1157 2414 bonum
1195 2356 1426 2433 etquid
1461 2355 1679 2414 falsum
1708 2364 1769 2415 et
1798 2358 2051 2427 malurn,
2091 2367 2149 2419 et
2185 2376 2323 2418 cum

209 2460 394 2517 homo
439 2456 605 2516 videt
646 2456 776 2529 illa,
845 2461 987 2514 tunc
1029 2457 1320 2516 Dominus
1368 2457 1610 2515 discutit
1646 2456 1807 2514 mala
1854 2464 1913 2516 et
1959 2458 2116 2518 falsa
2168 2475 2324 2534 quae

215 2561 284 2616 in
319 2556 574 2614 naturali
603 2557 840 2615 homine
876 2573 989 2632 per
1024 2574 1171 2617 vera
1201 2565 1261 2618 et
1295 2557 1454 2616 hona
1500 2573 1655 2633 quae
1693 2559 1873 2616 etiam
1913 2557 1995 2615 ibi
2031 2566 2197 2633 sunt,
2263 2565 2326 2617 et

215 2673 406 2716 unum
432 2655 648 2716 faciunt
673 2673 808 2716 cum
835 2656 1006 2715 bonis
1037 2664 1098 2716 et
1129 2659 1286 2716 veris
1313 2661 1376 2716 in
1402 2656 1699 2736 spirituali
1726 2673 1837 2715 seu
1871 2659 2103 2716 interno
2130 2658 2325 2717 homi-

211 2776 292 2817 ne
303 2778 320 2833 3
377 2763 620 2816 caetera
653 2756 970 2816 videantur
1005 2761 1067 2816 in
1103 2758 1431 2816 Doc'rnmn
1464 2757 1678 2818 Novas
1714 2757 2220 2829 Hmuosomms,
2248 2757 2323 2818 de

213 2858 495 2918 Scientiis
535 2863 594 2917 et
623 2856 1058 2934 cognitionibus
1089 2857 1231 2934 quid
1268 2858 1529 2917 efficiant
1576 2877 1651 2916 n:
1708 2859 1785 2917 51
1814 2877 1830 2933 3
1882 2865 1941 2918 et
1976 2857 2049 2917 de
2086 2857 2325 2917 Influxu

211 2979 280 3017 u:
337 2962 500 3018 277.
543 2960 702 3017 278.
780 2957 872 3015 Ex
917 2957 1012 3017 his
1060 2975 1216 3016 nunc
1249 2959 1442 3017 videri
1476 2964 1705 3034 potest,
1764 2957 1906 3035 quid
1958 2957 2325 3036 significatur

209 3077 324 3137 per
368 3061 598 3136 virgam
646 3059 932 3132 ferream,
986 3076 1106 3134 qua
1137 3057 1430 3117 Dominus
1477 3065 1749 3118 recturus
1788 3067 1882 3118 est
1920 3065 2161 3136 genteS,
2207 3059 2323 3120 hoc

211 3167 334 3234 est,
388 3162 792 3236 castigaturus
837 3157 999 3216 mala
1033 3174 1188 3234 quae
1234 3161 1296 3216 in
1330 3158 1590 3218 naturali
1626 3158 1883 3220 homine.
1957 3159 2127 3219 Haec
2164 3159 2326 3220 dicta

210 3265 356 3318 sunt
400 3260 477 3318 ad
510 3258 809 3336 Angelum
847 3258 1028 3335 hujus
1075 3258 1413 3334 Ecclesiae,
1467 3261 1609 3336 quia
1649 3262 1712 3318 in
1754 3263 1995 3339 scriptis
2043 3259 2121 3320 ad
2154 3261 2327 3321 illum

215 3360 418 3436 agitur
441 3359 510 3419 de
541 3360 782 3419 Interno
811 3366 872 3417 et
887 3359 1150 3418 Externo
1176 3360 1431 3435 homine,
1465 3366 1524 3419 et
1551 3359 1626 3420 de
1657 3378 1863 3420 eorum
1889 3362 2321 3439 conjunctione,

210 3475 355 3517 nam
403 3475 535 3520 cum
584 3460 894 3520 Internum
945 3465 1004 3518 et
1050 3459 1389 3520 Externum>
1430 3476 1541 3521 seu
1586 3462 1897 3539 spirituale
1950 3468 2011 3521 et
2049 3457 2324 3518 naturale

205 3560 532 3636 conjuncta
565 3566 732 3634 sunt,
787 3565 932 3618 tunc
969 3559 1262 3620 Dominus
1303 3562 1559 3638 castigat
1592 3562 1753 3621 mala
1788 3568 1849 3621 et
1883 3560 2037 3619 falsa
2071 3574 2225 3633 quae
2259 3559 2324 3617 in

207 3659 474 3718 naturali
518 3661 782 3733 homine,
839 3665 899 3718 et
941 3659 1056 3719 hoc
1099 3678 1210 3737 per
1244 3663 1615 3738 cognitiones
1662 3663 1790 3718 veri
1836 3666 1897 3719 et
1939 3658 2108 3718 boni:
2158 3655 2325 3734 apud

203 3759 345 3818 illos
390 3767 624 3831 autem,
677 3760 838 3837 apud
877 3777 1025 3837 quos
1063 3759 1345 3821 Internus
1384 3768 1445 3820 et
1477 3761 1774 3820 Externus
1809 3759 1985 3818 homo
2021 3773 2137 3816 non
2174 3773 2321 3816 con·-

199 3861 400 3937 juncti
438 3867 597 3932 sunt,
622 3861 784 3920 mala
819 3867 880 3920 et
913 3861 1068 3919 falsa
1103 3864 1389 3939 castigari
1426 3868 1486 3920 et
1510 3859 1729 3919 discuti
1762 3862 2085 3935 nequeunt,
2126 3871 2321 3935 quon-

201 3962 324 4019 iam
372 3961 520 4020 nihil
563 3964 864 4038 recipiunt
920 3979 1031 4037 per
1084 3963 1461 4040 spiritualem
1521 3960 1822 4020 hominem
1869 3976 1903 4019 e
1952 3954 2167 4032 Coelo,
2214 3951 2328 4017 sed

207 4064 408 4121 omnia
449 4080 605 4140 quae
643 4064 940 4139 recipiunt
975 4070 1116 4122 sunt
1165 4079 1198 4123 e
1234 4062 1485 4137 mundo,
1541 4059 1755 4138 quibus
1790 4057 2081 4121 rationale
2118 4076 2327 4120 eorum

203 4163 400 4237 favet,
443 4169 503 4222 et
539 4163 955 4223 subministrat
995 4164 1496 4223 confirmationes.
1554 4161 1817 4238 Similia,
1857 4179 2013 4240 quac
2048 4179 2161 4238 per
2196 4161 2324 4219 vir-

208 4280 338 4338 gam
393 4263 652 4323 ferream
699 4263 827 4339 hic,
895 4267 1076 4324 etiam
1124 4263 1537 4342 significantur
1586 4265 1647 4323 in
1699 4263 2091 4341 sequentibus
2142 4260 2323 4333 loci13
2388 4257 2393 4261 ’

1764 4367 1793 4422 1
1816 4367 1849 4422 6
1872 4359 1909 4400 *
