2700 4792
397 349 650 406 CAPUT
691 347 1063 418 QUARTUM.
1784 349 1991 406 vnn-52
2034 363 2087 414 9.
2267 365 2375 418 503

187 512 452 574 unitus·
485 507 706 572 Divino
741 509 910 572 Bono
924 554 943 586 ,
998 508 1134 572 ideo
1169 505 1383 568 dicitur
1418 507 1613 586 gloria
1644 508 1887 570 honoris
1921 509 2117 590 Regni
2151 509 2373 590 Ipsius,

195 631 338 691 per
399 609 684 688 Regnum
731 609 934 688 Ipsius
993 607 1363 688 significatur
1420 607 1667 670 Coelum
1716 616 1779 672 et
1823 610 2118 672 Ecclesia.
2197 611 2379 692 Apud

187 709 520 774 Eundem
555 707 904 786 „Gloriam
928 714 989 772 et
1012 707 1339 772 Honorem
1349 726 1552 790 pones
1584 727 1773 790 super
1795 707 2043 790 Ipsum,
2078 711 2379 791 quoniam

192 811 433 895 ponis
465 808 698 892 Ipsum
739 809 1191 872 henedictiones
1237 808 1310 870 in
1359 811 1730 870 ιικίεϊηιιτηιτ
1807 809 2042 873 Psalm:
2076 810 2269 874 XXI:
2312 815 2373 876 6.

210 921 251 976 7
265 934 290 992 3
354 913 524 974 haec
569 911 732 972 dicta
777 917 918 970 sunt
966 911 1040 972 de
1075 911 1371 986 Domino,
1428 916 1489 970 et
1534 927 1647 987 per
1688 909 1945 988 gloriam
1988 916 2051 972 et
2082 911 2375 974 honorem

207 1031 437 1092 super
469 1011 678 1089 Ipsum
741 1011 1093 1089 intelligitur
1139 1028 1312 1071 omne
1356 1011 1643 1072 Divinum
1685 1009 1915 1070 Verum
1977 1017 2037 1072 et
2081 1009 2373 1074 Divinum

205 1115 503 1176 Bonum.
543 1111 726 1188 Apud
739 1111 1010 1175 Eundem
1037 1109 1367 1192 „Accinge
1388 1108 1689 1191 yladium
1714 1114 1897 1172 tuum
1924 1129 2114 1192 super
2125 1110 2366 1193 femur,

195 1219 468 1294 potens
519 1208 754 1274 Gloria
793 1215 856 1272 et
899 1210 1164 1272 Honore
1211 1215 1319 1272 tuo
1333 1231 1363 1284 ,·
1432 1210 1505 1272 in
1550 1207 1812 1272 Honore
1858 1215 1967 1274 tuo
2016 1210 2367 1290 conscende,

211 1313 462 1396 equita
495 1330 690 1392 super
727 1309 920 1374 Verbo
957 1309 1297 1374 vanati&
1338 1311 1564 1372 Psalm:
1591 1310 1781 1370 XLV:
1815 1314 1878 1371 4.
1916 1311 1973 1387 53
2012 1314 2189 1372 etiam
2214 1311 2367 1374 haee

215 1416 308 1476 de
341 1413 611 1473 Domino
623 1432 641 1487 3
677 1414 992 1488 accingere
1017 1411 1284 1488 gladium
1309 1428 1500 1489 super
1524 1412 1737 1485 femur,
1764 1411 2060 1492 significat
2081 1411 2367 1474 Divinum

214 1516 474 1576 Verum
511 1527 788 1589 pugnans
825 1529 900 1572 ex
934 1511 1156 1572 Divino
1191 1511 1395 1588 Bono,
1450 1512 1611 1589 quod
1644 1511 1705 1571 id
1738 1531 1851 1590 per
1882 1512 2145 1590 gladium
2178 1527 2367 1592 super

217 1618 438 1676 femur
462 1610 848 1690 significetur,
886 1611 1162 1672 videatur
1189 1630 1255 1671 n:
1295 1617 1324 1672 1
1343 1613 1481 1672 048
1497 1615 1557 1688 83
1596 1618 1658 1671 et
1684 1615 1826 1687 quia
1852 1630 1927 1672 ex
1953 1597 2173 1672 Divino
2198 1610 2364 1674 Vero

221 1713 596 1790 subjugavit
627 1711 871 1773 Inferna
888 1756 904 1782 ,
959 1729 1031 1772 ae
1067 1712 1365 1788 disposuit
1396 1715 1459 1772 in
1495 1712 1763 1773 ordinem
1800 1711 2048 1794 Coelos,
2093 1712 2233 1773 ideo
2268 1713 2361 1772 di·-

223 1817 398 1874 citur
431 1818 646 1890 potens
681 1811 872 1890 gloria
909 1819 970 1872 et
1005 1811 1262 1888 honore,
1299 1820 1363 1874 et
1398 1831 1635 1891 quoque
1669 1815 1731 1874 in
1762 1812 1989 1877 honore
2027 1812 2365 1882 conscende

229 1921 300 1974 et
327 1914 542 1990 equita
565 1927 752 1988 super
778 1912 964 1972 verbo
991 1915 1294 1990 veritatis3
1331 1915 1393 1973 in
1416 1915 1643 1974 honore
1670 1912 2073 1976 conscendere
2100 1920 2163 1972 et
2188 1915 2361 1991 equi-

227 2023 374 2074 tare
409 2029 600 2090 super
632 2012 816 2072 verbo
858 2015 1127 2074 veritatis
1165 2013 1463 2090 significat
1497 2031 1679 2092 agere
1714 2031 1789 2074 ex
1814 2015 2033 2074 Divino
2058 2013 2229 2073 Bono
2252 2030 2365 2092 per

229 2115 530 2174 Divinum
565 2111 813 2172 Verum.
863 2112 1048 2190 Apud
1081 2113 1350 2172 Eundem
1390 2110 1669 2187 „carere
1700 2111 1929 2193 Ipsum
1940 2113 2170 2193 fecisti
2183 2131 2360 2194 pau·-

233 2210 449 2274 lulum
461 2231 626 2293 prae
649 2209 942 2293 Anyelis,
968 2210 1080 2273 sed
1108 2209 1342 2272 Gloria
1368 2216 1429 2271 et
1453 2210 1715 2274 Honore
1738 2213 2061 2274 coronasti
2083 2212 2359 2294 Ipsum“

240 2311 479 2372 Psalm:
515 2311 699 2373 VIII:
745 2316 814 2389 63
855 2315 1030 2372 etiam
1059 2312 1133 2372 de
1161 2311 1419 2371 Domino
1428 2332 1449 2388 3
1484 2316 1677 2372 status
1710 2312 2135 2374 humiliationis
2158 2313 2361 2392 Ipsius

243 2409 604 2472 describitur
639 2430 750 2490 per
789 2430 994 2474 carere
1019 2411 1226 2491 Ipsum
1262 2412 1459 2472 fecisti
1484 2411 1791 2490 paululum
1819 2430 1965 2490 prae
1993 2413 2265 2490 Angelis,
2303 2418 2365 2473 et

235 2518 436 2572 status
469 2512 912 2590 glorificationis
947 2531 1064 2593 per
1091 2512 1282 2590 gloria
1317 2513 1626 2573 ethonore
1654 2514 1955 2572 coronasti
1976 2511 2215 2590 Ipsum3
2252 2530 2363 2590 per

233 2612 568 2688 glorificare
598 2614 947 2691 intelligitur
973 2617 1142 2674 unire
1172 2613 1377 2688 Ipsum
1406 2612 1689 2673 Divinum
1716 2629 1893 2672 suum
1917 2611 2197 2674 Humano
2222 2629 2356 2688 suo,

237 2723 302 2772 et
337 2713 471 2773 Hoc
521 2731 762 2791 queque
813 2715 1012 2774 facere
1048 2713 1350 2774 Divinum.
1418 2713 1598 2792 Apud
1642 2713 1886 2789 Esajam
1938 2709 2360 2787 „Laetamini

231 2813 556 2876 desertum
605 2819 664 2874 et
719 2811 894 2874 locus
931 2813 1164 2876 aridus
1179 2857 1194 2886 ‚
1248 2820 1308 2874 et
1358 2811 1598 2876 exultet
1628 2810 1938 2893 planities
1978 2811 2243 2884 deserti,
2294 2817 2355 2873 et
2395 2823 2553 2889 [332]

215 2913 460 2992 floreat
497 2914 668 2974 noui
703 2901 881 2987 rosa',
919 2913 1212 2993 florendo
1237 2914 1477 2992 floreat
1526 2918 1587 2976 et
1622 2911 1864 2976 emultet
1876 2933 1906 2986 ;
1966 2909 2187 2999 gloria
2223 2911 2350 2976 Li·

229 3012 388 3078 bani
413 3012 574 3074 data
597 3018 693 3074 est
728 3011 866 3088 illi,
901 3012 1100 3076 honor
1125 3011 1407 3076 Carmeli
1430 3019 1490 3075 et
1515 3012 1893 3077 Scharonis:
1926 3011 2037 3076 illi
2059 3013 2356 3077 videbunt

229 3113 516 3195 yloriam
557 3111 833 3176 Jehovae
881 3119 944 3174 et
993 3113 1287 3176 honorem
1319 3114 1463 3176 Dei
1509 3115 1777 3177 ποεῖν-Ν
1838 3115 2108 3178 XXXV:
2178 3120 2237 3176 1.
2282 3120 2350 3192 23

230 3217 435 3294 agitur
467 3215 566 3274 hic
605 3214 678 3275 de
713 3214 1147 3274 illuminatione
1181 3218 1467 3294 gentium,
1504 3215 1741 3276 illarum
1769 3219 2104 3294 ignorantia
2128 3218 2257 3278 veri
2290 3223 2355 3276 et

229 3316 376 3376 boni
407 3315 776 3394 significatur
810 3333 920 3391 per
955 3313 1258 3376 desertum
1295 3323 1357 3373 et
1386 3316 1586 3375 locum
1612 3316 1874 3394 aridum3
1926 3318 2165 3386 illarum
2196 3334 2351 3395 gau-

229 3417 396 3476 dium
433 3433 508 3476 ex
542 3416 932 3476 instructione
967 3417 1026 3474 in
1060 3417 1220 3474 veris
1259 3422 1319 3474 et
1353 3415 1783 3476 illuminatione
1818 3434 1929 3494 per
1961 3418 2200 3493 laetari,
2239 3434 2347 3478 ex-

227 3516 430 3576 ultare
466 3521 528 3574 et
558 3515 771 3576 florere
785 3535 803 3592 5
856 3516 1050 3594 gloria
1075 3515 1288 3575 Libani
1325 3531 1481 3594 quae
1516 3515 1659 3574 data
1690 3514 1809 3574 illis
1844 3517 2140 3592 significat
2168 3517 2350 3576 Divi-

227 3632 370 3676 num
397 3615 645 3691 Verum,
686 3622 747 3674 et
779 3615 970 3676 honor
997 3614 1256 3675 Carmeli
1293 3620 1354 3674 et
1379 3613 1703 3675 Scharonis
1738 3613 2035 3692 significat
2060 3615 2349 3697 Divinum

227 3715 493 3786 Bonum,
548 3732 704 3792 quae
740 3719 1033 3794 recipiunt
1045 3735 1062 3790 3
1087 3715 1254 3776 ‘inde
1291 3720 1385 3774 est
1420 3713 1580 3790 quod
1618 3715 1795 3772 etiam
1833 3713 2095 3792 dicatur,
2131 3714 2221 3774 illi
2252 3718 2349 3776 vi-

229 3814 455 3876 debunt
489 3816 736 3894 gloriam
768 3815 811 3875 J
813 3815 1042 3876 ehovae
1079 3822 1140 3875 et
1164 3814 1449 3874 honorem
1476 3813 1597 3873 Dei
1618 3815 1825 3874 nostri.
1878 3813 1951 3874 In
1976 3814 2351 3894 Apocalypsi

228 3911 532 3992 „Gemma
567 3933 727 3996 quae
766 3919 1052 3977 servatae
1094 3918 1261 3991 sunt,
1298 3909 1707 3978 anibulabunt
1746 3912 1836 3976 ad
1872 3910 2071 3976 lucem
2096 3913 2249 3996 effus,
2285 3919 2348 3974 et

223 4033 403 4096 reyes
441 4020 648 4078 terrae
677 4013 962 4098 yloriam
997 4033 1186 4078 suam
1233 4019 1294 4076 et
1329 4013 1624 4078 honorem
1659 4012 1750 4077 ad
1776 4033 1918 4076 eam
1951 4014 2242 4096 afferent.-
2284 4017 2347 4073 et

227 4115 558 4196 adfer-etur
597 4116 669 4180 in
704 4135 851 4203 eam·
875 4112 1092 4200 qloria
1127 4121 1188 4178 et
1224 4115 1422 4179 honor
1451 4115 1789 4197 gentium“
1840 4115 2032 4180 XXI:
2074 4118 2185 4176 24.
2228 4117 2339 4190 263

225 4214 376 4278 haec
413 4217 576 4278 dicta
609 4227 748 4278 sunt
786 4219 859 4280 de
894 4217 1065 4281 Nova
1099 4218 1547 4300 Hierosolyma,
1600 4237 1712 4298 per
1750 4235 1929 4298 quam
1978 4217 2343 4321 significatu}-
