2700 4792
461 341 573 398 410
803 331 1290 388 APOCALYPSIS
1331 330 1763 386 EXPLICATA.
1826 329 1877 399 §.-
1922 335 2057 391 245.
2100 336 2233 392 246.

459 493 600 554 ficet
632 497 700 552 ut
735 491 1104 568 aliquantum
1135 493 1443 570 aperiatur
1474 489 1819 550 intellectus
1838 533 1854 562 ,
1896 493 2139 548 constat
2172 504 2251 546 ex
2283 486 2571 564 significa-

457 595 618 652 tione
656 591 992 661 oculorum,
1047 592 1209 669 quod
1241 593 1361 651 sint
1393 590 1767 659 intellectura,
1806 589 1885 648 de
1926 607 2051 666 qua
2086 605 2277 666 supra
2309 606 2378 649 n:
2422 591 2449 646 1
2470 589 2568 662 52,

457 692 595 752 inde
631 709 742 768 per
773 693 1061 769 inungere
1127 691 1332 752 oculos
1382 699 1449 750 ut
1481 690 1690 750 videas
1736 689 2127 766 significatur
2174 693 2242 746 ut
2286 689 2572 765 aperiatur

455 792 825 852 intellectus:
864 792 1078 852 dicitur
1105 791 1350 870 collyrio
1379 794 1686 868 inungere,
1721 792 1870 866 quia
1904 807 2022 866 per
2058 787 2367 864 collyrium
2402 789 2572 863 signi-

455 892 672 952 ficatur
703 899 1068 969 unguentum
1101 893 1325 951 factum
1362 908 1435 952 ex
1468 892 1659 950 farina
1694 906 1831 949 cum
1872 889 2043 964 oleo,
2084 894 2147 946 et
2180 888 2371 946 farina
2398 887 2566 962 signi·-

457 991 599 1052 ficat
616 1010 824 1052 verum
853 991 993 1052 fidei
1020 999 1080 1052 et
1105 993 1302 1052 oleum
1329 992 1551 1050 bonum
1580 993 1831 1063 amori83
1874 989 2047 1066 quod
2073 989 2271 1068 farina
2298 985 2569 1062 significet

457 1109 679 1152 verum·
703 1092 872 1167 fidei,
909 1093 1185 1152 videatur
1218 1111 1289 1151 n:
1331 1095 1414 1152 21
1436 1098 1467 1150 7
1487 1097 1541 1150 7.
1581 1092 1791 1164 9995,
1836 1096 1901 1148 et
1938 1089 2108 1164 quod
2144 1088 2340 1146 oleum
2372 1087 2567 1144 bonum

461 1195 712 1267 amorie,
765 1210 836 1251 n:
879 1194 1092 1252 3⁷28.
1135 1193 1348 1252 4582.
1392 1192 1625 1250 4638:
1680 1190 1794 1251 hoc
1830 1192 1925 1248 ita
1962 1189 2202 1260 dicitur,
2244 1184 2567 1264 quiaintel-

458 1291 656 1352 lectus
703 1292 850 1352 nihil
875 1295 1005 1352 veri
1031 1292 1195 1352 videt
1227 1294 1342 1352 nisi
1368 1291 1645 1351 voluntas
1673 1292 1839 1350 sitin
1865 1289 2051 1362 bono,
2090 1306 2301 1346 verum
2337 1287 2480 1344 enim
2512 1285 2563 1339 in

456 1392 764 1453 intellectu
790 1410 907 1452 non
936 1392 1099 1452 aliud
1135 1399 1228 1452 est
1254 1409 1431 1468 quam
1458 1392 1649 1450 forma
1672 1391 1815 1450 boni
1850 1389 2023 1472 quod
2051 1395 2147 1448 est
2170 1391 2233 1447 in
2250 1385 2559 1445 voluntate.

619 1495 780 1552 246.
834 1493 961 1569 Ego
998 1509 1386 1570 quoscunque
1422 1509 1589 1563 amo,
1640 1507 1833 1568 arguo
1870 1495 1937 1549 et
1973 1489 2206 1564 castigo
2226 1531 2245 1562 ,
2300 1483 2451 1562 quod
2484 1483 2557 1539 si-

459 1593 699 1669 gnificet
733 1594 1092 1652 tentationes
1129 1599 1298 1666 tunc,
1354 1597 1588 1652 constat
1639 1609 1716 1651 ex
1748 1590 2199 1666 significatione
2236 1599 2476 1661 arguere
2510 1584 2561 1638 ct

459 1694 785 1768 castigare,
841 1709 972 1751 cum
1023 1692 1096 1751 de
1132 1693 1250 1751 illis
1304 1693 1406 1768 qui
1451 1691 1674 1750 bonum
1718 1690 1834 1748 sibi
1881 1693 2244 1765 comparant
2286 1690 2346 1744 et
2376 1677 2558 1780 pefiid
2634 1685 2636 1694 '

458 1793 756 1866 rccipiunt
789 1809 961 1862 vera,
1019 1792 1092 1851 de
1129 1791 1346 1868 quibus
1397 1793 1460 1850 in
1504 1809 1643 1850 mox
1688 1791 2103 1866 praecedente
2140 1788 2340 1847 Versu
2384 1785 2556 1839 actum

459 1895 576 1965 est,
648 1891 808 1967 quod
866 1893 946 1952 sit
1002 1893 1062 1950 in
1109 1894 1470 1950 tentationes
1506 1892 1855 1951 admittere:
1928 1891 2150 1949 dicitur
2198 1891 2555 1962 quoscunque

257 2001 418 2064 [271]
460 2007 627 2066 am0,
683 1997 744 2050 et
792 2009 904 2068 per
947 1991 1009 2050 id
1061 1990 1471 2067 intelliguntur
1521 2007 1724 2050 omnes
1779 1993 1885 2066 qui
1934 1993 2000 2049 in
2036 1988 2309 2047 doctrina
2343 1981 2412 2038 de
2444 1975 2557 2035 sola

459 2089 606 2165 fide,
665 2093 767 2166 qui
801 2092 862 2150 in
895 2090 1050 2151 bono
1087 2098 1227 2150 eunt
1261 2092 1467 2150 senfin
1504 2091 1825 2166 charitate,
1882 2097 1951 2150 et
1986 2089 2127 2148 inde
2180 2091 2243 2143 in
2274 2082 2426 2140 veris
2460 2091 2555 2133 seu

454 2191 519 2250 in
549 2189 703 2250 fide:
759 2191 920 2266 quod
969 2192 1056 2250 illi
1102 2195 1376 2250 amentur
1430 2207 1467 2248 a
1498 2191 1792 2262 Domino,
1848 2197 1949 2250 est
2002 2191 2148 2267 quia
2180 2183 2457 2243 Dominus
2500 2175 2551 2230 in

455 2289 616 2349 bono
653 2308 764 2350 seu
797 2292 858 2349 in
895 2291 1181 2350 charitate
1219 2275 1315 2350 est
1345 2305 1666 2368 praesens),
1723 2297 1784 2348 et
1817 2309 1935 2368 per
1970 2290 2200 2348 bonum
2233 2299 2341 2341 seu
2374 2273 2547 2335 chari-

453 2395 638 2450 tatem
671 2393 734 2449 in
761 2393 920 2450 veris
956 2409 1066 2450 seu
1100 2394 1160 2449 in
1193 2391 1328 2464 fide,
1370 2397 1430 2448 et
1456 2407 1573 2450 non
1601 2392 1882 2450 vicissim.
1946 2387 2127 2467 Quod
2162 2398 2316 2442 nunc
2344 2379 2548 2437 dicatur

455 2491 532 2553 dc
565 2491 683 2550 illis
722 2493 822 2567 qui
854 2493 914 2550 in
952 2491 1219 2550 doctrina
1251 2490 1328 2550 de
1363 2490 1494 2549 sola
1527 2490 1645 2549 fide
1680 2497 1850 2566 sunt,
1906 2489 2077 2568 quod
2110 2483 2394 2546 Dominus
2426 2472 2541 2532 illos

458 2598 671 2670 arguat
719 2598 780 2651 ct
835 2593 1120 2668 castiget,
1178 2598 1272 2651 est
1309 2591 1447 2667 quia
1494 2606 1681 2666 supra
1708 2590 1953 2674 ⁴dictum
1992 2594 2115 2664 est,
2172 2577 2413 2644 Suadeo
2444 2565 2547 2632 tibi

455 2710 654 2754 emere
705 2710 748 2750 a
782 2689 894 2751 Me
936 2710 1174 2753 aurum
1209 2686 1614 2770 eoeploratum
1660 2689 1808 2769 {qne
1823 2736 1838 2765 ‚
1892 2696 1957 2751 et
2006 2683 2371 2750 veetimmta
2416 2667 2543 2732 alba

456 2797 531 2854 ut
570 2790 888 2867 induar-ie,
925 2811 1002 2852 ne
1037 2795 1347 2870 appareat
1375 2790 1591 2870 pudor
1622 2781 1951 2851 nuditatis
1988 2795 2164 2860 tuae,
2206 2786 2271 2842 et
2304 2766 2539 2852 oonfflo

455 2891 693 2969 inunqe
731 2889 945 2953 oculo-s·
983 2896 1055 2952 ut
1093 2891 1343 2965 videa-3,
1392 2908 1503 2966 per
1539 2908 1692 2967 quae
1727 2890 2113 2968 intelligitur,
2150 2891 2217 2944 ut
2248 2878 2333 2940 illi
2366 2871 2458 2950 qui
2486 2867 2537 2924 1¹¹

457 2989 724 3048 doctrina
777 2991 850 3050 de
887 2992 1018 3050 sola
1049 2992 1166 3050 fide
1201 2997 1368 3064 sunt,
1426 2998 1774 3066 comparent
1824 2991 1942 3050 sibi
1990 2987 2311 3068 genuinum
2342 2975 2533 3033 bonum

459 3094 520 3148 ct
555 3091 814 3163 genuina
844 3107 991 3148 vera
1043 3108 1112 3148 ac
1158 3091 1296 3149 inde
1330 3089 1814 3167 intelligentiam,
1870 3109 1949 3150 ne
1996 3083 2325 3165 appareant
2356 3063 2530 3146 spurci

457 3203 720 3256 αιτιοι-65,
773 3205 843 3247 ac
878 3195 943 3246 ut
977 3189 1346 3265 aliquantum
1396 3190 1704 3266 aperiatur
1728 3191 2081 3267 ,intellectus
2097 3205 2115 3262 3
2172 3188 2233 3242 et
2273 3177 2381 3234 hoc
2412 3167 2529 3225 dum

456 3285 524 3346 fit
557 3286 722 3362 apud
751 3287 888 3345 illos
925 3290 1023 3363 qui
1059 3291 1118 3346 in
1145 3281 1416 3348 doctrina
1452 3289 1526 3348 de·
1562 3288 1693 3348 sola
1726 3289 1843 3350 fide
1870 3291 2127 3359 fuerunt,
2164 3297 2279 3340 1101²
2303 3263 2529 3351 P⁰⁵3¹¹¹¹t

458 3385 632 3445 aliter
668 3403 847 3463 quam
896 3389 957 3445 in
1004 3390 1361 3448 tentationes
1410 3389 1588 3457 mitti,
1639 3408 1778 3448 nam
1812 3390 2109 3466 principia
2142 3379 2276 3442 falsi
2311 3374 2379 3431 de
2413 3359 2527 3422 sola

455 3487 573 3548 fide
611 3492 672 3546 et
699 3487 771 3546 de
791 3487 1218 3566 justificatione
1252 3506 1366 3566 per
1391 3489 1555 3547 illam
1590 3490 1750 3567 apud
1777 3507 1881 3549 eos
1910 3506 2024 3548 non
2050 3483 2299 3564 possunt
2328 3455 2524 3530 aboleri

455 3589 570 3647 nisi
602 3605 714 3664 per
749 3590 1131 3663 tentationeS,
1189 3594 1250 3648 ct
1283 3587 1582 3648 abolenda
1615 3592 1848 3650 omnino
1886 3595 2052 3662 sunt,
2092 3584 2230 3660 quia
2259 3588 2368 3634 non
2399 3573 2517 3620 con-

447 3688 624 3765 jungi
661 3695 916 3763 possunt
949 3705 1082 3748 cum
1116 3688 1272 3748 bono
1317 3688 1653 3760 charitatiS,
1688 3705 1825 3749 cum
1859 3689 1975 3748 hoc
2010 3684 2201 3746 solum
2233 3686 2369 3734 vera
2398 3672 2517 3740 9⁰¹¹·

447 3787 805 3865 junguntur,
863 3790 1231 3864 quapropter
1263 3788 1415 3847 haec
1452 3789 1853 3865 comparanda
1886 3794 2039 3862 sunt,
2078 3789 2143 3842 ut
2177 3780 2379 3837 dictum
2412 3759 2514 3816 ⁰⁵⁶²

456 3888 891 3964 conjunguntur
911 3887 1147 3963 quidem
1167 3905 1313 3946 vera
1340 3905 1450 3964 per
1467 3889 1530 3947 id
1556 3889 1715 3967 quod
1735 3889 1949 3962 dicant,
1982 3883 2139 3964 quod
2161 3881 2344 3940 hom02
2368 3857 2514 3966 9⁰⁵.st

457 4004 636 4062 quam
670 3985 846 4046 fidem
880 3989 1146 4064 accepit,
1205 3983 1457 4046 ducatur
1494 4005 1530 4046 a
1564 3989 1699 4047 Deo
1738 3995 1799 4048 et
1832 3991 1919 4047 sic
1955 3990 2016 4046 in
2048 3986 2197 4044 bono
2232 3960 2507 4032 charfffflffl’

455 4083 566 4140 sed
599 4099 790 4155 usque
823 4085 938 4144 hoc
971 4087 1140 4146 nihili
1172 4088 1427 4162 faciunt,
1484 4090 1627 4164 quia
1662 4088 1807 4147 nihil
1861 4088 1938 4147 ad
1972 4087 2245 4148 salutem,
2298 4047 2513 4125 dicend⁰

457 4179 634 4236 etiam
672 4181 828 4253 quod
863 4181 1028 4242 illum
1063 4185 1208 4244 nihil
1243 4186 1501 4261 damnet,
1540 4205 1659 4246 non
1694 4188 1913 4246 malum
1952 4173 2303 4264 cogitationis
2335 4165 2387 4220 et
2416 4163 2505 4208 ω’
