2700 4792
339 363 577 421 CAPUT
631 363 1038 426 SECUNDUM.
1721 367 1899 424 VERs
1917 391 1930 424 z
1974 379 2077 443 27„
2225 382 2334 438 245

222 531 344 596 unt,
394 531 541 586 sunt
598 526 909 602 oppositaz
984 530 1353 602 quapropter
1406 527 1507 602 qui
1564 523 1773 604 legunt
1818 527 2086 588 Verbum
2138 530 2335 592 solum

221 634 470 704 propter
505 643 723 684 nomen
761 624 1136 695 eruditionis,
1186 631 1288 683 aut
1325 625 1403 682 ad
1439 626 1796 702 captandum
1833 629 2052 688 famam
2090 636 2158 688 ut
2184 650 2331 692 eve-

217 727 440 786 hantur
493 725 569 784 ad
617 725 904 801 honores,
962 735 1066 784 aut
1101 730 1170 784 ut
1203 725 1509 784 lucrentur
1545 743 1727 803 opeS,
1794 745 2089 807 nusquam
2128 733 2336 792 vident

221 833 284 886 et
314 829 660 904 percipiunt
691 842 859 900 vera,
901 825 1011 884 sed
1036 843 1146 902 pro
1175 827 1247 883 iis
1284 825 1475 894 falsa,
1517 833 1576 886 et
1612 843 1759 886 vera
1794 845 1949 904 quae
1986 830 2071 889 ibi
2096 838 2336 891 exstant

221 944 428 988 coram
457 926 678 1001 oculiS,
732 925 834 984 vel
861 931 1172 985 transeunt
1205 928 1365 984 sicut
1388 943 1506 985 non
1541 927 1812 996 videant,
1861 929 1961 988 vel
1995 929 2331 1007 falsificant,

219 1045 412 1088 causa
457 1033 550 1087 est
562 1070 579 1101 ,
635 1028 776 1103 quia
810 1025 1014 1104 legere
1054 1025 1320 1085 Verbum
1361 1027 1556 1088 solum
1593 1034 1839 1103 propter
1872 1046 2089 1088 nomen
2129 1031 2332 1089 erudi-

221 1129 420 1202 nuniz,
470 1133 532 1185 et
571 1132 820 1203 propter
853 1127 1072 1186 famam
1108 1132 1176 1184 ut
1211 1125 1539 1186 evehantur
1583 1127 1660 1185 ad
1694 1127 1953 1187 honores
1990 1136 2051 1188 et
2090 1128 2331 1190 lucren-

219 1235 323 1286 tur
357 1242 504 1302 opes
517 1271 534 1300 ,
591 1232 686 1286 est
718 1232 968 1303 propter
1001 1243 1069 1285 se
1117 1233 1176 1284 et
1211 1227 1497 1285 mundum
1540 1233 1609 1284 ut
1644 1227 1825 1301 fines,
1880 1230 1967 1286 ita
2005 1247 2075 1288 ex
2110 1234 2329 1290 amori-

217 1328 332 1386 bus
369 1329 465 1385 sui
503 1333 561 1386 et
585 1326 817 1402 mundi3
877 1327 940 1385 hi
979 1342 1212 1385 amores
1251 1328 1395 1403 quia
1430 1333 1569 1384 sunt
1604 1331 1831 1403 proprii
1866 1329 2149 1405 hominis,
2195 1331 2331 1390 ideo

217 1429 398 1486 homo
433 1427 541 1485 illa
576 1444 730 1503 quae
767 1443 842 1486 ex
877 1426 996 1486 illis
1035 1427 1204 1485 videt
1238 1433 1298 1485 et
1331 1428 1591 1504 percipit
1632 1435 1773 1486 sunt
1826 1447 1899 1487 ex
1947 1431 2193 1506 propria
2236 1433 2329 1490 ln-

216 1527 583 1603 telligentia:
635 1534 698 1586 at
733 1529 836 1605 qui
860 1526 1068 1603 legunt
1091 1525 1360 1585 Verbum
1398 1544 1469 1587 ex
1496 1527 1807 1587 affectione
1844 1531 1975 1588 veri
2016 1530 2333 1605 spirituali,

215 1643 380 1706 quae
410 1627 644 1686 affectio
683 1634 777 1686 est
804 1645 970 1686 amor
1005 1625 1236 1686 sciendi
1269 1644 1499 1698 verum,
1548 1629 1688 1704 quia
1718 1635 1813 1687 est
1846 1647 2075 1699 verum,
2106 1629 2195 1688 illi
2238 1633 2334 1688 vi-

217 1729 367 1788 dent
403 1745 552 1786 vera
586 1727 697 1803 ibi,
757 1735 818 1788 et
851 1726 1116 1803 gaudent
1166 1727 1344 1786 corde
1391 1745 1525 1786 cum
1561 1727 1765 1786 vident
1800 1728 1905 1787 illa
1916 1749 1933 1804 3
1994 1745 2181 1788 causa
2218 1737 2328 1804 est,

217 1831 362 1907 quia
405 1830 465 1886 in
506 1827 904 1888 illustratione
953 1823 1094 1886 sunt
1138 1845 1175 1884 a
1217 1826 1507 1903 D0m1n03
1572 1827 1881 1888 descendit
1926 1829 2243 1888 illustratio
2296 1847 2335 1888 a

213 1929 482 1990 Domino
518 1945 630 2004 per
667 1925 913 1988 Coelum
941 1947 974 1988 e
1011 1927 1145 1988 luce
1173 1926 1272 1998 ibi,
1303 1945 1459 2004 quae
1496 1927 1629 1986 Lux
1659 1936 1751 1988 est
1774 1928 2058 1988 Divinum
2083 1929 2333 2000 Verum,

216 2029 358 2088 ideo
398 2029 577 2087 datur
621 2027 742 2087 illis
783 2029 986 2087 videre
1037 2045 1182 2087 vera
1230 2044 1305 2086 ex
1350 2043 1465 2086 sua
1507 2027 1678 2104 luce,
1746 2035 1806 2086 et
1850 2029 1967 2088 hoc
2010 2032 2071 2087 in
2106 2029 2329 2103 Verbo,

217 2131 366 2206 quia
401 2128 672 2188 Verbum
721 2135 814 2186 est
847 2128 1132 2186 Divinum
1166 2128 1427 2198 Verum,
1486 2130 1640 2186 etin
1686 2128 1791 2188 illo
1838 2129 2146 2188 recondita
2192 2134 2334 2188 sunt

219 2231 421 2289 omnia
445 2245 594 2287 vera
623 2227 831 2303 Coeli3
886 2228 995 2287 sed
1020 2228 1106 2286 illi
1141 2228 1337 2286 solum
1375 2229 1437 2286 in
1469 2227 1585 2285 hac
1614 2227 2008 2288 illustratione
2036 2235 2195 2298 sunt,
2231 2229 2333 2304 qui

210 2333 274 2388 in
307 2328 468 2387 binis
505 2327 807 2386 amoribus
855 2327 1023 2388 Coeli
1060 2334 1231 2403 sunt,
1297 2329 1399 2404 qui
1438 2332 1579 2386 sunt
1614 2344 1779 2386 amor
1823 2330 1883 2386 in
1916 2329 2237 2388 Dominum
2272 2334 2333 2387 et

214 2445 388 2489 amor
423 2445 568 2505 erga
616 2430 982 2504 proximum3
1055 2427 1118 2487 hi
1155 2430 1308 2487 enim
1356 2441 1591 2486 amores
1631 2429 1907 2503 aperiunt
1940 2435 2199 2488 mentem
2236 2431 2336 2487 in-

217 2531 504 2587 teriorem
557 2544 664 2586 seu
702 2531 1100 2604 superiorem,
1169 2545 1323 2604 quae
1369 2528 1623 2586 formata
1667 2533 1759 2585 est
1802 2526 1885 2583 ad
1923 2526 2335 2603 recipiendum
2415 2602 2420 2607 ·

217 2629 422 2686 lucem
465 2627 639 2700 coeli,
700 2645 812 2704 per
845 2627 1010 2686 illam
1047 2628 1211 2704 apud
1249 2645 1353 2686 eos
1390 2626 1581 2684 influit
1626 2627 1728 2686 lux
1765 2625 1917 2686 coeli
1958 2631 2019 2685 et
2049 2626 2331 2696 illustrat,

215 2727 331 2788 sed
376 2745 493 2786 non
526 2729 867 2804 percipiunt
901 2746 1047 2787 vera
1081 2730 1141 2786 in
1176 2727 1284 2786 illa
1317 2733 1535 2800 mente,
1588 2726 1726 2784 dum
1752 2729 1963 2784 vivunt
1995 2727 2056 2784 in
2090 2724 2329 2798 mundo5

212 2845 428 2888 verum
474 2828 678 2885 vident
712 2829 818 2886 illa
851 2829 911 2886 in
949 2836 1146 2886 mente
1183 2828 1497 2900 inferiore,
1566 2844 1719 2902 quae
1756 2843 1923 2884 mens
1962 2832 2055 2884 est
2088 2825 2335 2884 Externi
2379 2864 2385 2870 ·

213 2945 328 2988 seu
363 2927 660 2986 naturalis
692 2926 978 3004 hominis3
1029 2929 1092 2986 hi
1119 2935 1259 2986 sunt
1295 2929 1399 3003 qui
1436 2943 1556 2984 non
1592 2921 1947 3003 ex'propria
1985 2925 2329 3002 intelligen-

210 3031 296 3087 tia
331 3031 600 3104 cogitant
643 3044 779 3086 cum
825 3027 1034 3104 legunt
1075 3027 1377 3088 Verbum:
1432 3027 1761 3106 praecipua
1798 3043 2012 3101 causa,
2073 3025 2231 3103 quod
2273 3025 2338 3083 hi

211 3145 333 3186 non
371 3145 444 3187 ex
481 3129 728 3203 propria
753 3126 1148 3204 intelligentia
1190 3129 1453 3202 cogitent
1492 3144 1627 3186 cum
1661 3126 1870 3202 legunt
1901 3126 2198 3201 Verbum,
2242 3131 2339 3184 est

214 3230 360 3304 quia
383 3227 598 3285 horum
626 3243 795 3286 mens
832 3229 1076 3286 interior
1112 3243 1222 3286 seu
1258 3225 1584 3301 spiritualis
1621 3232 1859 3301 spectat
1890 3226 1967 3284 ad
1992 3227 2333 3298 Dominum,

217 3334 282 3386 et
315 3334 458 3384 tune
490 3327 788 3386 Dominus
819 3327 1021 3385 elevat
1052 3327 1234 3400 illam,
1275 3331 1336 3384 et
1360 3325 1541 3384 simul
1564 3333 1823 3385 mentem
1848 3327 2188 3386 inferiorem
2224 3342 2339 3383 seu

212 3425 548 3486 naturalem
579 3427 655 3484 ad
691 3425 789 3501 Se,
841 3433 900 3485 et
935 3429 1022 3486 sic
1059 3425 1342 3484 subducit
1368 3443 1404 3482 a
1434 3428 1677 3501 proprio
1714 3426 1986 3500 hominiS,
2026 3423 2186 3498 quod
2219 3439 2339 3481 non

209 3525 352 3587 fieri
381 3532 590 3603 potest
625 3527 787 3602 apud
821 3526 990 3600 illos,
1048 3527 1152 3602 qui
1185 3541 1253 3584 se
1304 3531 1364 3584 et
1406 3525 1692 3584 mundum
1734 3523 2144 3601 principaliter
2192 3536 2339 3596 spe·-

209 3631 398 3686 ctant.
479 3627 570 3686 Ex
598 3625 692 3685 his
729 3633 1006 3686 constare
1041 3631 1262 3702 potest,
1311 3624 1473 3701 quod
1513 3624 1689 3682 homo
1730 3641 1803 3681 ex
1837 3622 2081 3699 propria
2114 3619 2338 3677 intelli-

207 3727 418 3803 gentia
463 3745 582 3784 non
622 3727 922 3802 percipiat
969 3727 1085 3784 nisi
1120 3722 1279 3783 mala
1322 3730 1384 3783 et
1430 3722 1633 3781 videat
1680 3724 1795 3778 nisi
1830 3720 2014 3793 falsa3
2080 3724 2141 3774 at
2177 3717 2337 3792 quod

206 3825 372 3884 bona
410 3831 472 3883 et
503 3843 683 3899 vera,
733 3843 888 3902 quae
925 3831 1065 3884 sunt
1103 3823 1272 3884 Coeli
1307 3828 1369 3882 et
1406 3819 1753 3893 Ecclesiae,
1804 3819 2106 3895 percipiat
2142 3821 2203 3872 et
2236 3819 2333 3874 vi·-
2387 3818 2396 3827 '

209 3925 354 3984 deat
394 3942 472 3983 ex
507 3925 783 3985 Domino.
865 3923 1118 4000 Quando
1155 3923 1437 3982 Internus
1490 3935 1599 3980 seu
1643 3915 1975 3994 spiritualis
2012 3916 2189 3977 homo
2206 3960 2223 3991 ‚
2273 3918 2338 3976 in

210 4041 332 4100 quo
371 4030 466 4083 est
499 4041 666 4084 mens
702 4025 949 4084 interior
985 4040 1097 4082 seu
1131 4023 1425 4099 superior,
1484 4020 1559 4078 de
1598 4002 1715 4094 qua
1749 4017 1927 4077 modo
1965 4017 2189 4078 dictum
2226 4023 2337 4094 est,

211 4129 463 4200 apertus
511 4131 631 4200 est,
697 4130 838 4184 tunc
890 4125 1186 4183 Dominus
1239 4121 1443 4180 domat
1486 4117 1672 4194 mala,
1740 4125 1802 4178 et
1848 4119 2136 4196 dispergit
2183 4117 2343 4177 falsa

215 4239 370 4302 quae
419 4229 562 4283 sunt
601 4227 664 4284 in
699 4225 962 4284 Externo
1011 4239 1123 4283 seu
1166 4219 1426 4281 naturali
1476 4219 1745 4280 homine:
1799 4219 1951 4280 haee
1987 4235 2149 4277 nunc
2186 4223 2341 4288 sunt,
