2700 4792
273 274 277 278 ’
390 302 462 356 56
833 287 1321 346 APOCALYPsis
1366 287 1798 344 EXPLIGATA.
1850 289 1899 358 ς.
1942 299 2035 352 52.

389 451 676 510 Divinum
724 447 982 523 Verum,
1055 453 1117 508 et
1165 449 1447 523 agnitum
1487 447 1773 506 Divinum
1824 445 2171 508 Humanum
2220 447 2463 508 Domini
2484 470 2517 506 ε

227 557 350 620 [41]
393 547 554 627 quod
587 549 738 608 haec
774 547 1048 606 dicantur
1081 547 1156 606 de
1191 547 1470 606 Ecclesia
1498 545 1807 621 Gentium,
1844 546 2121 606 videatur
2146 566 2287 608 mox
2312 564 2523 624 supra

389 669 462 709 n:
507 651 616 710 50.
669 647 946 708 Ecclesia
977 646 1318 708 Christiana
1345 647 1585 723 quidem
1612 648 1885 724 agnoscit
1916 647 2203 716 Divinum
2232 648 2519 721 Domini,

389 749 500 810 sed
551 766 670 808 non
713 747 998 807 Divinum
1041 748 1419 820 Humanum,
1474 753 1845 824 quapropter
1894 763 2031 806 cum
2078 765 2154 808 ex
2204 748 2523 808 Doctrina

1 796 5 941 ι
386 851 652 928 cogitant
691 854 752 908 et
784 847 1106 924 loquuntur
1141 847 1216 906 de
1251 847 1537 923 Domino,
1588 856 1877 923 separant
1914 847 2255 918 Humanum
2289 847 2519 926 Ipsius

384 969 424 1010 a
456 950 708 1018 Divin0,
769 955 832 1007 et
865 947 1206 1006 Humanum
1259 948 1464 1024 Ipsius
1507 946 1733 1006 faciunt
1784 947 1977 1006 simile
2020 948 2279 1008 humano
2332 949 2515 1008 alius

383 1051 639 1112 hominis
654 1093 670 1124 ,
728 1065 862 1108 cum
898 1053 1100 1108 tamen
1149 1049 1212 1106 in
1245 1047 1527 1108 Humano
1570 1046 1771 1123 Ipsius
1818 1056 1915 1108 est
1964 1047 2281 1122 Divinum,
2334 1051 2523 1108 sicut

387 1152 586 1208 anima
631 1151 692 1207 in
741 1163 1021 1224 corpore:
1075 1147 1226 1206 haec
1277 1149 1459 1206 etiam
1504 1163 1691 1206 causa
1734 1153 1859 1217 est,
1922 1147 2081 1224 quod
2134 1148 2314 1208 iidem
2366 1167 2511 1208 non

383 1251 620 1327 possint
653 1245 728 1308 de
763 1248 986 1308 Divino
1019 1245 1281 1324 aliquam
1315 1247 1513 1306 ideam
1546 1246 1805 1320 habere,
1854 1255 1915 1308 et
1949 1265 2143 1324 usque
2176 1248 2313 1308 idea
2340 1265 2517 1308 con-

376 1350 606 1429 jungit,
663 1350 809 1426 quia-
859 1349 1178 1425 cogitatiO,
1235 1356 1296 1408 et
1349 1354 1551 1407 tamen
1598 1347 1829 1424 absque
1890 1349 2301 1425 conjunctione
2353 1365 2517 1408 cum

381 1451 604 1510 Divino
635 1467 748 1526 per
781 1450 1202 1526 cogitationem
1237 1455 1298 1508 et
1333 1447 1737 1519 affectionem,
1792 1465 1904 1508 seu
1940 1448 2101 1526 quod
2136 1436 2324 1519 idem,
2372 1467 2515 1526 per

381 1550 562 1610 fidem
611 1557 672 1608 et
715 1565 1008 1622 amorem,
1061 1547 1229 1608 nulla
1271 1547 1471 1623 salus;
1527 1547 1741 1608 dicitur
1788 1548 1948 1624 quod
1992 1550 2329 1626 conjunctio
2376 1567 2515 1625 per

383 1651 806 1726 cogitationem
843 1656 904 1709 et
927 1648 1298 1708 affectionem
1328 1649 1407 1706 sit
1432 1647 1590 1708 idem
1626 1665 1698 1710 ac
1740 1666 1852 1725 per
1885 1648 2063 1708 fidem
2100 1658 2161 1708 et
2202 1666 2512 1726 amorem,

386 1751 668 1827 quoniam
714 1747 888 1824 quoe}
919 1747 1099 1808 credo
1149 1747 1264 1807 hoc
1315 1750 1545 1825 cogite,
1600 1755 1663 1808 et
1714 1748 1873 1825 quod
1922 1765 2057 1808 amo
2104 1766 2175 1808 eo
2224 1749 2465 1809 afficior
2490 1772 2511 1810 z

0 1379 14 1679 fflzss.aw,wm.
0 1322 10 1373 ’τ’
0 1299 10 1318 v.
0 1274 8 1293 w
0 1124 10 1266 :mu—r-
0 1109 5 1118 ..
0 1044 8 1101 ,em-1

67 1223 76 1232 ο

9 1895 14 1900 ,
7 1841 12 1888 --.-
0 1677 13 1801 ’ῖ-ΩΡῺᾎΓ-

383 1850 634 1911 credere
679 1851 742 1908 in
787 1849 1113 1924 invisibile,
1188 1865 1306 1907 non
1349 1848 1561 1924 procul
1609 1855 1701 1908 est
1754 1867 1791 1908 a
1840 1849 2085 1908 credere
2120 1851 2181 1908 in
2212 1852 2503 1910 intimum

382 1958 664 2024 naturae,
702 1950 762 2008 in
799 1949 959 2026 quod
995 1951 1174 2008 etiam
1207 1965 1375 2008 mens
1414 1965 1605 2026 prone
1638 1949 1891 2018 labitur,
1944 1967 2123 2026 quum
2157 1950 2510 2028 phantasiis

385 2053 516 2110 suis
555 2049 824 2126 indulget
840 2071 856 2126 3
909 2051 1100 2108 cuivis
1135 2056 1336 2108 tamen
1378 2052 1619 2110 insitum
1656 2056 1751 2110 est
1796 2067 1832 2110 e
1870 2049 2085 2124 Coele,
2144 2050 2301 2126 quod
2334 2051 2507 2109 insi-

383 2158 512 2210 tum
551 2155 644 2210 est
671 2168 748 2210 ex
782 2152 1060 2210 continuo
1095 2145 1318 2208 influxu
1353 2149 1519 2224 inde,
1557 2150 1843 2210 Divinum
1872 2167 2047 2210 suum
2074 2151 2237 2210 velle
2259 2150 2505 2221 videre,

385 2258 448 2311 et
484 2249 724 2328 quidem
758 2249 870 2310 sub
905 2249 1186 2308 Humana
1217 2249 1439 2325 sorma3
1492 2249 1607 2310 hoc
1643 2253 1886 2310 insitum
1922 2257 2017 2310 est
2054 2251 2213 2327 apud
2250 2249 2498 2325 simpli-

383 2368 520 2426 ces,
577 2356 640 2410 ot
675 2367 914 2428 quoque
950 2350 1112 2426 apud
1165 2349 1393 2410 Gentes
1429 2350 1690 2426 probas,
1746 2351 2024 2412 videatur
2070 2353 2131 2410 in
2166 2345 2365 2427 Opere
2406 2351 2499 2410 de

385 2451 586 2512 Coum
621 2467 700 2510 Εἰ·
733 2451 1042 2525 Ins-nano,
1095 2470 1164 2510 n:
1208 2453 1293 2510 82
1313 2470 1348 2526 3-
1387 2458 1755 2528 quapropter
1788 2451 1877 2510 illi
1912 2467 2155 2524 omne3‚
2214 2453 2269 2510 si
2302 2452 2501 2510 vitam

383 2653 584 2727 coe103
637 2652 854 2728 reliqui
885 2669 1007 2710 non
1039 2654 1230 2730 recipi
1261 2658 1548 2729 possunt,
1607 2654 1750 2728 quia
1786 2669 1905 2710 non
1943 2653 2275 2730 conjuncti:
2328 2652 2503 2728 quod

287 2740 300 2753 ’
382 2769 590 2811 omnes
627 2751 843 2830 Angcli
877 2754 936 2810 in
973 2752 1186 2828 CocIO,
1247 2751 1409 2829 quod
1446 2755 1623 2812 etiam
1662 2755 2091 2830 sapientissimi
2124 2755 2187 2810 in
2222 2754 2499 2828 antiquis

307 2854 313 2860 '
380 2852 780 2928 temporibus,
837 2859 898 2912 et
947 2853 1108 2928 quod
1162 2870 1369 2912 omnes
1424 2855 1527 2929 qui
1576 2853 1755 2912 fidem
1809 2854 2185 2928 spiritualem
2234 2852 2491 2927 habent,

379 2951 496 3011 hoc
531 2957 652 3028 est,
707 2953 868 3030 apud
904 2969 1059 3030 quos
1089 2953 1240 3012 fides
1279 2955 1455 3027 vivit,
1495 2959 1615 3012 tam
1644 2957 1706 3014 in
1738 2955 1853 3015 hac
1884 2954 2161 3028 Tellure,
2202 2963 2379 3030 quam
2418 2953 2495 3010 in

381 3053 656 3113 omnibus
704 3056 766 3113 in
798 3056 1113 3123 universe,
1179 3054 1423 3112 videant
1454 3055 1515 3112 in
1554 3057 1912 3132 cogitatione
1954 3055 2241 3116 Divinum
2290 3069 2492 3128 suum,

382 3155 524 3228 quia
570 3159 901 3230 agnoscunt
945 3153 1230 3210 Divinum
1279 3154 1652 3229 Humanum,
1718 3161 1779 3214 et
1824 3154 1960 3213 ideo
2008 3159 2397 3230 acceptentur
2450 3171 2496 3212 a

379 3253 664 3328 Domino,
737 3254 1014 3312 videatur
1054 3254 1118 3310 in
1170 3253 1497 3312 Dum-mm
1551 3254 1606 3315 N
1610 3274 1769 3316 ovas
1832 3255 2347 3328 Himosomman,
2410 3271 2449 3310 n
2470 3275 2491 3312 :

387 3354 526 3412 280
575 3353 654 3416 ad
701 3355 876 3413 310:
929 3354 990 3410 in
1033 3350 1232 3428 Opere
1288 3353 1363 3412 de
1408 3351 1610 3412 cono
1654 3374 1733 3414 m·
1783 3355 2094 3426 bmnium,
2148 3374 2219 3412 n:
2282 3355 2367 3412 79
2408 3353 2493 3412 ad

385 3454 495 3512 86.
529 3455 693 3513 316.
730 3455 891 3512 321.
945 3453 1021 3509 Et
1053 3454 1116 3510 in
1152 3451 1462 3529 Opusculo
1507 3454 1585 3512 de'
1625 3455 2015 3516 Tnnnumnus
2057 3474 2119 3514 IN
2148 3454 2489 3525 Umvnnso,

378 3570 447 3611 n:
511 3557 568 3611 7.
613 3555 726 3610 40.
771 3555 883 3610 41.
930 3554 1038 3611 65.
1073 3555 1178 3611 68.
1227 3556 1336 3612 91.
1386 3557 1494 3612 98.
1543 3557 1863 3622 99.,107.
1904 3558 2062 3615 121.
2112 3556 2486 3614 141.154.

385 3655 415 3710 1
438 3653 547 3712 58.
583 3649 744 3711 159.
785 3654 812 3709 1
835 3655 943 3711 69.
996 3653 1288 3729 Quoniam
1323 3653 1438 3712 hoc
1464 3655 1725 3724 insitum,
1766 3656 1925 3730 quod
1954 3662 2045 3714 est
2072 3655 2235 3732 apud
2260 3672 2486 3714 unum-

377 3753 648 3828 quemvis
685 3769 719 3810 e
758 3751 971 3828 Coelo,
1038 3753 1200 3830 apud
1249 3754 1533 3817 Eruditos
1568 3755 1774 3812 mundi
1815 3773 2011 3832 paene
2062 3757 2320 3832 ejectum
2374 3760 2488 3824 est,

377 3856 440 3910 et
489 3852 576 3908 sic
629 3851 822 3912 aditus
860 3852 937 3912 ad
971 3854 1255 3912 Divinum
1290 3855 1677 3930 praeclusuS,
1738 3856 1873 3914 ideo
1926 3873 1963 3914 a
2008 3857 2266 3914 Domino
2310 3855 2488 3914 Nova

375 3953 746 4011 instauratur
799 3954 1072 4015 Ecclesia
1126 3954 1289 4032 apud
1343 3953 1571 4014 Gentes
1625 3973 1779 4031 quae
1827 3974 1945 4014 non
2000 3958 2487 4030 exstirpaverunt

377 4049 543 4110 illam
586 4053 807 4129 ideam,
865 4061 926 4114 et
961 4073 1096 4115 cum
1130 4055 1268 4114 idea
1301 4054 1501 4114 fidem.
1591 4055 1767 4132 Quod
1800 4057 1914 4115 hoc
1968 4058 2211 4115 insitum
2268 4057 2486 4115 exstir-

377 4157 590 4229 patum
627 4157 704 4215 sit
740 4174 774 4218 e
805 4155 1140 4221 Chrisfiano
1169 4154 1360 4232 Orbe,
1417 4155 1599 4216 trahit
1632 4159 1885 4234 primam
1914 4156 2220 4234 Originem
2248 4175 2322 4216 ex
2356 4155 2483 4214 Ba-

381 2552 686 2612 charitatis
723 2554 902 2612 etiam
948 2553 1251 2627 vixerunt,
1290 2553 1663 2627 recipiuntur
1696 2569 1733 2610 a
1766 2551 2056 2622 Domine,
2092 2558 2154 2611 et
2192 2552 2501 2610 donantur
2610 2611 2616 2616 ,
