2700 4792
357 349 598 406 CAPUT
650 349 1064 409 SECUNDUM.
1732 349 1946 405 VERS:
1992 360 2045 412 1.
2207 365 2314 416 113

191 527 328 588 quo
377 511 613 587 agitur,
669 515 738 566 ut
776 525 1016 584 quoque
1053 507 1440 585 descriptioni
1473 505 1880 568 Ecclesiam-um
1916 516 2313 590 sequentium,

191 618 272 670 ut
306 611 504 669 Vers:
550 611 612 669 8.
661 612 770 667 12.
819 610 928 666 18.
971 606 1131 685 Cap:
1168 607 1292 666 111:
1341 611 1399 665 1.
1447 613 1504 667 7.
1554 610 1673 683 143
1712 625 1897 669 eausa
1934 613 2095 687 quod
2126 631 2312 691 prae-

191 713 475 785 ficiatur,
531 716 626 768 est
662 709 804 784 quia
836 725 1010 767 omne
1055 707 1369 768 Ecclesiae
1418 699 1511 767 est
1558 725 1595 766 a
1642 707 1931 770 Domino:
1986 713 2123 772 inde
2164 731 2313 791 quo..

196 830 328 890 que
380 817 579 888 patet,
632 827 741 868 cur
797 811 860 867 in
905 808 1106 866 Primo
1159 806 1373 885 Capite
1422 809 1717 868 Dominus
1782 812 1979 886 quoad
2026 813 2316 873 Divinum

193 914 553 973 Humanum
615 908 792 968 suum
838 925 950 984 per
1007 910 1562 984 repraesentativa,
1621 925 1775 984 quae
1839 914 1971 970 visa
2028 913 2311 984 Johanni,

195 1013 554 1088 descriptus
592 1016 716 1079 est,
765 1008 928 1086 quod
959 1026 1176 1086 nempe
1212 1016 1278 1067 ut
1311 1009 1449 1068 inde
1488 1008 1902 1069 desumeretur
1940 1011 2099 1087 quod
2130 1031 2313 1090 prae-

197 1113 526 1172 ficiendum
561 1116 728 1171 esset
787 1110 1174 1185 descriptioni
1221 1110 1493 1186 cujusvis
1540 1109 1881 1184 Ecclesiae,
1934 1113 1997 1168 in
2035 1115 2307 1173 testimo-

199 1217 374 1272 nium
413 1219 476 1272 et
509 1209 884 1284 memoriale,
947 1210 1108 1288 quod
1156 1227 1328 1268 omne
1365 1208 1675 1268 Ecclesiae
1722 1211 1799 1268 sit
1836 1227 1873 1268 a
1904 1211 2195 1290 Domino,
2248 1221 2313 1274 et

197 1314 454 1391 quidem
489 1329 526 1370 a
550 1311 774 1370 Divino
801 1312 1080 1370 Humano
1115 1310 1338 1386 Ipsius,
1381 1327 1453 1368 ex
1481 1309 1613 1370 Hoc
1651 1311 1803 1368 enim
1838 1310 2111 1387 procedit
2138 1330 2310 1374 omne

207 1416 438 1473 bonum
475 1413 694 1472 amoris
735 1418 796 1470 et
840 1429 1046 1470 verum
1087 1390 1224 1468 fidei
1263 1427 1419 1485 quae
1468 1410 1693 1468 faciunt
1735 1411 2097 1488 Ecclesiam;
2152 1414 2311 1490 quod

217 1513 558 1572 immediate
590 1511 864 1589 procedit
897 1529 974 1570 ex
1009 1510 1156 1586 Ipso
1185 1511 1406 1568 Divino
1440 1509 1673 1586 Ipsius,
1728 1509 1843 1570 hoc
1884 1529 2003 1571 non
2038 1515 2315 1590 pervenit

221 1613 304 1672 ad
337 1612 658 1682 hominem,
711 1615 853 1688 quia
894 1611 1104 1688 Ipsum
1148 1610 1436 1669 Divinum
1477 1609 1677 1687 Ipsius
1727 1618 1819 1670 est
1872 1613 2195 1689 invisibile,
2252 1620 2312 1672 et

205 1713 352 1773 inde
387 1730 504 1772 non
541 1717 604 1772 in
639 1713 1062 1788 cogitationem
1097 1711 1293 1785 cadit,
1349 1717 1411 1770 et
1448 1710 1607 1786 quod
1641 1729 1759 1770 non
1793 1713 1853 1768 in
1890 1715 2308 1791 cogitationem

199 1814 402 1883 cadit,
445 1813 562 1872 hoc
595 1829 708 1872 nec
747 1815 810 1870 in
842 1811 1050 1881 fidem,
1101 1829 1240 1870 nam
1289 1827 1465 1870 omne
1502 1810 1663 1887 quod
1700 1811 1840 1871 fidei
1876 1819 1971 1872 est
2008 1814 2307 1890 cogitabi-

201 1925 326 1974 tur.
403 1913 586 1990 Quod
648 1912 835 1971 Filius
895 1911 1182 1986 hominis,
1260 1910 1379 1986 Qui
1428 1928 1541 1987 per
1584 1911 2129 1988 Repraesentativa
2177 1916 2311 1972 visa

195 2015 472 2075 Johanni
522 2015 584 2072 in
617 2012 820 2070 Primo
859 2010 1072 2088 Capite
1109 2013 1449 2087 descriptus
1490 2017 1613 2085 est,
1669 2013 1747 2070 sit
1778 2012 2072 2072 Dominus
2110 2012 2309 2090 quoad

197 2116 490 2174 Divinum
531 2112 906 2186 Humanum,
963 2118 1024 2170 et
1063 2112 1198 2171 inde
1236 2111 1571 2186 procedens
1598 2111 1880 2170 Divinum
1919 2113 2177 2188 Verum,
2214 2116 2308 2172 vi·-

199 2216 422 2274 deatur
475 2230 664 2290 supra
705 2231 781 2270 n:
851 2213 964 2272 63.
1053 2210 1231 2287 Quod
1280 2210 1354 2270 de
1404 2205 1841 2288 cognitionibus
1893 2215 2019 2272 veri
2070 2220 2134 2272 et
2167 2212 2309 2272 boni

201 2315 302 2374 hic
328 2316 588 2390 primum
623 2320 854 2389 agatur,
893 2317 988 2370 est
1021 2315 1162 2388 quia
1195 2311 1336 2370 illae
1366 2318 1505 2370 sunt
1538 2314 1733 2387 prima
1766 2313 2097 2384 Ecclesiae,
2132 2330 2308 2372 nemo

201 2418 368 2475 enim
421 2415 644 2472 initiari
693 2419 898 2490 potest
945 2414 1008 2470 in
1061 2412 1240 2472 fidem
1301 2419 1364 2470 et
1418 2412 1795 2486 charitatem,
1864 2429 2018 2488 quae
2080 2413 2307 2472 faciunt

201 2513 584 2586 Ecclesiam,
620 2515 736 2571 nisi
766 2530 876 2588 per
905 2511 1286 2590 Cognitiones
1323 2529 1479 2589 quae
1516 2517 1657 2569 sunt
1684 2511 1994 2570 Ecclesiae
2035 2529 2110 2570 ex
2145 2509 2306 2569 Ver-

201 2613 324 2682 bc,
366 2611 644 2670 videatur
675 2611 973 2687 appendix
1010 2631 1086 2672 ex
1121 2613 1397 2672 AacAms
1437 2609 1858 2671 Commu-mus
1894 2613 1953 2668 in
1991 2609 2192 2686 Opere
2230 2609 2305 2668 de

199 2713 416 2774 Conco
451 2730 534 2770 m·
559 2711 832 2771 Ins-nnnc
865 2719 1004 2788 post
1047 2731 1117 2770 n:
1177 2715 1337 2772 356.

363 2815 476 2873 97.
542 2811 876 2872 Ambulans
919 2816 981 2871 in
1017 2812 1212 2872 medio
1265 2821 1499 2888 septem
1554 2810 2047 2873 candelabrorum
2088 2827 2307 2870 aureo-

195 2932 364 2985 rum,
401 2912 562 2990 quod
597 2913 893 2990 significet
928 2931 964 2972 a
1001 2913 1136 2989 Quo
1171 2915 1295 2972 vita
1330 2912 1603 2972 omnibus
1631 2914 1693 2972 in
1731 2929 1887 2972 novo
1930 2910 2113 2972 Coelo
2151 2916 2212 2971 ct
2244 2914 2305 2971 in

201 3011 366 3070 noia
405 3011 708 3088 Ecclesia,
765 3019 1002 3072 constat
1037 3030 1112 3072 ex
1161 3013 1591 3090 significatione
1634 3013 1969 3087 ambulare,
2026 3011 2186 3090 quod
2220 3014 2307 3072 sit

203 3114 447 3186 vivere,
497 3119 562 3172 et
593 3131 732 3173 cum
765 3113 843 3172 de
877 3113 1164 3188 Domino,
1219 3113 1381 3190 qnod
1430 3115 1507 3171 sit
1545 3116 1679 3190 ipsa
1717 3115 1873 3188 vita,
1929 3112 2003 3173 de
2042 3131 2161 3191 qua
2202 3130 2306 3172 se·-

205 3211 412 3287 quitur
422 3231 439 3286 3
494 3219 553 3271 et
587 3230 664 3272 ex
697 3212 1128 3290 significatione
1165 3220 1401 3290 septem
1437 3212 1930 3273 candelabrorum
1966 3230 2307 3282 aureorum,

203 3310 372 3388 quod
405 3313 522 3370 sint
559 3329 768 3372 omnes
809 3315 870 3370 in
915 3329 1069 3372 novo
1107 3312 1292 3374 Coelo
1331 3319 1393 3372 et
1428 3315 1490 3372 in
1524 3331 1679 3372 nova
1722 3314 2026 3388 Ecclesia,
2082 3313 2158 3372 de
2186 3329 2307 3389 qua

195 3427 390 3487 supra
405 3429 462 3470 n:
512 3413 596 3470 62
622 3433 636 3470 =
663 3413 802 3472 inde
833 3419 1019 3488 patet,
1053 3412 1212 3489 quod
1227 3413 1519 3472 Dominus
1544 3415 1713 3474 visus
1740 3415 1905 3471 sitin
1929 3412 2124 3470 medio
2155 3427 2302 3469 can-

193 3510 610 3586 delabrorum,
641 3512 824 3572 fuerit
851 3515 994 3588 quia
1021 3512 1280 3572 medium
1305 3513 1600 3588 signifieat
1625 3515 1914 3580 intimum,
1940 3508 2305 3570 candelabra

197 3609 454 3670 Coelum
491 3621 552 3670 et
587 3611 952 3687 Ecclesiam,
1009 3619 1071 3671 et
1107 3612 1415 3672 ambulare
1450 3615 1661 3686 vitam3
1706 3617 1769 3670 et
1800 3613 1862 3669 in
1901 3608 2098 3667 medio
2144 3623 2301 3682 esse,

197 3727 338 3768 eum
365 3711 442 3770 de
468 3711 744 3788 Domino,
775 3712 1070 3789 significat
1093 3715 1154 3770 in
1181 3713 1457 3772 omnibus
1484 3715 1706 3772 circum
1734 3712 1894 3770 circa
1916 3724 2053 3768 esse
2068 3727 2085 3784 3
2114 3723 2302 3784 quare

197 3827 310 3887 per
327 3810 390 3869 id
408 3813 980 3888 repraesentabatur
1003 3813 1162 3888 quod
1184 3815 1373 3872 omnis
1396 3815 1521 3870 vita
1546 3810 1686 3872 fidei
1704 3818 1766 3870 et
1786 3811 2005 3870 amoris
2032 3810 2095 3866 in
2116 3805 2301 3866 Coelo

195 3913 347 3969 etin
365 3911 642 3970 Ecclesia
667 3914 746 3972 sit
771 3913 848 3972 ab
871 3913 1036 3989 Ipso,
1055 3913 1330 3972 videatur
1359 3930 1545 3990 supra
1567 3929 1635 3970 n:
1674 3913 1784 3970 84.
1841 3910 2016 3987 Quod
2040 3906 2305 3970 medium

196 4011 278 4068 sit
309 4012 583 4071 intimum
625 4018 686 4070 et
720 4019 992 4072 centrum
1030 4029 1066 4070 a
1105 4030 1224 4090 quo
1243 4056 1258 4087 ,
1315 4015 1375 4070 in
1420 4005 1696 4071 Ancams
1748 4009 2164 4072 Connus-mnus
2226 4027 2301 4068 n:

205 4111 398 4168 1074
465 4113 677 4170 2940.
738 4115 948 4172 2973.
1001 4117 1210 4172 7777.
1308 4110 1484 4187 Quod
1542 4110 1835 4168 Dominus
1889 4113 1970 4168 sit
2016 4109 2301 4170 Centrum

195 4225 542 4286 commune,
598 4229 637 4269 a
673 4210 806 4288 Quo
843 4214 1034 4272 omnis
1071 4212 1320 4272 directio
1356 4218 1417 4270 et
1452 4209 1868 4270 determinatio
1902 4212 1964 4266 in
1994 4207 2196 4279 Coelo,
2238 4209 2299 4263 in

301 4325 729 4382 chdcnborg.
773 4328 962 4382 Apocal.
993 4329 1172 4380 cxpl.1.
1912 4309 1947 4362 8
