2700 4792
365 359 476 414 514
780 347 1282 406 APOCALYPSIS
1321 347 1761 406 EXPLICATA.
1842 349 1889 418 §.
1932 359 2063 411 2⁴35.

359 511 633 570 dicuntur
669 509 931 568 existere
947 549 967 576 ,
1015 509 1124 584 qui
1171 506 1480 566 reformati
1528 513 1669 566 sunt
1680 550 1698 581 ‚
1752 509 1815 566 in
1847 505 1963 566 illis
2000 509 2157 566 enim
2204 509 2329 568 vita
2360 515 2479 585 est,

357 616 422 670 et
453 607 571 668 illis
604 606 1000 684 intelligentia
1023 613 1085 666 et
1108 608 1409 684 sapientia
1434 613 1559 683 est3
1598 613 1661 664 at
1688 609 1791 682 qui
1826 623 1943 666 non
1976 607 2286 670 reformati
2318 617 2477 686 sunt,

355 714 418 772 in
451 708 572 769 illis
607 724 726 768 non
755 709 884 768 vita
917 713 1013 767 est
1045 705 1154 766 sed
1189 723 1350 766 mors
1376 707 1721 784 spiritualis,
1776 724 1888 767 nec
1926 707 2045 767 illis
2079 709 2477 786 intelligentia

355 817 417 871 et
449 808 750 887 sapientia
795 814 923 880 est,
979 807 1088 868 sed
1121 809 1357 867 insania
1408 813 1469 866 et
1502 806 1785 878 stultitia,
1836 807 1973 868 inde
2034 823 2145 868 nec
2198 809 2472 868 dicuntur

353 911 645 972 existere:
701 908 776 968 de
811 908 970 968 omni
1002 925 1087 982 re,
1143 925 1297 985 quae
1335 912 1591 984 apparet
1624 907 1701 966 ad
1736 907 2000 984 aquuem
2034 925 2292 981 sensum,
2329 911 2469 986 qui-

355 1011 494 1072 dem
529 1009 741 1070 dicitur
775 1010 1064 1084 existere,
1119 1014 1184 1066 at
1229 1025 1346 1068 non
1394 1008 1469 1067 de
1513 1007 1753 1067 homine
1790 1007 2211 1085 spiritualiter,
2263 1011 2380 1068 nisi
2413 1011 2479 1068 in

354 1111 512 1172 bono
551 1115 611 1170 et
643 1127 789 1168 vero
825 1111 937 1184 sit,
973 1113 1216 1168 creatus
1253 1111 1412 1168 enim
1449 1114 1541 1166 est
1573 1106 1751 1167 homo
1786 1113 1854 1166 ut
1888 1110 1966 1168 sit
2000 1111 2207 1183 vivus,
2246 1109 2475 1168 intelli-

355 1227 507 1288 gens
543 1217 604 1270 et
635 1211 912 1287 sapiens,
967 1224 1154 1286 quare
1190 1225 1326 1269 cum
1364 1214 1459 1268 est
1492 1215 1789 1282 mortuus,
1844 1211 2097 1268 insanus
2136 1215 2199 1268 et
2231 1209 2476 1284 stultus,

353 1318 500 1372 tune
545 1327 666 1372 non
719 1315 1012 1385 quatenus
1060 1308 1238 1368 homo
1290 1311 1518 1368 existit-z
1570 1314 1711 1366 sunt
1758 1309 1877 1368 duo
1932 1327 2083 1384 quae
2132 1309 2359 1369 faciunt
2410 1317 2482 1368 ut

353 1411 535 1473 homo
583 1411 664 1470 sit
696 1409 901 1483 homo,
957 1426 1171 1486 nempe
1232 1407 1453 1468 bonurn
1516 1415 1577 1469 et
1612 1425 1857 1484 verum,
1913 1416 2233 1486 utrumque
2268 1428 2307 1468 a
2340 1410 2479 1468 Do-

353 1515 536 1581 mino,
584 1510 806 1570 bonum
841 1514 934 1568 est
981 1525 1118 1568 esse
1166 1512 1327 1572 vitae
1366 1510 1528 1586 ηαδ,
1578 1526 1788 1598 verum
1835 1516 2035 1568 autem
2084 1518 2177 1568 est
2212 1512 2478 1569 existere

355 1615 520 1671 vitae
553 1611 692 1671 inde
709 1655 726 1685 ,
779 1628 916 1668 nam
953 1626 1126 1670 omne
1160 1627 1371 1670 verum
1408 1611 1611 1669 existit
1646 1627 1720 1668 ex
1750 1609 1925 1684 bono,
1964 1617 2057 1668 est
2094 1612 2248 1669 enim
2285 1611 2481 1668 forma

356 1711 501 1770 boni
549 1718 610 1769 et
649 1711 788 1770 inde
841 1709 1020 1787 quale
1067 1709 1206 1768 boni
1220 1730 1238 1787 3
1293 1717 1357 1770 et
1402 1713 1543 1786 quia
1590 1709 1810 1768 bonum
1862 1717 1955 1770 est
1994 1727 2132 1770 esse
2167 1712 2365 1779 vitae,
2416 1718 2480 1769 et

353 1827 568 1870 verum
621 1817 714 1870 est
749 1813 1008 1870 existere
1043 1811 1204 1870 vitae
1237 1811 1409 1880 inde,
1452 1817 1524 1880 ,et
1564 1827 1677 1887 per
1726 1813 1921 1870 creari
1955 1811 2326 1887 significatur
2362 1827 2477 1870 ex-

355 1912 568 1983 istere,
605 1909 744 1969 inde
781 1915 875 1968 est
907 1909 1068 1984 quod
1103 1909 1353 1985 dicatur,
1392 1911 1553 1988 quod
1586 1927 1699 1988 per
1733 1893 2123 1970 Voluntatem
2156 1917 2321 1969 tuam
2356 1913 2480 1968 sint

361 2015 424 2069 et
457 2015 662 2070 creata
697 2011 844 2068 sint=
895 2009 1010 2068 hoc
1061 2027 1218 2070 nunc
1267 2018 1363 2070 est
1396 2009 1708 2088 spirituale
1752 2014 1815 2069 in
1861 2011 1955 2070 his
1990 2012 2209 2070 verbis,
2300 2010 2479 2086 Quod

358 2109 686 2186 Voluntas,
725 2127 861 2170 cum
885 2109 960 2168 de
986 2109 1277 2188 Domino,
1316 2114 1396 2171 sit
1420 2111 1679 2171 Divinus
1706 2112 1908 2186 Amor,
1964 2117 2061 2170 est
2094 2113 2237 2188 quia
2267 2112 2479 2188 Ipsum

358 2209 674 2285 Divinum,
713 2228 790 2270 ex
825 2210 958 2286 Quo
995 2215 1209 2288 omnia,
1247 2219 1340 2272 est
1372 2212 1628 2271 Divinus
1654 2212 1859 2284 Amor,
1890 2211 2028 2271 inde
2064 2219 2320 2290 apparet
2342 2213 2476 2272 Do·-

359 2312 556 2370 minus
603 2326 804 2370 coram
839 2303 1086 2387 Angelis
1133 2320 1200 2371 ut
1235 2311 1340 2374 Sol
1386 2315 1599 2389 igneus
1622 2382 1629 2388 ,
1650 2319 1712 2372 et
1744 2313 2051 2372 flammans
2070 2356 2088 2387 ,
2144 2319 2205 2372 et
2248 2313 2362 2372 hoc
2400 2331 2479 2373 ex

361 2427 573 2486 causa,
613 2403 755 2488 quia
784 2411 969 2471 Amor
1001 2414 1064 2470 in
1099 2412 1406 2490 spirituali
1440 2412 1660 2472 mundo
1706 2419 1961 2489 apparet
1996 2420 2063 2472 ut
2100 2415 2274 2490 ignis,
2314 2414 2476 2472 unde

361 2517 458 2572 est
491 2512 651 2587 quod
680 2511 847 2592 Ignis
883 2515 944 2571 in
972 2511 1192 2585 Verbo,
1233 2529 1370 2574 cum
1404 2513 1479 2572 de
1514 2513 1791 2582 Domino,
1827 2513 1900 2572 de
1940 2512 2123 2572 Coelo
2162 2519 2223 2572 et
2256 2511 2330 2572 de
2356 2515 2483 2573 Ec-

361 2611 566 2688 clesia,
604 2612 898 2690 significet
923 2627 1217 2689 amorem3
1257 2631 1331 2672 ex
1368 2612 1471 2672 illo
1500 2611 1640 2672 Sole
1674 2615 1738 2671 in
1772 2613 1958 2672 coelis
1995 2613 2269 2690 procedit
2296 2613 2481 2673 Calor

363 2717 426 2772 et
458 2711 625 2782 Lux,
677 2718 739 2772 et
773 2711 951 2772 Calor
983 2712 1066 2770 ibi
1102 2721 1196 2772 est
1228 2713 1516 2772 Divinum
1548 2713 1785 2786 Bonum
1817 2714 2180 2790 procedens»,
2236 2731 2307 2772 ac
2340 2715 2481 2773 Lux

362 2817 457 2872 est
490 2812 776 2872 Divinum
815 2813 1044 2872 Verum
1076 2813 1443 2890 procedens3
1498 2813 1608 2872 sed
1632 2812 1785 2872 haec
1820 2811 2059 2888 plenius
2096 2821 2342 2874 ostensa
2378 2816 2476 2872 vi-

361 2911 617 2972 deantur
639 2915 702 2971 in
729 2912 930 2990 Opere
961 2912 1035 2973 de
1065 2912 1272 2974 Cosso
1297 2932 1377 2973 m·
1404 2912 1699 2985 Iun-narro,
1734 2915 1809 2973 de
1838 2912 1979 2973 Sole
2012 2913 2199 2988 Coeli,
2235 2931 2294 2974 n:
2336 2919 2364 2972 1
2385 2918 2415 2972 1
2434 2917 2474 2974 6

361 3010 440 3068 ad
483 3013 652 3088 1253
691 3020 752 3072 et
787 3013 861 3072 de
896 3013 1114 3074 Calore
1151 3021 1212 3074 et
1246 3013 1409 3074 Luce
1446 3015 1507 3070 in
1544 3011 1748 3086 Coelo,
1784 3033 1853 3072 n:
1900 3016 2035 3072 126
2084 3014 2162 3073 ad
2210 3017 2372 3074 140:
2412 3021 2477 3074 et

363 3111 508 3186 quia
535 3110 745 3186 Ipsum
779 3111 1094 3186 Divinum,
1151 3131 1189 3172 a
1224 3113 1359 3190 Quo
1396 3116 1622 3185 omnia,
1659 3120 1754 3172 est
1787 3114 2043 3172 Divinus
2080 3115 2283 3189 Amor,
2339 3115 2479 3174 ideo

363 3226 604 3288 quoque
629 3209 958 3281 Volunt-as,
990 3229 1126 3271 eum
1161 3213 1235 3274 de
1271 3214 1444 3291 Ipso,
1485 3220 1578 3273 est
1612 3215 1866 3274 Divinus
1894 3213 2095 3288 Amor,
2134 3215 2294 3291 quod
2322 3217 2480 3276 enim

360 3309 504 3388 Ipse
538 3310 725 3369 Amor
757 3310 910 3385 vult,
963 3311 1077 3371 hoc
1113 3319 1208 3372 est
1241 3313 1464 3372 bonum
1498 3314 1767 3384 AmoriS‚
1799 3331 2011 3374 verum
2046 3315 2207 3390 quod
2229 3321 2482 3374 vocatur

363 3409 534 3487 fidei,
591 3417 684 3472 est
720 3411 894 3472 modo
929 3412 1192 3471 medium
1227 3420 1290 3471 ut
1327 3417 1549 3474 existat
1581 3414 1834 3489 bonum,
1892 3421 1951 3474 et
1984 3415 2125 3474 dein
2158 3421 2226 3474 ut
2262 3417 2478 3476 existat

367 3530 446 3572 ex
477 3511 668 3573 bono:
727 3531 800 3572 ex
835 3513 948 3572 hac
985 3514 1210 3589 origine
1267 3519 1360 3572 est
1406 3515 1569 3591 apud
1604 3514 1901 3574 hominem
1941 3514 2239 3574 Voluntas
2274 3521 2336 3576 et
2367 3514 2472 3574 In-

365 3611 686 3685 tellectus‚'
729 3615 1010 3674 voluntas
1049 3619 1143 3674 est
1175 3615 1625 3690 receptaculum
1660 3615 1803 3673 boni
1836 3617 2055 3674 amoris
2090 3615 2255 3692 apud
2286 3613 2469 3687 illum,

365 3718 427 3772 et
448 3713 788 3775 intellectus
821 3721 914 3775 est
942 3714 1391 3791 receptaculum
1410 3716 1537 3774 veri
1560 3714 1700 3774 fidei
1729 3713 1889 3790 apud
1912 3715 2099 3790 illum3
2134 3715 2475 3774 intellectus

365 3819 460 3872 est
493 3815 752 3874 mefflum
787 3821 856 3873 ut
887 3815 1244 3874 reformetur
1268 3814 1565 3890 voluntari,
1606 3821 1667 3874 et
1700 3813 1837 3874 dein
1872 3823 1939 3874 ut
1965 3815 2244 3874 voluntas
2283 3831 2477 3891 appa-

363 3921 495 3972 reat
541 3917 602 3974 in
663 3916 855 3976 forma
901 3915 1094 3992 qualis
1159 3921 1251 3974 est
1297 3931 1408 3990 per
1450 3915 1846 3991 intellectum3
1898 3915 2038 3974 inde
2077 3917 2255 3974 etiam
2291 3919 2478 3991 patet,

365 4014 525 4088 quod
560 4013 856 4076 Voluntas
893 4017 972 4076 sit
1008 4031 1144 4075 esse
1183 4017 1340 4078 vitae
1376 4015 1628 4074 hominis
1649 4059 1665 4088 ,
1725 4023 1786 4074 et
1828 4015 2173 4076 intellectus
2211 4017 2477 4076 existere

365 4112 526 4169 vitae
563 4111 731 4171 inde:
786 4116 898 4174 sed
928 4115 1078 4175 haec
1118 4116 1296 4174 etiam
1330 4115 1569 4193 plenius
1606 4121 1851 4174 ostensa
1883 4115 2201 4176 videantur
2248 4117 2313 4174 in
2346 4102 2479 4173 Ub-

369 4226 592 4268 c'rmm
631 4210 848 4272 Novus
883 4215 1390 4292 Hmaosoumns,
1430 4215 1534 4275 ubi
1570 4218 1764 4294 agitur
1800 4216 1874 4277 de
1911 4215 2237 4277 Voluntate
2274 4221 2336 4275 et
2371 4213 2478 4274 In·-
