2700 4792
283 363 546 430 CAPUT
587 373 996 432 SECUNDUM.
1680 377 1893 434 velis-3:
1939 391 2029 444 ιο.
2189 393 2297 449 ιω

151 537 468 600 concludi
503 542 707 613 potest
741 553 818 596 ex
851 536 968 595 illis
1015 553 1172 612 quae
1218 536 1499 596 dicuntur
1532 537 1695 614 apud
1722 537 2097 601 Matthaeum
2132 541 2295 621 Gap:

156 641 260 699 X:
333 643 460 698 17.
524 637 724 696 Marc:
769 637 956 696 XIII:
1011 639 1068 696 9.
1151 636 1310 696 Luc:
1346 636 1510 696 XII:
1568 641 1675 698 ll.
1754 639 1911 718 Gap:
1947 641 2137 704 XXI:
2185 647 2295 706 12.

159 739 336 800 Joh:
385 738 516 797 IX:
561 741 674 795 22.
727 735 1236 813 Cath11142.
1277 735 1437 813 Cap:
1473 737 1653 799 XVI:
1707 743 1768 798 2.
1805 743 1866 800 3.
1924 741 2103 817 Quod
2135 745 2298 820 apud

161 847 434 918 gentem
477 837 796 897 Judaicam
833 838 1014 895 fucrit
1056 838 1348 896 Doctrina
1385 840 1644 896 omnium
1676 840 1981 917 falsorum,
2020 849 2297 906 constare

158 947 398 1018 potest
439 955 514 996 ex
547 936 750 995 multis
793 953 950 1014 quae
987 936 1062 996 de
1113 936 1218 1023 illa
1253 943 1431 1012 gente
1474 944 1617 996 nota
1650 946 1790 999 sunt
1800 983 1817 1016 ,
1876 941 2035 1017 quod
2080 959 2295 1020 nempe

161 1040 547 1117 negaverint
583 1037 904 1096 Dominum
923 1078 942 1108 ,
989 1037 1148 1113 quod
1190 1036 1379 1095 velint
1411 1037 1700 1098 Messiam
1738 1041 1909 1116 cujus
1944 1057 2195 1117 regnum
2220 1046 2299 1103 sit

165 1143 238 1200 in
282 1141 504 1213 terris,
563 1143 625 1198 et
660 1140 764 1214 qui
802 1138 1024 1198 evehat
1061 1137 1199 1196 illos
1240 1154 1428 1213 supra
1462 1154 1667 1197 omnes
1714 1145 1923 1216 gentes
1958 1143 2019 1198 in
2054 1143 2295 1216 mundo,

172 1241 354 1318 quod
394 1255 627 1297 omnem
657 1237 882 1296 cultum
915 1239 978 1296 in
1005 1240 1268 1296 externis
1302 1243 1555 1312 ponant,
1596 1246 1657 1298 et
1692 1238 1853 1316 quod
1892 1241 2126 1300 interna
2160 1242 2293 1302 cul-

175 1345 284 1400 tus
321 1355 487 1417 quae
522 1347 664 1398 sunt
705 1337 845 1397 fidei
895 1344 956 1396 et
1003 1339 1222 1396 amoris
1263 1339 1326 1396 in
1373 1337 1723 1414 Dominum,
1786 1341 2090 1418 rejiciant,
2138 1342 2297 1420 quod

180 1443 396 1500 omnia
429 1441 492 1496 in
525 1439 728 1499 Verbo
766 1437 842 1496 ad
877 1453 944 1497 se
982 1437 1315 1514 applicent,
1357 1443 1417 1495 et
1456 1437 1608 1496 illud
1632 1457 1743 1516 per
1778 1440 2123 1501 traditiones
2154 1459 2191 1501 a
2225 1459 2292 1503 se

188 1542 470 1600 inventas
497 1531 848 1612 falsificent,
901 1538 1180 1597 videatur
1213 1537 1439 1596 Matth:
1475 1537 1629 1597 XV:
1680 1543 1738 1600 6.
1786 1545 1844 1599 7.
1881 1543 1939 1600 8.
1980 1543 2038 1599 9.
2092 1543 2289 1603 Marc:
2332 1539 2493 1604 [110]

191 1639 327 1699 Vn
342 1659 358 1698 ε
402 1643 428 1698 1
463 1639 540 1698 ad
575 1644 602 1698 1
624 1642 698 1700 3:
753 1655 930 1715 porro
969 1637 1162 1714 qualis
1197 1637 1306 1696 illa
1338 1655 1487 1713 gens
1526 1639 1723 1714 quoad
1749 1641 2033 1701 interiora
2066 1657 2179 1701 sua
2217 1642 2295 1702 ab

169 1741 364 1826 'initio
399 1740 624 1816 fuerat,
679 1745 956 1799 constare
995 1744 1198 1815 potest
1239 1755 1316 1797 ex
1356 1737 1599 1798 Cantico
1636 1740 1823 1800 Mosis
1857 1741 2081 1802 Deutr:
2123 1741 2290 1820 Cap:

183 1839 466 1915 XXXII,
521 1847 583 1901 et
623 1840 765 1900 alibi
798 1840 1058 1916 pluries3
1115 1841 1263 1898 etin
1305 1838 1589 1899 collectis
1634 1858 1708 1900 ex
1746 1840 2021 1902 AneAms
2059 1843 2295 1906 Conna..

187 1959 406 2002 ewinus
441 1943 504 1998 in
537 1942 868 2001 DocrnmA
899 1938 1114 1998 Novae
1148 1937 1633 2020 Hmnosommuf·
1678 1959 1751 2000 n:
1802 1944 1962 2001 248.

355 2043 514 2101 121.
582 2041 672 2100 Ne
708 2043 922 2099 timeas
970 2057 1124 2116 quae
1169 2039 1407 2098 futurus
1461 2057 1527 2099 es
1573 2045 1732 2118 pati,
1797 2041 1956 2118 quod
2003 2044 2295 2120 significet

187 2159 268 2201 ne
308 2141 552 2202 doleant
595 2140 758 2218 quod
799 2139 952 2199 tales
988 2145 1431 2221 persequantur
1472 2157 1611 2216 vos,
1674 2148 1907 2201 constat
1943 2159 2017 2201 ex
2060 2143 2292 2221 elgnifi-

186 2245 426 2302 catione
469 2259 546 2302 ne
583 2243 832 2312 timeae,
885 2257 1018 2299 cum
1059 2239 1132 2298 de
1171 2234 1314 2299 illis
1339 2242 1442 2316 qui
1477 2244 1720 2316 passuri
1763 2249 1902 2301 sunt
1944 2259 2288 2321 persequu-

187 2344 420 2417 tiones„
477 2341 640 2420 quod
689 2344 770 2400 sit
819 2358 896 2399 ne
954 2339 1196 2400 doleant
1243 2341 1457 2415 animo,
1510 2357 1648 2400 nam
1699 2344 1875 2401 timor
1942 2359 2148 2402 eorum
2202 2352 2295 2404 est

191 2445 376 2502 etiam
417 2441 620 2517 dolor:
659 2447 719 2500 et
753 2459 830 2500 ex
863 2440 1292 2517 significatione
1319 2457 1475 2518 quae
1515 2441 1751 2500 futurus
1792 2457 1857 2500 es
1894 2445 2040 2518 pati,
2072 2461 2291 2522 nempe

199 2541 282 2598 ab
322 2541 446 2598 illis
484 2541 584 2616 qui
615 2543 675 2598 in
709 2541 974 2601 doctrina
1009 2543 1268 2600 omnium
1304 2540 1592 2598 falsorum
1618 2547 1775 2615 sunt,
1816 2539 1977 2618 quod
2014 2544 2094 2600 sit
2132 2543 2292 2617 quod

199 2639 360 2700 tales
385 2644 802 2717 persequuturi
826 2643 962 2702 sint.
1023 2639 1240 2718 Agitur
1269 2657 1427 2698 nunc
1456 2639 1529 2698 de
1556 2641 2021 2716 persequutione
2055 2640 2291 2700 illorum

196 2741 306 2818 qui
337 2742 402 2799 in
441 2740 748 2802 affectione
772 2744 900 2802 veri
927 2740 1226 2820 spirituali
1261 2745 1403 2800 sunt
1445 2740 1521 2798 ab
1558 2740 1677 2799 illis
1716 2741 1899 2818 quiin
1920 2739 2121 2800 falsis:
2176 2739 2291 2800 hoc

189 2842 486 2918 imprimis
520 2848 794 2902 constare
827 2847 1031 2920 potest
1067 2859 1141 2901 ex
1167 2840 1286 2900 illis
1322 2841 1425 2919 qui
1461 2841 1615 2900 tales
1642 2841 1703 2898 in
1728 2839 1945 2900 mundo
1972 2842 2293 2918 spirituum

199 2949 350 3016 sunt,
401 2931 476 3001 de
505 2960 624 3018 quo
653 2943 870 3002 mundo
899 2944 1178 3002 videatur
1205 2945 1267 3000 in
1307 2941 1509 3018 Opere
1546 2941 1621 3000 de
1655 2939 1857 3000 Coeno
1890 2958 1971 3000 Μ·
2010 2941 2295 3002 Inrmno

201 3057 270 3098 n:
317 3044 446 3100 421
493 3043 570 3100 ad
603 3045 736 3103 535
761 3087 782 3122 ,
845 3061 986 3102 nam
1030 3043 1114 3102 ibi
1153 3047 1365 3118 patent
1416 3057 1620 3102 omnes
1661 3041 1873 3118 quales
1910 3049 2050 3101 sunt
2095 3043 2291 3119 quoad

200 3141 478 3200 interiora
513 3161 668 3221 quae
709 3150 850 3202 sunt
888 3143 1262 3220 cogitationis
1291 3149 1351 3202 et
1384 3143 1724 3201 intentionis
1739 3187 1755 3217 ‚
1808 3145 2089 3219 quoniam
2124 3145 2293 3220 quis-

203 3257 318 3316 que
351 3239 432 3300 ibi
463 3244 524 3302 in
559 3261 626 3303 se
661 3250 780 3319 est,
821 3247 968 3319 quia
1005 3249 1098 3302 est
1135 3244 1410 3318 spiritus»,
1462 3259 1531 3301 ac
1564 3243 1809 3319 spiritus
1848 3250 1942 3304 est
1983 3245 2087 3321 qui
2122 3247 2289 3320 cogi·-

195 3347 284 3400 tat
319 3349 378 3401 et
414 3343 700 3402 intendit:
759 3359 962 3403 omnes
999 3343 1086 3403 ibi
1119 3345 1371 3420 spiritus
1401 3341 1502 3406 vel
1537 3344 1835 3421 conjuncti
1874 3350 2013 3404 sunt
2044 3343 2289 3404 infernis

187 3442 290 3502 vel
328 3444 628 3520 conjuncti
665 3443 848 3503 coelis
863 3463 880 3520 3
933 3443 1023 3502 illi
1061 3445 1166 3519 qui
1201 3443 1500 3520 conjuncti
1536 3449 1675 3502 sunt
1718 3444 1995 3518 infernis,
2050 3447 2118 3500 ut
2156 3443 2287 3516 pri-

185 3531 352 3601 mu'm
391 3545 810 3620 appercipiunt
847 3544 1106 3620 aliquem
1152 3545 1214 3600 in
1254 3542 1565 3603 affectione
1609 3545 1736 3602 veri
1783 3539 2080 3618 spirituali
2128 3555 2285 3614 esse,

181 3644 482 3718 incipiunt
515 3643 770 3719 flagrare
809 3644 972 3715 odic,
1025 3648 1087 3703 et
1122 3650 1413 3703 conantur
1453 3659 1590 3703 eum
1623 3643 1907 3718 perdere,
1946 3656 2063 3697 non
2098 3639 2287 3696 susti-

183 3749 334 3802 nent
360 3745 556 3802 visum
593 3743 728 3820 ejus
743 3763 760 3819 3
797 3742 1070 3820 plerique
1102 3761 1176 3802 ex
1200 3742 1320 3802 illis
1360 3760 1493 3802 cum
1528 3740 1701 3800 modo
1738 3753 2063 3816 parumper
2086 3738 2290 3813 perci-

181 3846 360 3919 piunt
399 3842 731 3920 jucundum
779 3843 1107 3906 affectionis
1154 3846 1281 3903 veri
1325 3840 1653 3919 spiritualis
1672 3883 1689 3914 ,
1746 3838 1905 3922 quod
1956 3841 2048 3896 est
2093 3838 2293 3914 ipsum

173 3941 512 4019 jucundum
549 3943 728 4018 coeli,
793 3943 942 4003 fiunt
977 3947 1132 4004 sicut
1174 3945 1397 4014 insani,
1462 3946 1521 4000 et
1570 3947 1709 3999 tunc
1756 3937 1906 3998 nihil
1958 3937 2291 4016 jucundius

178 4042 302 4102 illis
343 4048 436 4102 est
473 4061 651 4120 quam
684 4043 748 4102 id
789 4047 1195 4121 exstinguere5
1232 4042 1371 4103 inde
1406 4045 1594 4116 patet,
1631 4039 1790 4116 quod
1826 4041 2024 4102 omnia
2057 4039 2291 4101 inferna

179 4145 302 4202 sint
365 4150 572 4202 contra
633 4143 1008 4204 affectionem
1068 4145 1198 4203 veri
1257 4140 1663 4220 spiritualem,
1736 4148 1797 4201 et
1859 4139 2021 4218 quod
2082 4155 2290 4201 omnes
2400 4167 2403 4172 ·

185 4241 356 4303 Coeli
403 4246 522 4302 sint
563 4245 628 4302 in
671 4244 795 4304 illa.
889 4243 1094 4306 Simile
1140 4245 1296 4304 foret
1339 4245 1403 4302 in
1451 4243 1626 4302 terris
1676 4243 1831 4303 inter
1874 4240 2175 4316 homines,
2239 4241 2294 4298 si
