<?xml version="1.0" encoding="UTF-8"?>
<!DOCTYPE html PUBLIC "-//W3C//DTD XHTML 1.0 Transitional//EN"
    "http://www.w3.org/TR/xhtml1/DTD/xhtml1-transitional.dtd">
<html xmlns="http://www.w3.org/1999/xhtml" xml:lang="en" lang="en">
 <head>
  <title>
</title>
<meta http-equiv="Content-Type" content="text/html;charset=utf-8" />
  <meta name='ocr-system' content='tesseract 3.04.00' />
  <meta name='ocr-capabilities' content='ocr_page ocr_carea ocr_par ocr_line ocrx_word'/>
</head>
<body>
  <div class='ocr_page' id='page_1' title='image "./apocalypsisexpl01unkngoog_0151.png"; bbox 0 0 2700 4792; ppageno 0'>
   <div class='ocr_carea' id='block_1_1' title="bbox 343 398 2297 469">
    <p class='ocr_par' dir='ltr' id='par_1_1' title="bbox 343 398 2297 469">
     <span class='ocr_line' id='line_1_1' title="bbox 343 398 2297 469; baseline 0.007 -15"><span class='ocrx_word' id='word_1_1' title='bbox 343 399 582 454; x_wconf 79' lang='lat' dir='ltr'>CAPUT</span> <span class='ocrx_word' id='word_1_2' title='bbox 623 398 1028 456; x_wconf 86' lang='lat' dir='ltr'>SECUNDUM.</span> <span class='ocrx_word' id='word_1_3' title='bbox 1698 399 1915 469; x_wconf 58' lang='lat' dir='ltr'><strong>VERffi</strong></span> <span class='ocrx_word' id='word_1_4' title='bbox 1976 409 2031 462; x_wconf 80' lang='lat'><strong>8.</strong></span> <span class='ocrx_word' id='word_1_5' title='bbox 2190 415 2297 466; x_wconf 71' lang='lat'><strong>147</strong></span> 
     </span>
    </p>
   </div>
   <div class='ocr_carea' id='block_1_2' title="bbox 87 557 2520 4249">
    <p class='ocr_par' dir='ltr' id='par_1_2' title="bbox 87 557 2520 4249">
     <span class='ocr_line' id='line_1_2' title="bbox 167 557 2295 639; baseline 0.001 -18"><span class='ocrx_word' id='word_1_6' title='bbox 167 579 254 621; x_wconf 79' lang='lat' dir='ltr'><strong>ex</strong></span> <span class='ocrx_word' id='word_1_7' title='bbox 317 560 608 635; x_wconf 73' lang='lat' dir='ltr'>religione</span> <span class='ocrx_word' id='word_1_8' title='bbox 669 557 1012 628; x_wconf 84' lang='lat' dir='ltr'><strong>Pontificia,</strong></span> <span class='ocrx_word' id='word_1_9' title='bbox 1065 563 1126 616; x_wconf 85' lang='lat' dir='ltr'><strong>et</strong></span> <span class='ocrx_word' id='word_1_10' title='bbox 1172 559 1447 633; x_wconf 79' lang='lat' dir='ltr'><strong>quaesivi</strong></span> <span class='ocrx_word' id='word_1_11' title='bbox 1495 575 1637 616; x_wconf 88' lang='lat' dir='ltr'><strong>num</strong></span> <span class='ocrx_word' id='word_1_12' title='bbox 1684 561 1747 618; x_wconf 90' lang='lat' dir='ltr'><strong>in</strong></span> <span class='ocrx_word' id='word_1_13' title='bbox 1782 561 2001 622; x_wconf 88' lang='lat' dir='ltr'><strong>mundo</strong></span> <span class='ocrx_word' id='word_1_14' title='bbox 2039 578 2295 639; x_wconf 83' lang='lat' dir='ltr'><strong>usquam</strong></span> 
     </span>
     <span class='ocr_line' id='line_1_3' title="bbox 167 655 2297 738; baseline 0 -16"><span class='ocrx_word' id='word_1_15' title='bbox 167 661 587 737; x_wconf 80' lang='lat' dir='ltr'><strong>cogitaverint</strong></span> <span class='ocrx_word' id='word_1_16' title='bbox 641 659 714 718; x_wconf 91' lang='lat' dir='ltr'><strong>de</strong></span> <span class='ocrx_word' id='word_1_17' title='bbox 763 659 986 718; x_wconf 88' lang='lat' dir='ltr'><strong>Divino</strong></span> <span class='ocrx_word' id='word_1_18' title='bbox 1036 655 1304 731; x_wconf 81' lang='lat' dir='ltr'>Domini,</span> <span class='ocrx_word' id='word_1_19' title='bbox 1374 657 1652 716; x_wconf 82' lang='lat' dir='ltr'><strong>dixerunt</strong></span> <span class='ocrx_word' id='word_1_20' title='bbox 1702 659 1863 734; x_wconf 88' lang='lat' dir='ltr'><strong>quod</strong></span> <span class='ocrx_word' id='word_1_21' title='bbox 1899 664 2297 738; x_wconf 82' lang='lat' dir='ltr'><strong>cogitaverint</strong></span> 
     </span>
     <span class='ocr_line' id='line_1_4' title="bbox 169 759 2293 840; baseline 0.001 -20"><span class='ocrx_word' id='word_1_22' title='bbox 169 765 426 839; x_wconf 87' lang='lat' dir='ltr'><strong>quoties</strong></span> <span class='ocrx_word' id='word_1_23' title='bbox 466 762 530 818; x_wconf 89' lang='lat' dir='ltr'><strong>in</strong></span> <span class='ocrx_word' id='word_1_24' title='bbox 573 760 846 818; x_wconf 87' lang='lat' dir='ltr'><strong>doctrina</strong></span> <span class='ocrx_word' id='word_1_25' title='bbox 893 775 1026 817; x_wconf 85' lang='lat' dir='ltr'><strong>cum</strong></span> <span class='ocrx_word' id='word_1_26' title='bbox 1075 759 1210 816; x_wconf 87' lang='lat' dir='ltr'><strong>visu</strong></span> <span class='ocrx_word' id='word_1_27' title='bbox 1265 766 1497 833; x_wconf 87' lang='lat' dir='ltr'><strong>essent,</strong></span> <span class='ocrx_word' id='word_1_28' title='bbox 1555 766 1615 818; x_wconf 90' lang='lat' dir='ltr'><strong>et</strong></span> <span class='ocrx_word' id='word_1_29' title='bbox 1650 760 1811 836; x_wconf 90' lang='lat' dir='ltr'><strong>quod</strong></span> <span class='ocrx_word' id='word_1_30' title='bbox 1848 767 1988 820; x_wconf 87' lang='lat' dir='ltr'><strong>tunc</strong></span> <span class='ocrx_word' id='word_1_31' title='bbox 2026 781 2293 840; x_wconf 83' lang='lat' dir='ltr'><strong>agnove-</strong></span> 
     </span>
     <span class='ocr_line' id='line_1_5' title="bbox 166 857 2290 937; baseline 0 -16"><span class='ocrx_word' id='word_1_32' title='bbox 166 865 302 922; x_wconf 85' lang='lat' dir='ltr'><strong>rint</strong></span> <span class='ocrx_word' id='word_1_33' title='bbox 339 862 623 920; x_wconf 88' lang='lat' dir='ltr'><strong>Divinum</strong></span> <span class='ocrx_word' id='word_1_34' title='bbox 656 861 860 937; x_wconf 81' lang='lat' dir='ltr'>Ipsius</span> <span class='ocrx_word' id='word_1_35' title='bbox 894 877 1008 936; x_wconf 88' lang='lat' dir='ltr'><strong>par</strong></span> <span class='ocrx_word' id='word_1_36' title='bbox 1043 857 1264 918; x_wconf 83' lang='lat' dir='ltr'><strong>Divino</strong></span> <span class='ocrx_word' id='word_1_37' title='bbox 1300 858 1531 934; x_wconf 84' lang='lat' dir='ltr'><strong>Patris3</strong></span> <span class='ocrx_word' id='word_1_38' title='bbox 1588 865 1650 917; x_wconf 88' lang='lat' dir='ltr'><strong>at</strong></span> <span class='ocrx_word' id='word_1_39' title='bbox 1686 877 1821 920; x_wconf 86' lang='lat' dir='ltr'><strong>cum</strong></span> <span class='ocrx_word' id='word_1_40' title='bbox 1858 868 2031 920; x_wconf 85' lang='lat' dir='ltr'><strong>extra</strong></span> <span class='ocrx_word' id='word_1_41' title='bbox 2066 863 2290 922; x_wconf 86' lang='lat' dir='ltr'><strong>doctri-</strong></span> 
     </span>
     <span class='ocr_line' id='line_1_6' title="bbox 169 959 2296 1040; baseline 0.001 -20"><span class='ocrx_word' id='word_1_42' title='bbox 169 981 354 1037; x_wconf 85' lang='lat' dir='ltr'><strong>nam,</strong></span> <span class='ocrx_word' id='word_1_43' title='bbox 388 960 550 1038; x_wconf 88' lang='lat' dir='ltr'><strong>quod</strong></span> <span class='ocrx_word' id='word_1_44' title='bbox 583 961 776 1020; x_wconf 89' lang='lat' dir='ltr'><strong>solum</strong></span> <span class='ocrx_word' id='word_1_45' title='bbox 811 960 886 1019; x_wconf 91' lang='lat' dir='ltr'><strong>de</strong></span> <span class='ocrx_word' id='word_1_46' title='bbox 916 959 1192 1018; x_wconf 87' lang='lat' dir='ltr'><strong>Humano</strong></span> <span class='ocrx_word' id='word_1_47' title='bbox 1226 959 1429 1035; x_wconf 82' lang='lat' dir='ltr'>Ipsius</span> <span class='ocrx_word' id='word_1_48' title='bbox 1470 964 1529 1017; x_wconf 91' lang='lat' dir='ltr'><strong>et</strong></span> <span class='ocrx_word' id='word_1_49' title='bbox 1563 977 1683 1018; x_wconf 91' lang='lat' dir='ltr'><strong>non</strong></span> <span class='ocrx_word' id='word_1_50' title='bbox 1712 960 1786 1018; x_wconf 87' lang='lat' dir='ltr'><strong>de</strong></span> <span class='ocrx_word' id='word_1_51' title='bbox 1813 961 2064 1037; x_wconf 79' lang='lat' dir='ltr'><strong>Divin03</strong></span> <span class='ocrx_word' id='word_1_52' title='bbox 2106 981 2296 1040; x_wconf 88' lang='lat' dir='ltr'><strong>quae-</strong></span> 
     </span>
     <span class='ocr_line' id='line_1_7' title="bbox 170 1059 2293 1139; baseline -0 -17"><span class='ocrx_word' id='word_1_53' title='bbox 170 1065 476 1124; x_wconf 82' lang='lat' dir='ltr'><strong>rebantur</strong></span> <span class='ocrx_word' id='word_1_54' title='bbox 519 1078 625 1119; x_wconf 89' lang='lat' dir='ltr'><strong>cur</strong></span> <span class='ocrx_word' id='word_1_55' title='bbox 657 1061 864 1118; x_wconf 88' lang='lat' dir='ltr'><strong>dicunt</strong></span> <span class='ocrx_word' id='word_1_56' title='bbox 898 1059 1058 1136; x_wconf 90' lang='lat' dir='ltr'><strong>quod</strong></span> <span class='ocrx_word' id='word_1_57' title='bbox 1082 1065 1387 1134; x_wconf 77' lang='lat' dir='ltr'><strong>potestaS,</strong></span> <span class='ocrx_word' id='word_1_58' title='bbox 1429 1076 1583 1134; x_wconf 87' lang='lat' dir='ltr'><strong>quae</strong></span> <span class='ocrx_word' id='word_1_59' title='bbox 1612 1061 1725 1118; x_wconf 90' lang='lat' dir='ltr'><strong>fuit</strong></span> <span class='ocrx_word' id='word_1_60' title='bbox 1760 1061 2035 1120; x_wconf 88' lang='lat' dir='ltr'><strong>Humano</strong></span> <span class='ocrx_word' id='word_1_61' title='bbox 2071 1062 2293 1139; x_wconf 86' lang='lat' dir='ltr'><strong>Ipsius,</strong></span> 
     </span>
     <span class='ocr_line' id='line_1_8' title="bbox 173 1148 2291 1240; baseline -0.001 -17"><span class='ocrx_word' id='word_1_62' title='bbox 173 1167 334 1223; x_wconf 85' lang='lat' dir='ltr'><strong>data</strong></span> <span class='ocrx_word' id='word_1_63' title='bbox 375 1165 457 1222; x_wconf 90' lang='lat' dir='ltr'><strong>sit</strong></span> <span class='ocrx_word' id='word_1_64' title='bbox 502 1163 559 1219; x_wconf 90' lang='lat' dir='ltr'><strong>ei</strong></span> <span class='ocrx_word' id='word_1_65' title='bbox 605 1179 641 1218; x_wconf 92' lang='lat' dir='ltr'><strong>a</strong></span> <span class='ocrx_word' id='word_1_66' title='bbox 673 1148 962 1219; x_wconf 80' lang='lat' dir='ltr'><strong>Patreet</strong></span> <span class='ocrx_word' id='word_1_67' title='bbox 987 1176 1104 1217; x_wconf 89' lang='lat' dir='ltr'><strong>non</strong></span> <span class='ocrx_word' id='word_1_68' title='bbox 1142 1177 1176 1217; x_wconf 89' lang='lat' dir='ltr'><strong>a</strong></span> <span class='ocrx_word' id='word_1_69' title='bbox 1220 1158 1300 1220; x_wconf 87' lang='lat' dir='ltr'><strong>Se</strong></span> <span class='ocrx_word' id='word_1_70' title='bbox 1344 1159 1519 1234; x_wconf 85' lang='lat' dir='ltr'><strong>Ipse,</strong></span> <span class='ocrx_word' id='word_1_71' title='bbox 1576 1164 1717 1238; x_wconf 88' lang='lat' dir='ltr'><strong>quia</strong></span> <span class='ocrx_word' id='word_1_72' title='bbox 1758 1159 2043 1220; x_wconf 87' lang='lat' dir='ltr'><strong>Divinum</strong></span> <span class='ocrx_word' id='word_1_73' title='bbox 2085 1163 2291 1240; x_wconf 81' lang='lat' dir='ltr'>Ipsius</span> 
     </span>
     <span class='ocr_line' id='line_1_9' title="bbox 178 1259 2297 1342; baseline -0.001 -18"><span class='ocrx_word' id='word_1_74' title='bbox 178 1269 569 1342; x_wconf 84' lang='lat' dir='ltr'><strong>agnoverunt</strong></span> <span class='ocrx_word' id='word_1_75' title='bbox 628 1279 742 1338; x_wconf 89' lang='lat' dir='ltr'><strong>par</strong></span> <span class='ocrx_word' id='word_1_76' title='bbox 797 1261 1016 1319; x_wconf 79' lang='lat' dir='ltr'><strong>Divino</strong></span> <span class='ocrx_word' id='word_1_77' title='bbox 1076 1259 1304 1335; x_wconf 86' lang='lat' dir='ltr'><strong>Patris,</strong></span> <span class='ocrx_word' id='word_1_78' title='bbox 1378 1267 1520 1320; x_wconf 88' lang='lat' dir='ltr'><strong>tunc</strong></span> <span class='ocrx_word' id='word_1_79' title='bbox 1577 1267 1925 1320; x_wconf 83' lang='lat' dir='ltr'><strong>averterunt</strong></span> <span class='ocrx_word' id='word_1_80' title='bbox 1982 1279 2047 1322; x_wconf 89' lang='lat' dir='ltr'><strong>se</strong></span> <span class='ocrx_word' id='word_1_81' title='bbox 2064 1307 2081 1337; x_wconf 86' lang='lat'><em>‚</em></span> <span class='ocrx_word' id='word_1_82' title='bbox 2149 1263 2297 1322; x_wconf 86' lang='lat' dir='ltr'><strong>nihil</strong></span> 
     </span>
     <span class='ocr_line' id='line_1_10' title="bbox 179 1359 2333 1440; baseline -0 -17"><span class='ocrx_word' id='word_1_83' title='bbox 179 1363 626 1440; x_wconf 86' lang='lat' dir='ltr'><strong>respondentes</strong></span> <span class='ocrx_word' id='word_1_84' title='bbox 639 1381 656 1436; x_wconf 85' lang='lat'><em>3</em></span> <span class='ocrx_word' id='word_1_85' title='bbox 711 1360 822 1420; x_wconf 88' lang='lat' dir='ltr'><strong>sed</strong></span> <span class='ocrx_word' id='word_1_86' title='bbox 857 1360 1080 1418; x_wconf 84' lang='lat' dir='ltr'><strong>dictum</strong></span> <span class='ocrx_word' id='word_1_87' title='bbox 1121 1359 1239 1420; x_wconf 88' lang='lat' dir='ltr'><strong>illis</strong></span> <span class='ocrx_word' id='word_1_88' title='bbox 1281 1367 1407 1432; x_wconf 71' lang='lat' dir='ltr'><strong>ost,</strong></span> <span class='ocrx_word' id='word_1_89' title='bbox 1461 1362 1623 1437; x_wconf 87' lang='lat' dir='ltr'><strong>quod</strong></span> <span class='ocrx_word' id='word_1_90' title='bbox 1662 1377 1851 1422; x_wconf 85' lang='lat' dir='ltr'><strong>causa</strong></span> <span class='ocrx_word' id='word_1_91' title='bbox 1884 1361 2111 1437; x_wconf 80' lang='lat' dir='ltr'><strong>fuerit‚.</strong></span> <span class='ocrx_word' id='word_1_92' title='bbox 2154 1366 2295 1440; x_wconf 83' lang='lat' dir='ltr'><strong>quia</strong></span> <span class='ocrx_word' id='word_1_93' title='bbox 2328 1429 2333 1434; x_wconf 54' lang='grc'>,</span> 
     </span>
     <span class='ocr_line' id='line_1_11' title="bbox 183 1461 2297 1539; baseline -0 -16"><span class='ocrx_word' id='word_1_94' title='bbox 183 1462 626 1524; x_wconf 87' lang='lat' dir='ltr'><strong>transtulerunt</strong></span> <span class='ocrx_word' id='word_1_95' title='bbox 657 1463 720 1519; x_wconf 89' lang='lat' dir='ltr'><strong>in</strong></span> <span class='ocrx_word' id='word_1_96' title='bbox 759 1478 826 1520; x_wconf 89' lang='lat' dir='ltr'><strong>se</strong></span> <span class='ocrx_word' id='word_1_97' title='bbox 867 1477 1098 1520; x_wconf 89' lang='lat' dir='ltr'><strong>omnem</strong></span> <span class='ocrx_word' id='word_1_98' title='bbox 1141 1461 1425 1520; x_wconf 77' lang='lat' dir='ltr'><strong>Divinam</strong></span> <span class='ocrx_word' id='word_1_99' title='bbox 1458 1461 1661 1538; x_wconf 79' lang='lat' dir='ltr'><strong>Ipsius</strong></span> <span class='ocrx_word' id='word_1_100' title='bbox 1702 1468 2091 1539; x_wconf 85' lang='lat' dir='ltr'><strong>potestatem,</strong></span> <span class='ocrx_word' id='word_1_101' title='bbox 2136 1463 2297 1539; x_wconf 88' lang='lat' dir='ltr'><strong>quod</strong></span> 
     </span>
     <span class='ocr_line' id='line_1_12' title="bbox 194 1562 2294 1646; baseline 0 -25"><span class='ocrx_word' id='word_1_102' title='bbox 194 1581 320 1622; x_wconf 85' lang='lat' dir='ltr'><strong>non</strong></span> <span class='ocrx_word' id='word_1_103' title='bbox 363 1565 696 1638; x_wconf 82' lang='lat' dir='ltr'><strong>potuissent</strong></span> <span class='ocrx_word' id='word_1_104' title='bbox 735 1563 852 1620; x_wconf 86' lang='lat' dir='ltr'><strong>nisi</strong></span> <span class='ocrx_word' id='word_1_105' title='bbox 899 1564 1385 1637; x_wconf 81' lang='lat' dir='ltr'><strong>separavissent:</strong></span> <span class='ocrx_word' id='word_1_106' title='bbox 1442 1562 1602 1646; x_wconf 85' lang='lat' dir='ltr'><strong>quod</strong></span> <span class='ocrx_word' id='word_1_107' title='bbox 1638 1563 1931 1624; x_wconf 84' lang='lat' dir='ltr'><strong>Dominus</strong></span> <span class='ocrx_word' id='word_1_108' title='bbox 1984 1563 2149 1640; x_wconf 89' lang='lat' dir='ltr'><strong>apud</strong></span> <span class='ocrx_word' id='word_1_109' title='bbox 2180 1563 2294 1624; x_wconf 87' lang='lat' dir='ltr'><strong>hos</strong></span> 
     </span>
     <span class='ocr_line' id='line_1_13' title="bbox 194 1661 2295 1742; baseline 0 -20"><span class='ocrx_word' id='word_1_110' title='bbox 194 1665 458 1741; x_wconf 85' lang='lat' dir='ltr'><strong>rejectus</strong></span> <span class='ocrx_word' id='word_1_111' title='bbox 518 1665 624 1738; x_wconf 88' lang='lat' dir='ltr'><strong>sit,</strong></span> <span class='ocrx_word' id='word_1_112' title='bbox 702 1665 960 1738; x_wconf 88' lang='lat' dir='ltr'><strong>quisque</strong></span> <span class='ocrx_word' id='word_1_113' title='bbox 1007 1668 1209 1738; x_wconf 87' lang='lat' dir='ltr'><strong>potest</strong></span> <span class='ocrx_word' id='word_1_114' title='bbox 1263 1680 1340 1722; x_wconf 83' lang='lat' dir='ltr'><strong>ex</strong></span> <span class='ocrx_word' id='word_1_115' title='bbox 1397 1679 1467 1721; x_wconf 89' lang='lat' dir='ltr'><strong>eo</strong></span> <span class='ocrx_word' id='word_1_116' title='bbox 1526 1661 1913 1734; x_wconf 81' lang='lat' dir='ltr'><strong>concludere,</strong></span> <span class='ocrx_word' id='word_1_117' title='bbox 1976 1664 2136 1740; x_wconf 89' lang='lat' dir='ltr'><strong>quod</strong></span> <span class='ocrx_word' id='word_1_118' title='bbox 2184 1680 2295 1742; x_wconf 88' lang='lat' dir='ltr'><strong>pro</strong></span> 
     </span>
     <span class='ocr_line' id='line_1_14' title="bbox 185 1761 2291 1840; baseline 0 -17"><span class='ocrx_word' id='word_1_119' title='bbox 185 1765 448 1824; x_wconf 87' lang='lat' dir='ltr'><strong>Domino</strong></span> <span class='ocrx_word' id='word_1_120' title='bbox 484 1761 683 1822; x_wconf 81' lang='lat' dir='ltr'><strong>colant</strong></span> <span class='ocrx_word' id='word_1_121' title='bbox 717 1762 974 1838; x_wconf 84' lang='lat' dir='ltr'><strong>Papam,</strong></span> <span class='ocrx_word' id='word_1_122' title='bbox 1041 1767 1102 1822; x_wconf 88' lang='lat' dir='ltr'><strong>et</strong></span> <span class='ocrx_word' id='word_1_123' title='bbox 1145 1763 1307 1838; x_wconf 88' lang='lat' dir='ltr'><strong>quod</strong></span> <span class='ocrx_word' id='word_1_124' title='bbox 1351 1763 1578 1822; x_wconf 88' lang='lat' dir='ltr'><strong>nullam</strong></span> <span class='ocrx_word' id='word_1_125' title='bbox 1623 1771 1989 1840; x_wconf 82' lang='lat' dir='ltr'><strong>potestatem</strong></span> <span class='ocrx_word' id='word_1_126' title='bbox 2032 1764 2291 1825; x_wconf 89' lang='lat' dir='ltr'><strong>Domino</strong></span> 
     </span>
     <span class='ocr_line' id='line_1_15' title="bbox 183 1862 2291 1942; baseline -0.001 -17"><span class='ocrx_word' id='word_1_127' title='bbox 183 1865 450 1942; x_wconf 84' lang='lat' dir='ltr'><strong>amplius</strong></span> <span class='ocrx_word' id='word_1_128' title='bbox 483 1863 766 1922; x_wconf 83' lang='lat' dir='ltr'><strong>tribuant.</strong></span> <span class='ocrx_word' id='word_1_129' title='bbox 847 1863 963 1922; x_wconf 89' lang='lat' dir='ltr'><strong>Hic</strong></span> <span class='ocrx_word' id='word_1_130' title='bbox 1013 1865 1193 1921; x_wconf 88' lang='lat' dir='ltr'><strong>etiam</strong></span> <span class='ocrx_word' id='word_1_131' title='bbox 1237 1863 1463 1922; x_wconf 86' lang='lat' dir='ltr'><strong>referre</strong></span> <span class='ocrx_word' id='word_1_132' title='bbox 1500 1862 1681 1923; x_wconf 81' lang='lat' dir='ltr'><strong>velim</strong></span> <span class='ocrx_word' id='word_1_133' title='bbox 1716 1882 1997 1942; x_wconf 87' lang='lat' dir='ltr'><strong>magnum</strong></span> <span class='ocrx_word' id='word_1_134' title='bbox 2032 1866 2291 1926; x_wconf 86' lang='lat' dir='ltr'><strong>scanda-</strong></span> 
     </span>
     <span class='ocr_line' id='line_1_16' title="bbox 181 1963 2294 2042; baseline -0.001 -16"><span class='ocrx_word' id='word_1_135' title='bbox 181 1967 312 2026; x_wconf 89' lang='lat' dir='ltr'><strong>lum</strong></span> <span class='ocrx_word' id='word_1_136' title='bbox 361 1964 630 2023; x_wconf 87' lang='lat' dir='ltr'><strong>auditum</strong></span> <span class='ocrx_word' id='word_1_137' title='bbox 675 1981 712 2022; x_wconf 89' lang='lat' dir='ltr'><strong>a</strong></span> <span class='ocrx_word' id='word_1_138' title='bbox 761 1963 960 2040; x_wconf 83' lang='lat' dir='ltr'><strong>Papa,</strong></span> <span class='ocrx_word' id='word_1_139' title='bbox 1033 1965 1135 2039; x_wconf 89' lang='lat' dir='ltr'><strong>qui</strong></span> <span class='ocrx_word' id='word_1_140' title='bbox 1175 1970 1426 2022; x_wconf 88' lang='lat' dir='ltr'><strong>vocatus</strong></span> <span class='ocrx_word' id='word_1_141' title='bbox 1480 1964 1842 2024; x_wconf 85' lang='lat' dir='ltr'><strong>Benedictus</strong></span> <span class='ocrx_word' id='word_1_142' title='bbox 1904 1965 2058 2025; x_wconf 88' lang='lat' dir='ltr'><strong>XIV</strong></span> <span class='ocrx_word' id='word_1_143' title='bbox 2072 1986 2089 2042; x_wconf 87' lang='lat'>3</span> <span class='ocrx_word' id='word_1_144' title='bbox 2144 1965 2294 2024; x_wconf 77' lang='lat' dir='ltr'><strong>dixit</strong></span> 
     </span>
     <span class='ocr_line' id='line_1_17' title="bbox 182 2061 2293 2144; baseline -0.001 -19"><span class='ocrx_word' id='word_1_145' title='bbox 182 2073 426 2144; x_wconf 89' lang='lat' dir='ltr'><strong>aperte,</strong></span> <span class='ocrx_word' id='word_1_146' title='bbox 479 2065 641 2141; x_wconf 89' lang='lat' dir='ltr'><strong>quod</strong></span> <span class='ocrx_word' id='word_1_147' title='bbox 677 2061 1026 2135; x_wconf 83' lang='lat' dir='ltr'><strong>crediderit,</strong></span> <span class='ocrx_word' id='word_1_148' title='bbox 1079 2081 1214 2122; x_wconf 89' lang='lat' dir='ltr'><strong>cum</strong></span> <span class='ocrx_word' id='word_1_149' title='bbox 1249 2067 1310 2122; x_wconf 91' lang='lat' dir='ltr'><strong>in</strong></span> <span class='ocrx_word' id='word_1_150' title='bbox 1347 2065 1568 2123; x_wconf 88' lang='lat' dir='ltr'><strong>mundo</strong></span> <span class='ocrx_word' id='word_1_151' title='bbox 1610 2068 1789 2136; x_wconf 83' lang='lat' dir='ltr'><strong>vixit,</strong></span> <span class='ocrx_word' id='word_1_152' title='bbox 1848 2066 2009 2142; x_wconf 91' lang='lat' dir='ltr'><strong>quod</strong></span> <span class='ocrx_word' id='word_1_153' title='bbox 2034 2067 2293 2126; x_wconf 89' lang='lat' dir='ltr'><strong>Domino</strong></span> 
     </span>
     <span class='ocr_line' id='line_1_18' title="bbox 181 2165 2290 2242; baseline -0.001 -16"><span class='ocrx_word' id='word_1_154' title='bbox 181 2167 357 2226; x_wconf 85' lang='lat' dir='ltr'><strong>nulla</strong></span> <span class='ocrx_word' id='word_1_155' title='bbox 390 2171 661 2242; x_wconf 87' lang='lat' dir='ltr'><strong>potestas</strong></span> <span class='ocrx_word' id='word_1_156' title='bbox 699 2166 804 2240; x_wconf 86' lang='lat' dir='ltr'><strong>sit,</strong></span> <span class='ocrx_word' id='word_1_157' title='bbox 867 2167 1008 2242; x_wconf 88' lang='lat' dir='ltr'><strong>quia</strong></span> <span class='ocrx_word' id='word_1_158' title='bbox 1043 2181 1275 2223; x_wconf 88' lang='lat' dir='ltr'><strong>omnem</strong></span> <span class='ocrx_word' id='word_1_159' title='bbox 1313 2165 1619 2224; x_wconf 84' lang='lat' dir='ltr'><strong>transtulit</strong></span> <span class='ocrx_word' id='word_1_160' title='bbox 1654 2169 1714 2226; x_wconf 90' lang='lat' dir='ltr'><strong>in</strong></span> <span class='ocrx_word' id='word_1_161' title='bbox 1750 2167 1995 2224; x_wconf 90' lang='lat' dir='ltr'><strong>Petrum</strong></span> <span class='ocrx_word' id='word_1_162' title='bbox 2046 2173 2107 2226; x_wconf 88' lang='lat' dir='ltr'><strong>et</strong></span> <span class='ocrx_word' id='word_1_163' title='bbox 2155 2165 2290 2224; x_wconf 89' lang='lat' dir='ltr'><strong>inde</strong></span> 
     </span>
     <span class='ocr_line' id='line_1_19' title="bbox 180 2264 2292 2345; baseline -0.001 -20"><span class='ocrx_word' id='word_1_164' title='bbox 180 2271 246 2325; x_wconf 88' lang='lat' dir='ltr'><strong>in</strong></span> <span class='ocrx_word' id='word_1_165' title='bbox 295 2268 428 2345; x_wconf 81' lang='lat' dir='ltr'><strong>ejus</strong></span> <span class='ocrx_word' id='word_1_166' title='bbox 480 2265 911 2339; x_wconf 82' lang='lat' dir='ltr'><strong>Successores3</strong></span> <span class='ocrx_word' id='word_1_167' title='bbox 964 2264 1190 2323; x_wconf 87' lang='lat' dir='ltr'><strong>addens</strong></span> <span class='ocrx_word' id='word_1_168' title='bbox 1245 2265 1406 2341; x_wconf 86' lang='lat' dir='ltr'><strong>quod</strong></span> <span class='ocrx_word' id='word_1_169' title='bbox 1468 2266 1816 2342; x_wconf 83' lang='lat' dir='ltr'><strong>crediderit,</strong></span> <span class='ocrx_word' id='word_1_170' title='bbox 1873 2267 2032 2342; x_wconf 91' lang='lat' dir='ltr'><strong>quod</strong></span> <span class='ocrx_word' id='word_1_171' title='bbox 2086 2265 2292 2326; x_wconf 81' lang='lat' dir='ltr'><strong>Sancti</strong></span> 
     </span>
     <span class='ocr_line' id='line_1_20' title="bbox 185 2364 2289 2443; baseline -0.002 -16"><span class='ocrx_word' id='word_1_172' title='bbox 185 2385 398 2428; x_wconf 88' lang='lat' dir='ltr'><strong>eorum</strong></span> <span class='ocrx_word' id='word_1_173' title='bbox 423 2364 564 2443; x_wconf 87' lang='lat' dir='ltr'><strong>plus</strong></span> <span class='ocrx_word' id='word_1_174' title='bbox 595 2367 914 2442; x_wconf 84' lang='lat' dir='ltr'><strong>potestatis</strong></span> <span class='ocrx_word' id='word_1_175' title='bbox 949 2365 1214 2424; x_wconf 87' lang='lat' dir='ltr'><strong>habeant</strong></span> <span class='ocrx_word' id='word_1_176' title='bbox 1250 2383 1428 2441; x_wconf 87' lang='lat' dir='ltr'><strong>quam</strong></span> <span class='ocrx_word' id='word_1_177' title='bbox 1456 2367 1771 2437; x_wconf 87' lang='lat' dir='ltr'><strong>Dominus,</strong></span> <span class='ocrx_word' id='word_1_178' title='bbox 1810 2370 1951 2441; x_wconf 83' lang='lat' dir='ltr'><strong>quia</strong></span> <span class='ocrx_word' id='word_1_179' title='bbox 1974 2365 2062 2424; x_wconf 88' lang='lat' dir='ltr'><strong>illi</strong></span> <span class='ocrx_word' id='word_1_180' title='bbox 2094 2385 2130 2424; x_wconf 87' lang='lat' dir='ltr'><strong>a</strong></span> <span class='ocrx_word' id='word_1_181' title='bbox 2156 2365 2289 2424; x_wconf 91' lang='lat' dir='ltr'><strong>Deo</strong></span> 
     </span>
     <span class='ocr_line' id='line_1_21' title="bbox 184 2465 2291 2542; baseline -0.002 -15"><span class='ocrx_word' id='word_1_182' title='bbox 184 2469 372 2527; x_wconf 86' lang='lat' dir='ltr'><strong>Patre</strong></span> <span class='ocrx_word' id='word_1_183' title='bbox 405 2466 575 2525; x_wconf 86' lang='lat' dir='ltr'><strong>illam</strong></span> <span class='ocrx_word' id='word_1_184' title='bbox 607 2467 887 2539; x_wconf 85' lang='lat' dir='ltr'><strong>retinent,</strong></span> <span class='ocrx_word' id='word_1_185' title='bbox 953 2473 1016 2524; x_wconf 90' lang='lat' dir='ltr'><strong>at</strong></span> <span class='ocrx_word' id='word_1_186' title='bbox 1061 2466 1220 2542; x_wconf 91' lang='lat' dir='ltr'><strong>quod</strong></span> <span class='ocrx_word' id='word_1_187' title='bbox 1254 2466 1547 2524; x_wconf 87' lang='lat' dir='ltr'><strong>Dominus</strong></span> <span class='ocrx_word' id='word_1_188' title='bbox 1596 2483 1829 2524; x_wconf 85' lang='lat' dir='ltr'><strong>omnem</strong></span> <span class='ocrx_word' id='word_1_189' title='bbox 1886 2466 2000 2524; x_wconf 87' lang='lat' dir='ltr'><strong>sibi</strong></span> <span class='ocrx_word' id='word_1_190' title='bbox 2036 2465 2291 2524; x_wconf 82' lang='lat' dir='ltr'><strong>abdica-</strong></span> 
     </span>
     <span class='ocr_line' id='line_1_22' title="bbox 87 2563 2289 2642; baseline -0 -20"><span class='ocrx_word' id='word_1_191' title='bbox 87 2616 96 2622; x_wconf 91' lang='lat'><strong>.</strong></span> <span class='ocrx_word' id='word_1_192' title='bbox 191 2568 358 2626; x_wconf 76' lang='lat' dir='ltr'><strong>verit</strong></span> <span class='ocrx_word' id='word_1_193' title='bbox 407 2571 471 2624; x_wconf 89' lang='lat' dir='ltr'><strong>et</strong></span> <span class='ocrx_word' id='word_1_194' title='bbox 513 2563 736 2623; x_wconf 84' lang='lat' dir='ltr'><strong>dederit</strong></span> <span class='ocrx_word' id='word_1_195' title='bbox 781 2565 1164 2626; x_wconf 82' lang='lat' dir='ltr'><strong>Pontificibus</strong></span> <span class='ocrx_word' id='word_1_196' title='bbox 1181 2586 1196 2641; x_wconf 84' lang='lat'>3</span> <span class='ocrx_word' id='word_1_197' title='bbox 1253 2566 1364 2624; x_wconf 89' lang='lat' dir='ltr'><strong>sed</strong></span> <span class='ocrx_word' id='word_1_198' title='bbox 1411 2566 1571 2642; x_wconf 86' lang='lat' dir='ltr'><strong>quod</strong></span> <span class='ocrx_word' id='word_1_199' title='bbox 1610 2583 1802 2641; x_wconf 89' lang='lat' dir='ltr'><strong>usque</strong></span> <span class='ocrx_word' id='word_1_200' title='bbox 1852 2563 2139 2624; x_wconf 86' lang='lat' dir='ltr'><strong>colendus</strong></span> <span class='ocrx_word' id='word_1_201' title='bbox 2194 2565 2289 2637; x_wconf 90' lang='lat' dir='ltr'><strong>sit,</strong></span> 
     </span>
     <span class='ocr_line' id='line_1_23' title="bbox 191 2663 2289 2744; baseline -0.002 -20"><span class='ocrx_word' id='word_1_202' title='bbox 191 2668 343 2744; x_wconf 87' lang='lat' dir='ltr'><strong>quia</strong></span> <span class='ocrx_word' id='word_1_203' title='bbox 377 2665 608 2739; x_wconf 82' lang='lat' dir='ltr'><strong>absque</strong></span> <span class='ocrx_word' id='word_1_204' title='bbox 645 2681 716 2723; x_wconf 86' lang='lat' dir='ltr'><strong>eo</strong></span> <span class='ocrx_word' id='word_1_205' title='bbox 750 2683 860 2724; x_wconf 87' lang='lat' dir='ltr'><strong>non</strong></span> <span class='ocrx_word' id='word_1_206' title='bbox 896 2673 1103 2726; x_wconf 87' lang='lat' dir='ltr'><strong>sancte</strong></span> <span class='ocrx_word' id='word_1_207' title='bbox 1141 2667 1357 2726; x_wconf 88' lang='lat' dir='ltr'><strong>colitur</strong></span> <span class='ocrx_word' id='word_1_208' title='bbox 1394 2667 1585 2742; x_wconf 85' lang='lat' dir='ltr'><strong>Papa.</strong></span> <span class='ocrx_word' id='word_1_209' title='bbox 1659 2665 1896 2740; x_wconf 82' lang='lat' dir='ltr'><strong>Sedis,</strong></span> <span class='ocrx_word' id='word_1_210' title='bbox 1936 2667 2078 2741; x_wconf 87' lang='lat' dir='ltr'><strong>quia</strong></span> <span class='ocrx_word' id='word_1_211' title='bbox 2111 2663 2289 2722; x_wconf 80' lang='lat' dir='ltr'><strong>Divi-</strong></span> 
     </span>
     <span class='ocr_line' id='line_1_24' title="bbox 185 2763 2292 2844; baseline -0.003 -17"><span class='ocrx_word' id='word_1_212' title='bbox 185 2785 330 2828; x_wconf 88' lang='lat' dir='ltr'><strong>num</strong></span> <span class='ocrx_word' id='word_1_213' title='bbox 367 2767 489 2825; x_wconf 86' lang='lat' dir='ltr'><strong>sibi</strong></span> <span class='ocrx_word' id='word_1_214' title='bbox 525 2769 820 2842; x_wconf 78' lang='lat' dir='ltr'><strong>arrogavit</strong></span> <span class='ocrx_word' id='word_1_215' title='bbox 858 2768 1035 2826; x_wconf 81' lang='lat' dir='ltr'><strong>etiam</strong></span> <span class='ocrx_word' id='word_1_216' title='bbox 1081 2774 1220 2842; x_wconf 89' lang='lat' dir='ltr'><strong>post</strong></span> <span class='ocrx_word' id='word_1_217' title='bbox 1267 2773 1548 2841; x_wconf 87' lang='lat' dir='ltr'><strong>mortem,</strong></span> <span class='ocrx_word' id='word_1_218' title='bbox 1614 2773 1754 2844; x_wconf 84' lang='lat' dir='ltr'><strong>post</strong></span> <span class='ocrx_word' id='word_1_219' title='bbox 1804 2765 2032 2842; x_wconf 86' lang='lat' dir='ltr'><strong>aliquot</strong></span> <span class='ocrx_word' id='word_1_220' title='bbox 2066 2763 2195 2822; x_wconf 88' lang='lat' dir='ltr'><strong>dies</strong></span> <span class='ocrx_word' id='word_1_221' title='bbox 2230 2764 2292 2820; x_wconf 89' lang='lat' dir='ltr'><strong>in</strong></span> 
     </span>
     <span class='ocr_line' id='line_1_25' title="bbox 182 2867 976 2944; baseline -0.003 -16"><span class='ocrx_word' id='word_1_222' title='bbox 182 2869 480 2928; x_wconf 80' lang='lat' dir='ltr'><strong>infernum</strong></span> <span class='ocrx_word' id='word_1_223' title='bbox 515 2867 823 2944; x_wconf 84' lang='lat' dir='ltr'><strong>conjectus</strong></span> <span class='ocrx_word' id='word_1_224' title='bbox 867 2875 976 2926; x_wconf 83' lang='lat' dir='ltr'><strong>est.</strong></span> 
     </span>
     <span class='ocr_line' id='line_1_26' title="bbox 345 2965 2293 3046; baseline 0 -20"><span class='ocrx_word' id='word_1_225' title='bbox 345 2973 372 3026; x_wconf 92' lang='lat'>1</span> <span class='ocrx_word' id='word_1_226' title='bbox 397 2972 425 3026; x_wconf 94' lang='lat'>1</span> <span class='ocrx_word' id='word_1_227' title='bbox 448 2969 507 3027; x_wconf 71' lang='grc' dir='ltr'><strong>ὅ.</strong></span> <span class='ocrx_word' id='word_1_228' title='bbox 565 2966 742 3042; x_wconf 80' lang='lat' dir='ltr'><strong>Quod</strong></span> <span class='ocrx_word' id='word_1_229' title='bbox 777 2967 1072 3026; x_wconf 85' lang='lat' dir='ltr'><strong>Dominus</strong></span> <span class='ocrx_word' id='word_1_230' title='bbox 1109 2966 1272 3026; x_wconf 86' lang='lat' dir='ltr'><strong>dicat</strong></span> <span class='ocrx_word' id='word_1_231' title='bbox 1306 2967 1384 3026; x_wconf 87' lang='lat' dir='ltr'><strong>ad</strong></span> <span class='ocrx_word' id='word_1_232' title='bbox 1418 2967 1717 3045; x_wconf 83' lang='lat' dir='ltr'><strong>Angelum</strong></span> <span class='ocrx_word' id='word_1_233' title='bbox 1744 2968 1925 3046; x_wconf 88' lang='lat' dir='ltr'><strong>hujus</strong></span> <span class='ocrx_word' id='word_1_234' title='bbox 1960 2965 2293 3037; x_wconf 84' lang='lat' dir='ltr'><strong>Ecclesiae,</strong></span> 
     </span>
     <span class='ocr_line' id='line_1_27' title="bbox 191 3066 2293 3144; baseline 0.001 -18"><span class='ocrx_word' id='word_1_235' title='bbox 191 3069 320 3144; x_wconf 87' lang='lat' dir='ltr'><strong>Ego</strong></span> <span class='ocrx_word' id='word_1_236' title='bbox 357 3085 492 3126; x_wconf 87' lang='lat' dir='ltr'><strong>sum</strong></span> <span class='ocrx_word' id='word_1_237' title='bbox 523 3067 762 3126; x_wconf 88' lang='lat' dir='ltr'><strong>Primus</strong></span> <span class='ocrx_word' id='word_1_238' title='bbox 802 3073 862 3126; x_wconf 89' lang='lat' dir='ltr'><strong>et</strong></span> <span class='ocrx_word' id='word_1_239' title='bbox 896 3066 1184 3142; x_wconf 89' lang='lat' dir='ltr'><strong>Ultimus,</strong></span> <span class='ocrx_word' id='word_1_240' title='bbox 1241 3067 1361 3143; x_wconf 86' lang='lat' dir='ltr'><strong>Qui</strong></span> <span class='ocrx_word' id='word_1_241' title='bbox 1399 3070 1509 3128; x_wconf 85' lang='lat' dir='ltr'><strong>fuit</strong></span> <span class='ocrx_word' id='word_1_242' title='bbox 1554 3075 1825 3128; x_wconf 90' lang='lat' dir='ltr'><strong>mortuus</strong></span> <span class='ocrx_word' id='word_1_243' title='bbox 1864 3075 1924 3130; x_wconf 88' lang='lat' dir='ltr'><strong>et</strong></span> <span class='ocrx_word' id='word_1_244' title='bbox 1956 3071 2131 3143; x_wconf 82' lang='lat' dir='ltr'><strong>vivit,</strong></span> <span class='ocrx_word' id='word_1_245' title='bbox 2199 3075 2293 3128; x_wconf 90' lang='lat' dir='ltr'><strong>est</strong></span> 
     </span>
     <span class='ocr_line' id='line_1_28' title="bbox 195 3165 2291 3247; baseline 0.001 -21"><span class='ocrx_word' id='word_1_246' title='bbox 195 3169 341 3243; x_wconf 87' lang='lat' dir='ltr'><strong>quia</strong></span> <span class='ocrx_word' id='word_1_247' title='bbox 372 3167 466 3228; x_wconf 89' lang='lat' dir='ltr'><strong>hic</strong></span> <span class='ocrx_word' id='word_1_248' title='bbox 504 3169 702 3244; x_wconf 83' lang='lat' dir='ltr'><strong>agitur</strong></span> <span class='ocrx_word' id='word_1_249' title='bbox 735 3167 810 3228; x_wconf 86' lang='lat' dir='ltr'><strong>de</strong></span> <span class='ocrx_word' id='word_1_250' title='bbox 855 3165 974 3227; x_wconf 86' lang='lat' dir='ltr'><strong>illis</strong></span> <span class='ocrx_word' id='word_1_251' title='bbox 1011 3171 1170 3226; x_wconf 86' lang='lat' dir='ltr'><strong>intra</strong></span> <span class='ocrx_word' id='word_1_252' title='bbox 1202 3169 1537 3230; x_wconf 83' lang='lat' dir='ltr'><strong>Ecclesiam</strong></span> <span class='ocrx_word' id='word_1_253' title='bbox 1578 3172 1680 3247; x_wconf 90' lang='lat' dir='ltr'><strong>qui</strong></span> <span class='ocrx_word' id='word_1_254' title='bbox 1712 3171 1773 3228; x_wconf 89' lang='lat' dir='ltr'><strong>in</strong></span> <span class='ocrx_word' id='word_1_255' title='bbox 1809 3169 2121 3230; x_wconf 87' lang='lat' dir='ltr'><strong>affectione</strong></span> <span class='ocrx_word' id='word_1_256' title='bbox 2162 3171 2291 3228; x_wconf 88' lang='lat' dir='ltr'><strong>veri</strong></span> 
     </span>
     <span class='ocr_line' id='line_1_29' title="bbox 192 3267 2294 3346; baseline 0 -20"><span class='ocrx_word' id='word_1_257' title='bbox 192 3267 489 3344; x_wconf 77' lang='lat' dir='ltr'><strong>spirituali</strong></span> <span class='ocrx_word' id='word_1_258' title='bbox 543 3273 716 3343; x_wconf 88' lang='lat' dir='ltr'><strong>sunt,</strong></span> <span class='ocrx_word' id='word_1_259' title='bbox 787 3270 894 3345; x_wconf 88' lang='lat' dir='ltr'><strong>qui</strong></span> <span class='ocrx_word' id='word_1_260' title='bbox 937 3274 1078 3326; x_wconf 88' lang='lat' dir='ltr'><strong>sunt</strong></span> <span class='ocrx_word' id='word_1_261' title='bbox 1124 3271 1228 3345; x_wconf 86' lang='lat' dir='ltr'><strong>qui</strong></span> <span class='ocrx_word' id='word_1_262' title='bbox 1277 3272 1583 3346; x_wconf 88' lang='lat' dir='ltr'><strong>inquirunt</strong></span> <span class='ocrx_word' id='word_1_263' title='bbox 1631 3287 1778 3330; x_wconf 82' lang='lat' dir='ltr'><strong>vera</strong></span> <span class='ocrx_word' id='word_1_264' title='bbox 1827 3289 1900 3330; x_wconf 88' lang='lat' dir='ltr'><strong>ex</strong></span> <span class='ocrx_word' id='word_1_265' title='bbox 1940 3270 2145 3330; x_wconf 86' lang='lat' dir='ltr'><strong>Verbo</strong></span> <span class='ocrx_word' id='word_1_266' title='bbox 2156 3313 2173 3345; x_wconf 87' lang='lat'><strong>,</strong></span> <span class='ocrx_word' id='word_1_267' title='bbox 2230 3275 2294 3329; x_wconf 87' lang='lat' dir='ltr'><strong>et</strong></span> 
     </span>
     <span class='ocr_line' id='line_1_30' title="bbox 189 3368 2293 3448; baseline -0.001 -20"><span class='ocrx_word' id='word_1_268' title='bbox 189 3384 328 3428; x_wconf 88' lang='lat' dir='ltr'><strong>cum</strong></span> <span class='ocrx_word' id='word_1_269' title='bbox 359 3369 674 3428; x_wconf 84' lang='lat' dir='ltr'><strong>inveniunt</strong></span> <span class='ocrx_word' id='word_1_270' title='bbox 701 3368 836 3443; x_wconf 87' lang='lat' dir='ltr'><strong>illa,</strong></span> <span class='ocrx_word' id='word_1_271' title='bbox 875 3368 1139 3444; x_wconf 83' lang='lat' dir='ltr'><strong>gaudent</strong></span> <span class='ocrx_word' id='word_1_272' title='bbox 1173 3371 1371 3445; x_wconf 85' lang='lat' dir='ltr'><strong>corde,</strong></span> <span class='ocrx_word' id='word_1_273' title='bbox 1412 3371 1606 3430; x_wconf 90' lang='lat' dir='ltr'><strong>solum</strong></span> <span class='ocrx_word' id='word_1_274' title='bbox 1644 3388 1719 3430; x_wconf 82' lang='lat' dir='ltr'><strong>ex</strong></span> <span class='ocrx_word' id='word_1_275' title='bbox 1747 3388 1935 3430; x_wconf 85' lang='lat' dir='ltr'><strong>causa</strong></span> <span class='ocrx_word' id='word_1_276' title='bbox 1970 3373 2111 3448; x_wconf 89' lang='lat' dir='ltr'><strong>quia</strong></span> <span class='ocrx_word' id='word_1_277' title='bbox 2144 3383 2293 3427; x_wconf 87' lang='lat' dir='ltr'><strong>vera</strong></span> 
     </span>
     <span class='ocr_line' id='line_1_31' title="bbox 182 3467 2291 3548; baseline -0.001 -20"><span class='ocrx_word' id='word_1_278' title='bbox 182 3475 360 3545; x_wconf 79' lang='lat' dir='ltr'><strong>sunt3</strong></span> <span class='ocrx_word' id='word_1_279' title='bbox 400 3475 460 3528; x_wconf 88' lang='lat' dir='ltr'><strong>et</strong></span> <span class='ocrx_word' id='word_1_280' title='bbox 498 3468 677 3530; x_wconf 86' lang='lat' dir='ltr'><strong>simul</strong></span> <span class='ocrx_word' id='word_1_281' title='bbox 703 3470 921 3530; x_wconf 85' lang='lat' dir='ltr'><strong>dicitur</strong></span> <span class='ocrx_word' id='word_1_282' title='bbox 949 3467 1048 3528; x_wconf 88' lang='lat' dir='ltr'><strong>hic</strong></span> <span class='ocrx_word' id='word_1_283' title='bbox 1085 3469 1158 3529; x_wconf 88' lang='lat' dir='ltr'><strong>de</strong></span> <span class='ocrx_word' id='word_1_284' title='bbox 1199 3470 1337 3540; x_wconf 84' lang='lat' dir='ltr'><strong>illis,</strong></span> <span class='ocrx_word' id='word_1_285' title='bbox 1375 3474 1478 3548; x_wconf 88' lang='lat' dir='ltr'><strong>qui</strong></span> <span class='ocrx_word' id='word_1_286' title='bbox 1512 3474 1573 3530; x_wconf 90' lang='lat' dir='ltr'><strong>in</strong></span> <span class='ocrx_word' id='word_1_287' title='bbox 1610 3471 1921 3532; x_wconf 83' lang='lat' dir='ltr'><strong>affectione</strong></span> <span class='ocrx_word' id='word_1_288' title='bbox 1960 3471 2086 3530; x_wconf 87' lang='lat' dir='ltr'><strong>veri</strong></span> <span class='ocrx_word' id='word_1_289' title='bbox 2124 3482 2291 3525; x_wconf 89' lang='lat' dir='ltr'><strong>mere</strong></span> 
     </span>
     <span class='ocr_line' id='line_1_32' title="bbox 181 3565 2293 3648; baseline -0.003 -21"><span class='ocrx_word' id='word_1_290' title='bbox 181 3569 453 3628; x_wconf 86' lang='lat' dir='ltr'><strong>naturali</strong></span> <span class='ocrx_word' id='word_1_291' title='bbox 487 3576 652 3644; x_wconf 88' lang='lat' dir='ltr'><strong>sunt,</strong></span> <span class='ocrx_word' id='word_1_292' title='bbox 710 3571 814 3646; x_wconf 88' lang='lat' dir='ltr'><strong>qui</strong></span> <span class='ocrx_word' id='word_1_293' title='bbox 847 3575 990 3628; x_wconf 87' lang='lat' dir='ltr'><strong>sunt</strong></span> <span class='ocrx_word' id='word_1_294' title='bbox 1025 3573 1128 3647; x_wconf 90' lang='lat' dir='ltr'><strong>qui</strong></span> <span class='ocrx_word' id='word_1_295' title='bbox 1159 3587 1279 3628; x_wconf 89' lang='lat' dir='ltr'><strong>non</strong></span> <span class='ocrx_word' id='word_1_296' title='bbox 1311 3572 1616 3648; x_wconf 87' lang='lat' dir='ltr'><strong>inquirunt</strong></span> <span class='ocrx_word' id='word_1_297' title='bbox 1649 3589 1826 3645; x_wconf 87' lang='lat' dir='ltr'><strong>vera,</strong></span> <span class='ocrx_word' id='word_1_298' title='bbox 1874 3586 1985 3628; x_wconf 88' lang='lat' dir='ltr'><strong>nec</strong></span> <span class='ocrx_word' id='word_1_299' title='bbox 2028 3565 2293 3643; x_wconf 85' lang='lat' dir='ltr'><strong>gaudent</strong></span> 
     </span>
     <span class='ocr_line' id='line_1_33' title="bbox 181 3663 2289 3748; baseline -0.002 -22"><span class='ocrx_word' id='word_1_300' title='bbox 181 3669 306 3728; x_wconf 87' lang='lat' dir='ltr'><strong>illis</strong></span> <span class='ocrx_word' id='word_1_301' title='bbox 346 3671 491 3746; x_wconf 86' lang='lat' dir='ltr'><strong>quia</strong></span> <span class='ocrx_word' id='word_1_302' title='bbox 527 3685 676 3728; x_wconf 82' lang='lat' dir='ltr'><strong>vera</strong></span> <span class='ocrx_word' id='word_1_303' title='bbox 715 3677 888 3742; x_wconf 86' lang='lat' dir='ltr'><strong>sunt,</strong></span> <span class='ocrx_word' id='word_1_304' title='bbox 941 3669 1052 3730; x_wconf 91' lang='lat' dir='ltr'><strong>sed</strong></span> <span class='ocrx_word' id='word_1_305' title='bbox 1091 3671 1286 3730; x_wconf 89' lang='lat' dir='ltr'><strong>solum</strong></span> <span class='ocrx_word' id='word_1_306' title='bbox 1325 3674 1720 3748; x_wconf 87' lang='lat' dir='ltr'><strong>acquiescunt</strong></span> <span class='ocrx_word' id='word_1_307' title='bbox 1752 3673 1815 3728; x_wconf 88' lang='lat' dir='ltr'><strong>in</strong></span> <span class='ocrx_word' id='word_1_308' title='bbox 1858 3663 2289 3726; x_wconf 86' lang='lat' dir='ltr'><strong>doctrinalibus</strong></span> 
     </span>
     <span class='ocr_line' id='line_1_34' title="bbox 177 3765 2520 3845; baseline -0.001 -17"><span class='ocrx_word' id='word_1_309' title='bbox 177 3785 334 3828; x_wconf 88' lang='lat' dir='ltr'><strong>suae</strong></span> <span class='ocrx_word' id='word_1_310' title='bbox 369 3767 708 3845; x_wconf 86' lang='lat' dir='ltr'><strong>Ecclesiae,</strong></span> <span class='ocrx_word' id='word_1_311' title='bbox 767 3777 826 3830; x_wconf 89' lang='lat' dir='ltr'><strong>et</strong></span> <span class='ocrx_word' id='word_1_312' title='bbox 859 3787 978 3828; x_wconf 90' lang='lat' dir='ltr'><strong>non</strong></span> <span class='ocrx_word' id='word_1_313' title='bbox 1017 3778 1228 3830; x_wconf 88' lang='lat' dir='ltr'><strong>curant</strong></span> <span class='ocrx_word' id='word_1_314' title='bbox 1262 3773 1315 3830; x_wconf 88' lang='lat' dir='ltr'><strong>si</strong></span> <span class='ocrx_word' id='word_1_315' title='bbox 1347 3771 1455 3832; x_wconf 88' lang='lat' dir='ltr'><strong>illa</strong></span> <span class='ocrx_word' id='word_1_316' title='bbox 1491 3777 1594 3830; x_wconf 86' lang='lat' dir='ltr'><strong>aut</strong></span> <span class='ocrx_word' id='word_1_317' title='bbox 1627 3787 1773 3829; x_wconf 89' lang='lat' dir='ltr'><strong>vera</strong></span> <span class='ocrx_word' id='word_1_318' title='bbox 1808 3773 1911 3827; x_wconf 89' lang='lat' dir='ltr'><strong>aut</strong></span> <span class='ocrx_word' id='word_1_319' title='bbox 1946 3765 2101 3824; x_wconf 84' lang='lat' dir='ltr'><strong>falsa</strong></span> <span class='ocrx_word' id='word_1_320' title='bbox 2135 3765 2253 3822; x_wconf 89' lang='lat' dir='ltr'><strong>sint</strong></span> <span class='ocrx_word' id='word_1_321' title='bbox 2264 3781 2281 3838; x_wconf 85' lang='lat'>3</span> <span class='ocrx_word' id='word_1_322' title='bbox 2325 3777 2488 3841; x_wconf 77' lang='lat'><strong>[104]</strong></span> <span class='ocrx_word' id='word_1_323' title='bbox 2518 3823 2520 3825; x_wconf 81' lang='grc'><em>,</em></span> 
     </span>
     <span class='ocr_line' id='line_1_35' title="bbox 175 3861 2291 3948; baseline -0.002 -20"><span class='ocrx_word' id='word_1_324' title='bbox 175 3869 333 3928; x_wconf 88' lang='lat' dir='ltr'><strong>haec</strong></span> <span class='ocrx_word' id='word_1_325' title='bbox 371 3869 612 3928; x_wconf 87' lang='lat' dir='ltr'><strong>discunt</strong></span> <span class='ocrx_word' id='word_1_326' title='bbox 643 3874 932 3931; x_wconf 89' lang='lat' dir='ltr'><strong>memoria</strong></span> <span class='ocrx_word' id='word_1_327' title='bbox 971 3877 1180 3946; x_wconf 79' lang='lat' dir='ltr'><strong>tenuS,</strong></span> <span class='ocrx_word' id='word_1_328' title='bbox 1237 3877 1297 3932; x_wconf 89' lang='lat' dir='ltr'><strong>et</strong></span> <span class='ocrx_word' id='word_1_329' title='bbox 1333 3888 1574 3948; x_wconf 88' lang='lat' dir='ltr'><strong>quoque</strong></span> <span class='ocrx_word' id='word_1_330' title='bbox 1612 3869 1962 3928; x_wconf 85' lang='lat' dir='ltr'><strong>confirmant</strong></span> <span class='ocrx_word' id='word_1_331' title='bbox 1997 3883 2074 3925; x_wconf 78' lang='lat' dir='ltr'><strong>ex</strong></span> <span class='ocrx_word' id='word_1_332' title='bbox 2100 3861 2291 3925; x_wconf 81' lang='lat' dir='ltr'><strong>Verbi</strong></span> 
     </span>
     <span class='ocr_line' id='line_1_36' title="bbox 176 3966 2291 4046; baseline -0.002 -18"><span class='ocrx_word' id='word_1_333' title='bbox 176 3986 368 4028; x_wconf 84' lang='lat' dir='ltr'><strong>sensu</strong></span> <span class='ocrx_word' id='word_1_334' title='bbox 405 3969 646 4046; x_wconf 82' lang='lat' dir='ltr'><strong>literae3</strong></span> <span class='ocrx_word' id='word_1_335' title='bbox 703 3978 764 4031; x_wconf 88' lang='lat' dir='ltr'><strong>et</strong></span> <span class='ocrx_word' id='word_1_336' title='bbox 795 3971 912 4032; x_wconf 87' lang='lat' dir='ltr'><strong>hoc</strong></span> <span class='ocrx_word' id='word_1_337' title='bbox 948 3973 1172 4032; x_wconf 85' lang='lat' dir='ltr'><strong>faciunt</strong></span> <span class='ocrx_word' id='word_1_338' title='bbox 1220 3972 1417 4032; x_wconf 87' lang='lat' dir='ltr'><strong>solum</strong></span> <span class='ocrx_word' id='word_1_339' title='bbox 1470 3970 1547 4029; x_wconf 87' lang='lat' dir='ltr'><strong>ad</strong></span> <span class='ocrx_word' id='word_1_340' title='bbox 1594 3966 2017 4045; x_wconf 87' lang='lat' dir='ltr'><strong>aucupandum</strong></span> <span class='ocrx_word' id='word_1_341' title='bbox 2050 3967 2291 4039; x_wconf 84' lang='lat' dir='ltr'><strong>famam,</strong></span> 
     </span>
     <span class='ocr_line' id='line_1_37' title="bbox 171 4069 2291 4148; baseline -0 -20"><span class='ocrx_word' id='word_1_342' title='bbox 171 4069 440 4129; x_wconf 89' lang='lat' dir='ltr'><strong>honores</strong></span> <span class='ocrx_word' id='word_1_343' title='bbox 489 4075 594 4129; x_wconf 88' lang='lat' dir='ltr'><strong>aut</strong></span> <span class='ocrx_word' id='word_1_344' title='bbox 645 4071 880 4131; x_wconf 88' lang='lat' dir='ltr'><strong>lucrum</strong></span> <span class='ocrx_word' id='word_1_345' title='bbox 891 4091 907 4148; x_wconf 87' lang='lat'>3</span> <span class='ocrx_word' id='word_1_346' title='bbox 961 4073 1024 4132; x_wconf 87' lang='lat' dir='ltr'><strong>hi</strong></span> <span class='ocrx_word' id='word_1_347' title='bbox 1073 4079 1213 4132; x_wconf 91' lang='lat' dir='ltr'><strong>sunt</strong></span> <span class='ocrx_word' id='word_1_348' title='bbox 1262 4069 1424 4148; x_wconf 86' lang='lat' dir='ltr'><strong>apud</strong></span> <span class='ocrx_word' id='word_1_349' title='bbox 1462 4087 1613 4146; x_wconf 89' lang='lat' dir='ltr'><strong>quos</strong></span> <span class='ocrx_word' id='word_1_350' title='bbox 1666 4069 1960 4129; x_wconf 88' lang='lat' dir='ltr'><strong>Dominus</strong></span> <span class='ocrx_word' id='word_1_351' title='bbox 1998 4075 2093 4130; x_wconf 86' lang='lat' dir='ltr'><strong>est</strong></span> <span class='ocrx_word' id='word_1_352' title='bbox 2126 4086 2291 4127; x_wconf 83' lang='lat' dir='ltr'><strong>mor-</strong></span> 
     </span>
     <span class='ocr_line' id='line_1_38' title="bbox 173 4169 2293 4249; baseline 0 -22"><span class='ocrx_word' id='word_1_353' title='bbox 173 4177 348 4245; x_wconf 72' lang='lat' dir='ltr'><strong>tune,</strong></span> <span class='ocrx_word' id='word_1_354' title='bbox 415 4169 545 4230; x_wconf 89' lang='lat' dir='ltr'><strong>hoc·</strong></span> <span class='ocrx_word' id='word_1_355' title='bbox 570 4179 690 4247; x_wconf 87' lang='lat' dir='ltr'><strong>est,</strong></span> <span class='ocrx_word' id='word_1_356' title='bbox 741 4173 1019 4249; x_wconf 87' lang='lat' dir='ltr'><strong>rejectus.</strong></span> <span class='ocrx_word' id='word_1_357' title='bbox 1101 4172 1357 4232; x_wconf 86' lang='lat' dir='ltr'><strong>Affectio</strong></span> <span class='ocrx_word' id='word_1_358' title='bbox 1395 4172 1523 4230; x_wconf 84' lang='lat' dir='ltr'><strong>veri</strong></span> <span class='ocrx_word' id='word_1_359' title='bbox 1572 4171 1943 4248; x_wconf 83' lang='lat' dir='ltr'><strong>spiritualis,</strong></span> <span class='ocrx_word' id='word_1_360' title='bbox 2002 4186 2159 4248; x_wconf 89' lang='lat' dir='ltr'><strong>quae</strong></span> <span class='ocrx_word' id='word_1_361' title='bbox 2194 4177 2293 4229; x_wconf 87' lang='lat' dir='ltr'><strong>est</strong></span> 
     </span>
    </p>
   </div>
   <div class='ocr_carea' id='block_1_3' title="bbox 176 4267 2286 4428">
    <p class='ocr_par' dir='ltr' id='par_1_3' title="bbox 176 4267 2286 4428">
     <span class='ocr_line' id='line_1_39' title="bbox 176 4267 2286 4351; baseline -0.001 -24"><span class='ocrx_word' id='word_1_362' title='bbox 176 4287 384 4331; x_wconf 71' lang='lat' dir='ltr'><strong>aniate</strong></span> <span class='ocrx_word' id='word_1_363' title='bbox 424 4287 628 4336; x_wconf 79' lang='lat' dir='ltr'><strong>verum</strong></span> <span class='ocrx_word' id='word_1_364' title='bbox 681 4275 823 4350; x_wconf 84' lang='lat' dir='ltr'><strong>quia</strong></span> <span class='ocrx_word' id='word_1_365' title='bbox 871 4281 964 4334; x_wconf 85' lang='lat' dir='ltr'><strong>est</strong></span> <span class='ocrx_word' id='word_1_366' title='bbox 1011 4291 1250 4351; x_wconf 82' lang='lat' dir='ltr'><strong>verum,</strong></span> <span class='ocrx_word' id='word_1_367' title='bbox 1317 4290 1435 4332; x_wconf 89' lang='lat' dir='ltr'><strong>non</strong></span> <span class='ocrx_word' id='word_1_368' title='bbox 1481 4273 1657 4334; x_wconf 86' lang='lat' dir='ltr'><strong>datur</strong></span> <span class='ocrx_word' id='word_1_369' title='bbox 1702 4290 1879 4349; x_wconf 86' lang='lat' dir='ltr'><strong>quam</strong></span> <span class='ocrx_word' id='word_1_370' title='bbox 1916 4270 2097 4348; x_wconf 80' lang='lat' dir='ltr'><strong>apud..</strong></span> <span class='ocrx_word' id='word_1_371' title='bbox 2132 4267 2286 4342; x_wconf 84' lang='lat' dir='ltr'><strong>illos,</strong></span> 
     </span>
     <span class='ocr_line' id='line_1_40' title="bbox 961 4365 1869 4428; baseline 0.004 -4"><span class='ocrx_word' id='word_1_372' title='bbox 961 4387 969 4393; x_wconf 82' lang='lat'><em>-</em></span> <span class='ocrx_word' id='word_1_373' title='bbox 1721 4375 1804 4428; x_wconf 84' lang='lat'><strong>10</strong></span> <span class='ocrx_word' id='word_1_374' title='bbox 1834 4365 1869 4404; x_wconf 86' lang='grc'>*</span> 
     </span>
    </p>
   </div>
  </div>
 </body>
</html>
