2700 4792
426 393 536 448 140
777 381 1304 451 ,APOCALYPSIS
1347 383 1783 443 EXPLICATA.
1864 383 1913 454 §.
1958 394 2088 449 114.

423 543 838 622 apparentiam
880 541 1014 602 zelo
1063 548 1124 602 et
1157 539 1499 616 affectione,
1566 557 1753 638 eausa
1792 549 1919 616 est,
1970 546 2115 619 quia
2152 550 2293 604 tnnc
2326 545 2513 615 homo,

421 650 492 702 nt
523 641 747 702 dietum
783 649 908 717 est,
965 658 1041 701 ex
1079 659 1188 701 suo
1225 642 1485 702 naturali
1528 642 1771 702 homine
1812 649 1873 702 et
1914 644 2049 721 ejus
2096 647 2385 704 memoria
2416 663 2509 706 eo-

427 745 580 820 gitat
613 748 674 803 et
705 743 998 820 loquitnr3
1039 750 1100 800 at
1126 745 1389 819 cogitare
1428 760 1501 803 ex
1528 759 1637 802 suo
1674 745 1919 819 spiritu,
1957 761 2076 804 non
2102 752 2197 802 est
2238 763 2313 804 ex
2344 752 2508 805 natu·

426 843 538 902 rali
575 843 812 902 homIne
864 848 924 902 et
967 843 1098 920 ejus
1145 845 1459 917 memoria,
1516 842 1626 903 sed
1674 861 1748 903 ex
1794 844 2091 920 spirituali
2138 844 2409 917 homine,
2460 853 2513 905 et

423 944 604 1022 hujus
639 943 756 1004 fide
795 952 854 1002 et
889 943 1232 1002 affectione:
1288 961 1363 1002 ex
1398 943 1511 1002 hoc
1547 943 1741 1002 solum
1782 951 2059 1003 constare
2099 951 2323 1020 potest,
2366 945 2513 1022 quod

423 1045 548 1104 bini
581 1051 776 1104 status
805 1046 923 1104 sint
955 1043 1208 1117 homini,
1251 1051 1310 1102 et
1347 1043 1507 1119 quod
1540 1047 1703 1119 prior
1738 1051 1931 1103 status
1961 1061 2077 1102 non
2112 1044 2312 1104 salvet
2336 1046 2509 1120 illum,

423 1145 535 1204 sed
575 1147 904 1221 posterior3
969 1151 1062 1202 est
1117 1146 1271 1202 enim
1319 1142 1499 1202 homo
1552 1151 1691 1218 post
1741 1153 1989 1203 mortem
2040 1146 2328 1220 spiritus,
2384 1163 2510 1222 ergo

425 1245 620 1322 qualis
655 1244 830 1304 homo
867 1245 978 1303 fuit
1014 1247 1073 1302 in
1109 1243 1328 1302 mundo
1372 1244 1569 1320 quoad
1606 1247 1909 1320 spiritum,
1964 1245 2099 1304 talis
2146 1251 2355 1304 manet
2390 1252 2513 1322 post

427 1362 740 1406 excessum
782 1363 814 1403 e
853 1344 1092 1403 mundo.
1170 1344 1523 1418 Praeterea,
1574 1343 1737 1421 quod
1768 1345 1891 1404 bini
1929 1345 2017 1404 illi
2065 1353 2261 1406 status
2298 1345 2511 1405 homini

424 1447 734 1506 Ecclesiae
775 1447 921 1518 sint,
972 1461 1046 1502 ex
1089 1444 1278 1502 multa
1315 1445 1689 1520 experientia
1730 1445 1933 1504 datum
1969 1453 2063 1504 est
2100 1449 2285 1523 scire,
2341 1447 2507 1506 homo

223 1551 380 1616 [103]
424 1549 576 1607 enim
620 1551 760 1622 post
793 1551 1043 1604 mortem
1086 1547 1238 1602 mitti
1269 1549 1472 1621 potest
1510 1546 1571 1602 in
1610 1551 1929 1622 utrumque
1966 1551 2215 1620 statum,
2264 1552 2329 1606 et
2364 1564 2509 1624 quo-

423 1664 540 1724 qne
599 1644 918 1704 actualiter
961 1645 1022 1702 in
1081 1651 1397 1721 utrumque
1460 1645 1741 1720 mittitur3
1814 1646 1985 1704 multi
2032 1664 2108 1705 ex
2148 1647 2301 1722 illis,
2388 1664 2509 1708 cnm

422 1749 591 1805 missi
625 1751 764 1803 sunt
797 1747 856 1802 in
898 1747 1156 1821 priorem
1195 1752 1450 1813 statum,
1510 1745 1745 1827 loquuti
1794 1753 1933 1803 sunt
1968 1749 2123 1806 sicut
2168 1747 2505 1826 Christiani,

423 1854 483 1907 et
522 1864 596 1905 ex
629 1845 870 1926 loquela
907 1845 1010 1903 illa
1051 1845 1126 1902 ab
1163 1844 1297 1904 aliis
1336 1845 1547 1904 crediti
1582 1851 1719 1904 sunt
1744 1833 1910 1922 'quod
1938 1846 2259 1906 Christiani
2296 1855 2507 1916 essent,

422 1947 530 2006 sed
577 1951 644 2003 ut
697 1945 952 2020 primum
1006 1946 1066 2002 in
1115 1951 1338 2005 statum
1398 1947 1823 2021 posteriorem,
1884 1949 1989 2028 qni
2044 1950 2329 2024 proprius
2390 1952 2506 2008 erat

421 2048 666 2124 spiritus
703 2061 937 2120 eorum,
991 2047 1228 2104 remissi
1264 2053 1430 2118 sunt,
1468 2053 1608 2106 tune
1642 2046 1872 2122 loquuti
1908 2054 2049 2105 sunt
2082 2051 2238 2106 sieut
2265 2051 2501 2124 spiritus

421 2146 726 2217 diabolici,
785 2152 844 2204 et
895 2162 1140 2220 prorsus
1193 2153 1403 2204 contra
1462 2146 1568 2204 illa
1620 2165 1777 2222 quae
1840 2150 2045 2224 prius,
2117 2148 2395 2208 videatur
2448 2151 2503 2206 in

421 2247 620 2325 Opere
669 2246 745 2305 de
796 2244 997 2304 Coeno
1053 2265 1129 2304 m·
1179 2246 1461 2306 Istrum-10
1504 2264 1575 2304 n:
1636 2250 1768 2308 491
1808 2247 1885 2306 ad
1919 2251 2081 2307 498.
2142 2255 2204 2308 et
2253 2251 2395 2309 499
2434 2247 2501 2306 ad

428 2350 505 2407 51
530 2351 584 2405 1.
649 2347 740 2406 Ex
773 2346 868 2405 his
907 2354 1180 2406 constare
1226 2352 1461 2423 potest,
1508 2346 1803 2422 quomodo
1842 2350 2021 2408 etiam
2054 2349 2498 2426 intelligendum

420 2455 540 2524 est,
605 2447 766 2525 quod
820 2447 1112 2505 Dominus
1155 2447 1419 2523 rejectus
1456 2449 1534 2506 sit
1565 2448 1741 2506 hodie
1778 2449 1855 2507 ab
1892 2448 2009 2508 illis
2046 2451 2147 2525 qui
2193 2452 2353 2508 intra
2378 2449 2493 2508 Ee-

417 2550 690 2624 clesiam,
741 2565 960 2624 nempe
1001 2547 1160 2624 quod
1209 2547 1447 2623 quidem
1490 2565 1560 2606 ex
1613 2547 1879 2608 doctrina
1928 2550 2037 2618 sit,
2106 2550 2267 2628 quod
2318 2567 2497 2626 agno-

414 2645 707 2710 scendum
739 2657 796 2710 et
836 2647 1200 2708 eredendum
1237 2649 1316 2706 sit
1353 2647 1636 2708 Divinum
1685 2649 1925 2708 Domini
1971 2652 2033 2708 in
2070 2650 2283 2709 eodem
2319 2649 2500 2726 gradu

414 2767 532 2828 qno
581 2752 864 2809 Divinum
910 2749 1108 2808 Patris
1128 2793 1144 2822 ,
1199 2765 1338 2806 nam
1391 2748 1567 2807 docet
1626 2743 1917 2824 doctrina,
1972 2749 2141 2830 quod
2200 2748 2371 2811 siout
2416 2752 2499 2809 est

412 2848 641 2924 Pater,
696 2850 892 2910 etiam
950 2854 1047 2909 est
1105 2846 1332 2909 Filius
1385 2847 1704 2909 increatus
1720 2893 1739 2918 ,
1802 2850 2098 2931 infinitas
2110 2896 2127 2926 ,
2196 2857 2496 2922 actm-nm,

398 2951 801 3028 ,omnipotens
819 2994 836 3019 ,
897 2948 1118 3024 Deus,
1181 2947 1539 3022 Dominus,
1624 2967 1701 3008 ae
1744 2969 1921 3010 nemo
1972 2949 2225 3012 Eorum
2273 2948 2493 3011 Maxi-

411 3067 557 3108 mus
595 3053 655 3108 et
695 3046 1044 3123 Mnimus,
1108 3048 1382 3111 Primus
1426 3053 1487 3108 et
1541 3047 1853 3126 Ultimus,
1926 3050 2205 3112 videatur
2246 3051 2495 3128 Symbo-

411 3149 536 3207 lum
571 3148 917 3224 Athanasfi3
975 3157 1033 3207 et
1065 3167 1260 3224 usque
1297 3157 1499 3210 tamen
1541 3169 1657 3209 non
1692 3151 1917 3210 adeunt
1952 3159 2013 3211 et
2053 3151 2256 3211 colunt
2290 3152 2493 3211 Domi-

409 3266 554 3308 num
619 3257 678 3309 et
729 3250 932 3326 Ipsius
985 3248 1297 3320 Divinum,
1368 3250 1479 3311 sed
1530 3250 1759 3326 Patris,
1818 3251 1978 3328 quod
2024 3252 2090 3311 fit
2136 3251 2281 3313 dum
2332 3254 2493 3311 orant

407 3349 650 3410 Patrem
701 3359 766 3409 ut
812 3352 1166 3407 misereatur
1213 3358 1463 3428 propter
1510 3351 1754 3425 Filium,
1821 3360 1880 3412 et
1930 3370 2063 3412 cum
2114 3351 2230 3410 hoe
2280 3352 2489 3424 dicunt,

404 3469 652 3528 prorsus
689 3469 806 3510 non
837 3451 1100 3526 cogitant
1127 3450 1200 3510 de
1235 3451 1457 3510 Divino
1484 3434 1755 3527 Domini,
1810 3452 1921 3512 sed
1964 3452 2037 3512 de
2080 3453 2359 3512 Humano
2393 3451 2493 3528 Ip-

403 3555 530 3610 sius
581 3558 864 3629 separato
909 3567 947 3608 a
987 3550 1240 3625 Divino,
1305 3553 1392 3610 ita
1436 3553 1511 3612 de
1558 3552 1837 3612 Humano
1886 3553 2089 3630 Ipsius
2138 3552 2321 3611 simili
2366 3567 2491 3611 cum

403 3653 662 3710 humano
709 3651 954 3711 alterius
991 3652 1274 3728 hominis,
1333 3657 1393 3711 et
1439 3671 1683 3731 quoque
1716 3653 1893 3713 simul
1928 3661 2068 3713 tune
2102 3671 2223 3713 non
2262 3653 2339 3712 de
2380 3665 2491 3711 uno

399 3752 536 3812 Deo
570 3752 680 3811 sed
716 3752 790 3810 de
827 3753 1058 3811 duobus
1109 3759 1214 3811 aut
1265 3753 1491 3812 tribus:
1546 3757 1633 3813 ita
1676 3757 1939 3830 cogitare
1988 3754 2063 3814 de
2108 3754 2365 3813 Domino
2408 3755 2493 3812 est

398 3853 650 3930 rejicere
703 3853 938 3930 Ipsum,
1006 3871 1144 3912 nam
1193 3871 1312 3912 non
1358 3855 1536 3914 simul
1586 3857 1851 3930 cogitare
1897 3855 1971 3914 de
2028 3854 2247 3914 Divino
2296 3854 2491 3931 Ipsius

399 3969 534 4012 enm
589 3952 662 4014 de
714 3955 988 4014 Humano
1037 3934 1269 4032 lpsiuS,
1297 3943 1299 3946 ⁴
1323 3971 1437 4030 per
1483 3957 1923 4032 separationem
1974 3960 2116 4014 tunc
2175 3954 2492 4028 excludunt

393 4053 711 4128 Divinum,
767 4055 925 4132 quod
977 4063 1177 4114 tamen
1231 4071 1350 4112 non
1404 4056 1523 4115 duo
1577 4062 1718 4114 sunt
1766 4055 1874 4114 sed
1912 4073 2031 4114 una
2072 4055 2371 4130 Persona,
2425 4067 2492 4112 ac

393 4173 574 4214 unum
609 4156 834 4217 faciunt
869 4156 1026 4214 sicut
1069 4155 1266 4214 anima
1317 4162 1377 4214 et
1424 4171 1661 4232 eorpus.
1751 4155 2071 4232 Loquutus
2126 4169 2261 4214 sum
2304 4172 2489 4232 quon-

394 4254 528 4314 dam
565 4272 700 4318 eum
736 4255 1074 4333 spiritibus,
1129 4257 1259 4330 qui,
1326 4253 1467 4312 dum
1520 4258 1797 4314 vixerunt
1837 4257 1899 4314 in
1946 4255 2194 4330 mundo«,
2252 4257 2489 4316 fuerunt

2624 3 2663 502 f
