2700 4792
330 369 558 426 οΑΡυΤ
599 369 936 428 mimum.
1709 371 1923 434 VERS:
1968 385 2019 435 τ.
2178 387 2288 440 sn

193 549 345 590 amor
371 539 610 608 regnat,
661 531 798 590 inde
847 537 1082 592 constat
1127 531 1288 608 quod
1329 533 1469 610 ipse
1516 549 1683 593 amor
1734 536 1999 612 aperiat3
2054 539 2115 596 et
2150 540 2293 612 quia

193 635 362 692 omnis
409 649 576 690 amor
619 632 762 691 boni
804 639 864 692 et
900 634 1030 691 veri
1075 638 1168 691 est
1203 649 1240 690 a
1273 632 1564 705 Domino,
1617 635 1891 711 sequitur
1924 634 2084 712 quod
2116 636 2287 696 solus

191 733 462 792 Dominus
501 734 732 810 aperiat
768 734 900 790 vias
941 731 1056 792 illis
1107 734 1214 808 qui
1253 733 1724 793 intromittuntur
1759 737 1822 794 in
1866 735 2132 811 coelum3
2192 739 2290 796 vi·-

193 835 376 892 cissim
425 838 628 892 autem
687 835 830 908 quia
871 835 1060 892 omnis
1101 848 1267 892 amor
1301 833 1444 892 mali
1508 839 1567 892 et
1604 834 1743 893 salsi
1798 841 1893 894 est
1932 851 1969 894 a
2006 836 2135 896 solo
2174 835 2291 898 ho-

188 936 332 994 mine
385 950 498 994 seu
546 935 784 1010 spiritu,
861 934 1132 1009 sequitur
1182 934 1342 1010 quod
1398 935 1532 1010 ipse
1586 936 1836 1012 spiritus
1892 937 2127 1010 aperiat
2174 937 2290 996 sibi

188 1037 334 1092 viam
379 1034 456 1092 ad
501 1033 792 1092 infernum
810 1053 826 1108 ;
892 1032 1004 1092 sed
1047 1032 1160 1092 hoc
1201 1032 1417 1092 melius
1458 1041 1735 1093 constare
1774 1039 1979 1110 potest
2016 1052 2091 1093 ex
2117 1034 2289 1096 Arti-

185 1133 314 1193 culo
351 1137 412 1193 in
463 1132 666 1210 Opere
723 1133 796 1194 de
843 1132 1044 1193 Cotto
1083 1151 1162 1192 Μ·
1205 1151 1471 1192 manno
1532 1151 1603 1194 n:
1656 1135 1789 1194 545
1832 1132 1910 1192 ad
1952 1134 2125 1210 550,
2182 1135 2287 1195 ubi

183 1242 480 1294 ostensum
525 1240 646 1307 est,
703 1233 866 1311 quod
903 1232 1196 1294 Dominus
1249 1236 1547 1294 neminem
1584 1235 1646 1292 in
1680 1234 1973 1293 infernum
2022 1233 2283 1311 dejiciat,

183 1333 285 1394 sed
323 1333 485 1412 quod
521 1336 654 1411 ipse
697 1337 942 1411 spiritus
971 1341 1188 1393 semet:
1248 1333 1406 1410 quod
1444 1337 1581 1394 viae
1622 1335 1683 1392 in
1734 1332 1953 1392 mundo
1992 1334 2289 1411 spirituali

181 1435 291 1493 sint
317 1437 510 1495 cuivis
547 1434 878 1494 secundum
918 1435 1304 1494 intentionem
1331 1435 1707 1510 cogitationis
1748 1435 1911 1511 ejus,
1952 1437 2037 1493 ita
2060 1451 2284 1494 secun-

183 1535 310 1594 dum
350 1535 729 1596 affectionem
759 1552 918 1613 quae
959 1537 1178 1594 amoris
1217 1535 1369 1614 ejus,
1412 1535 1687 1594 videatur
1728 1535 1788 1592 in
1829 1533 2039 1595 codem
2082 1532 2285 1614 Opere

181 1655 244 1694 n:
289 1639 456 1696 479.
505 1637 665 1696 590.
738 1635 912 1712 Quod
937 1634 1182 1694 Inferna
1219 1638 1465 1706 attinet,
1513 1634 1619 1694 illa
1660 1637 1861 1694 omnia
1894 1642 2035 1694 sunt
2058 1635 2283 1711 clausa,

183 1743 236 1798 et
259 1753 561 1812 nusquam
584 1738 802 1813 aperiri
828 1741 1086 1812 possunt
1109 1737 1227 1794 nisi
1255 1751 1330 1794 ex
1356 1737 1753 1812 permissione
1777 1735 2019 1795 Domini
2031 1757 2047 1812 ;
2076 1736 2288 1798 clausa

180 1845 310 1896 sunt
347 1853 422 1896 ex
451 1836 623 1896 malis
655 1842 714 1895 et
745 1837 913 1895 falsis
942 1853 1098 1918 quae
1132 1835 1269 1894 inde
1311 1839 1589 1895 continue
1632 1842 1921 1896 conantur
1947 1843 2281 1913 erumpere,

181 1944 234 1996 et
267 1938 546 1996 damnum
585 1936 806 1996 inferre
845 1936 963 1994 illis
1005 1937 1108 2012 qui
1152 1937 1215 1993 in
1257 1934 1431 1996 bonis
1476 1941 1539 1994 et
1574 1937 1733 1994 veris
1768 1942 1909 1996 sunt
1949 1937 2285 2007 aDomino,

177 2036 246 2096 de
297 2055 426 2114 qua.
474 2054 540 2095 re
589 2039 766 2096 etiam
814 2035 1092 2094 videatur
1143 2038 1205 2093 in
1250 2033 1453 2111 Opere
1502 2034 1579 2097 dc
1640 2034 1841 2111 Col-:no
1884 2051 1963 2096 12:⁶¹·
2005 2036 2287 2098 Immo

176 2155 239 2194 n:
283 2140 418 2197 584
453 2137 528 2196 ad
567 2139 724 2196 592.
777 2138 868 2196 Ex
912 2137 1004 2196 his
1051 2153 1206 2196 nunc
1249 2142 1514 2204 constat,
1572 2135 1866 2212 quomodo
1907 2135 2001 2210 fit,
2048 2143 2111 2196 et
2146 2138 2286 2198 inde

179 2237 468 2314 quomodo
537 2237 986 2316 int-elligendum
1039 2244 1160 2310 est,
1225 2237 1387 2312 quod
1448 2235 1679 2294 habens
1742 2234 1975 2296 clavem
2032 2237 2287 2298 Davidis

179 2341 402 2414 aperiat
456 2343 516 2396 et
569 2355 744 2397 nemo
791 2337 1044 2412 claudit,
1103 2353 1174 2396 ae
1224 2337 1465 2396 claudat
1514 2341 1575 2395 et
1613 2351 1787 2394 nemo
1829 2337 2037 2412 aperit.
2110 2337 2288 2416 Quod

175 2441 478 2513 aperiatur
533 2437 780 2498 Ocelum
827 2437 946 2498 illis
1001 2441 1104 2515 qui
1165 2441 1228 2498 in
1271 2437 1387 2496 fide
1444 2437 1753 2496 charitatis
1790 2443 1958 2510 sunt,
2010 2445 2071 2496 et
2113 2437 2286 2496 clau-

179 2537 358 2594 datur
407 2536 524 2598 illis
575 2541 680 2617 qui
732 2555 850 2598 non
897 2546 1038 2598 sunt
1055 2583 1074 2614 ‚
1148 2546 1241 2600 est
1287 2539 1431 2614 quia
1480 2537 1553 2596 de
1606 2535 1725 2595 illis
1762 2535 1860 2594 hic
1905 2538 2132 2611 agitur,
2188 2537 2283 2596 vi·

175 2637 392 2696 deatur
453 2655 638 2715 supra
695 2657 768 2698 n:
837 2641 975 2698 203
999 2681 1018 2710 ,
1084 2646 1144 2698 et
1199 2641 1342 2717 quia
1378 2638 1483 2716 ‚ini
1534 2637 1637 2714 qui
1689 2639 1751 2696 in
1810 2634 1929 2696 fide
1978 2635 2285 2696 charitatis

175 2746 336 2808 sunt,
390 2741 454 2798 in
487 2739 704 2799 Divino
740 2739 903 2799 Vero
941 2756 978 2797 a
1012 2740 1269 2800 Domino
1308 2745 1468 2809 sunt,
1522 2754 1593 2796 ac
1627 2736 1848 2796 Divino
1886 2736 2047 2796 Vero
2075 2753 2111 2795 a
2146 2735 2279 2794 Do-

171 2841 320 2900 mino
384 2846 482 2900 est
547 2842 736 2899 omnis
793 2841 1089 2916 potentia,
1176 2847 1242 2898 ut
1302 2843 1365 2898 in
1410 2836 1695 2898 Articulis
1764 2839 1869 2915 qui
1914 2853 2051 2897 mox
2096 2851 2280 2914 prae-

173 2939 388 2999 cedunt
443 2946 750 2999 ostensum
801 2948 911 3001 est.
997 2939 1204 3000 Simile
1253 2940 1415 3017 quod
1458 2940 1557 2998 hic
1602 2956 1715 3013 per
1748 2937 1981 2998 clavem
2008 2937 2281 3012 Davidi5‚

171 3043 336 3099 etiam
390 3057 504 3118 per
559 3039 788 3100 clavem
830 3041 998 3100 Petri
1045 3041 1438 3117 significatur.
1504 3039 1579 3100 de
1626 3057 1746 3116 qna
1792 3041 1875 3097 ita
1920 3038 2083 3117 apud
2126 3038 2289 3098 Mat-

171 3140 408 3202 thaeum
459 3183 499 3214 „
519 3139 668 3220 Eyo
703 3139 825 3201 tibi
858 3139 1032 3212 dico,-
1070 3144 1141 3200 tu
1175 3159 1242 3199 es
1276 3137 1543 3210 Peme,
1590 3142 1650 3198 et
1683 3157 1876 3219 cuper
1908 3138 2027 3202 law
2085 3137 2290 3201 Petra

170 3239 510 3323 aedeficabo
557 3257 762 3300 meam
794 3236 1157 3301 Ecclesiam
1170 3285 1192 3310 ,
1240 3245 1300 3298 et
1342 3245 1573 3320 portae
1615 3237 1871 3320 Inferni
1920 3257 2051 3302 non
2082 3257 2285 3319 prae-
2367 3229 2373 3233 ”

170 3337 454 3402 valebunt
489 3358 682 3420 super
713 3338 902 3401 illam
912 3361 942 3412 ,-
989 3345 1048 3400 et
1083 3340 1202 3400 tibi
1240 3337 1401 3400 dabo
1448 3338 1655 3401 claves
1692 3339 1909 3419 Reym‘
1955 3337 2283 3413 coeloram,

169 3443 228 3497 et
257 3439 554 3520 quicquid
591 3439 904 3520 liqavem'e
957 3442 1030 3501 in
1072 3445 1275 3511 terra,
1335 3440 1460 3501 erit
1514 3437 1794 3520 liqatum
1844 3439 1917 3500 in
1964 3436 2175 3510 coelis,
2226 3441 2287 3496 et

166 3540 460 3620 quioquid
503 3539 772 3602 solveris
825 3541 896 3602 in
943 3546 1142 3611 terra,
1208 3541 1332 3602 erit
1374 3537 1655 3603 solut-um
1700 3539 1771 3600 in
1808 3535 1996 3600 coelis
2006 3539 2045 3570 ‘⁶‘
2097 3535 2284 3597 XVI:

173 3631 342 3731 [18.]
385 3644 415 3700 1
435 3643 494 3716 93
525 3659 637 3718 per
661 3643 907 3702 Petrum
933 3643 1016 3702 ibi
1042 3642 1316 3701 similiter
1356 3658 1426 3701 ac
1450 3659 1561 3718 per
1584 3640 1881 3700 Davidem
1912 3635 2284 3714 significatur
2323 3647 2484 3712 [222]

165 3739 220 3798 in
253 3759 542 3819 supremo
596 3757 780 3802 sensu
817 3743 1098 3801 Divinum
1136 3741 1364 3802 Verum
1401 3738 1735 3818 procedens
1787 3756 1825 3796 a
1856 3738 2075 3798 Divino
2108 3735 2283 3796 Bono

165 3837 430 3916 Domini,
456 3859 542 3916 ‘ac
578 3845 639 3902 in
677 3859 863 3903 sensu
897 3845 1130 3902 interno
1169 3859 1346 3903 omne
1380 3856 1587 3900 verum
1624 3857 1659 3896 a
1694 3838 1848 3898 bono
1886 3835 2045 3913 quod
2080 3853 2117 3896 a
2150 3835 2283 3894 Do-

165 3943 352 4018 min03
407 3941 600 4002 simile
653 3945 836 4002 etiam
885 3943 1253 4021 significatur
1298 3959 1412 4018 per
1443 3939 1683 4000 Petram
1734 3939 1796 3996 in
1829 3935 2063 4011 Vei-bn,
2129 3950 2287 4013 quae

164 4044 498 4101 nominatur
533 4059 670 4102 cum
705 4043 883 4103 Petro
921 4050 982 4102 et
1016 4059 1054 4101 a
1089 4059 1210 4120 qua
1241 4043 1463 4100 Petrus
1514 4039 1597 4098 ibi
1631 4043 1912 4098 vocatur:
1972 4036 2288 4098 duodecim

165 4137 456 4219 Discipuli
482 4142 726 4202 Domini
750 4143 1286 4221 repraesentabant
1311 4141 1513 4199 omnia
1530 4157 1676 4199 vera
1704 4145 1765 4198 et
1791 4137 1950 4200 bona
1974 4139 2287 4199 Ecclesiae

163 4240 218 4296 in
251 4242 605 4320 complexu,
661 4243 880 4307 Petrus
917 4243 1144 4302 Verum
1179 4259 1290 4301 sen
1327 4241 1535 4315 fidem,
1588 4240 1629 4300 J
1636 4238 1859 4299 aeobus
1898 4239 2284 4312 Chai-itatem,
